3118 5158
798 851 849 920 74.

255 1051 313 1120 IV.
330 1051 446 1119 Luculli
457 1053 568 1138 kirdly
583 1054 750 1137 pepererit
772 1050 932 1137 biaonyoe,
947 1049 1058 1114 Ictodc
1072 1061 1180 1116 mesas·
1204 1049 1296 1114 burri
1302 1047 1388 1135 flie-

250 1165 323 1249 peto
353 1163 385 1228 cs
414 1160 483 1227 toto
507 1160 699 1247 taramqyci
722 1157 920 1245 odry'obbdpy
956 1159 1042 1224 letati
1056 1158 1264 1224 birtokcccret.
1289 1159 1387 1223 1275.

364 1371 540 1440 bulizlaus
575 1371 637 1440 Dei
670 1371 782 1456 gracia
806 1369 993 1457 Hungarie,
1025 1368 1214 1451 Dalmacie,
1240 1367 1389 1450 Croaoie,

256 1481 369 1566 Rama,
397 1479 521 1565 Seruio,
553 1479 712 1564 Callicle,
743 1479 944 1564 Lodomerie,
978 1477 1136 1544 Cumauie
1169 1476 1388 1561 Bulgarieque

256 1587 328 1653 Rex
353 1585 515 1654 vniuersis
536 1585 659 1654 Christi
684 1585 837 1653 fidelibus
862 1591 1032 1672 presentes
1049 1583 1177 1652 litteras
1192 1581 1389 1668 inspecturis

258 1695 398 1761 salutem
414 1695 448 1760 in
472 1693 592 1762 salutis
607 1691 772 1776 largitore.
796 1690 849 1758 ld
865 1691 1088 1760 uniuersorum
1103 1691 1257 1758 noticiam
1271 1690 1389 1758 barum

256 1799 342 1868 serie
355 1796 518 1868 'volumus
536 1803 724 1887 perueniro;
747 1798 835 1882 quod
850 1799 1006 1883 Magister
1021 1798 1206 1884 Stephanus
1221 1797 1308 1864 lilius
1323 1797 1390 1862 lla

257 1907 353 1992 gistri
378 1905 511 1990 llatbey
527 1906 643 1973 Comes
659 1905 843 1973 Borsiensis
867 1904 1007 1973 dilectus
1033 1911 1066 1971 et
1080 1902 1185 1972 tidelis
1210 1911 1324 1972 noster
1347 1902 1390 1968 ad

258 2017 402 2079 nostram
417 2013 553 2080 renisus
578 2013 791 2098 presenciam,
814 2012 856 2079 de
871 2009 1067 2096 quibusdam
1082 2011 1177 2079 terris
1193 2011 1262 2078 suis
1279 2029 1321 2076 ex
1337 2030 1390 2076 no

223 2179 224 2184 ,
258 2123 330 2185 stra
345 2115 525 2184 donacione
550 2119 612 2185 sibi
637 2119 777 2206 collatis,
802 2138 940 2202 quarum
965 2119 1099 2188 nomina
1122 2119 1157 2185 in
1176 2117 1295 2186 litteris
1311 2115 1392 2183 Stri-

258 2223 425 2309 gonieusis
441 2224 584 2311 Capituli
609 2227 823 2310 presentauit,
848 2246 921 2292 cum
946 2225 1138 2309 quibusdam
1152 2222 1390 2310 jobagionibns

259 2330 366 2398 Castri
380 2331 573 2416 Borsiensis‚
589 2330 645 2415 qui
663 2351 774 2399 coram
789 2329 902 2398 eodem
919 2329 1070 2417 Capitulo
1086 2328 1290 2414 Srigonicnsi
1306 2347 1390 2395 com-

259 2445 445 2524 paruerant,
468 2443 501 2504 et
526 2457 637 2506 eorum
663 2437 797 2506 nomina
821 2439 856 2504 in
872 2437 995 2506 eisdem
1011 2437 1128 2504 litteris
1142 2437 1274 2524 plenius
1289 2435 1391 2502 conti·

258 2547 383 2627 nentur,
409 2545 693 2611 consencientibus
719 2552 751 2612 et
766 2543 1027 2632 permittentibus
1053 2543 1131 2628 alijs
1152 2541 1390 2629 jobagionibus

258 2649 404 2719 eiusdem
421 2650 537 2736 Castri,
566 2652 717 2737 cognatis
732 2651 904 2719 eorundem
930 2657 962 2718 ct
980 2651 1210 2718 commetaneis
1234 2657 1392 2717 terrarum

259 2755 499 2845 predictarum,
532 2777 667 2842 quornm
699 2757 832 2826 nomina
862 2759 897 2824 in
921 2758 1066 2826 eiusdem
1097 2757 1214 2824 litteris
1246 2757 1391 2842 Capituli

261 2870 338 2932 sunt
364 2882 540 2952 expressa,
567 2865 790 2933 concambium
815 2884 873 2932 seu
895 2865 1148 2952 permutacionis
1173 2865 1305 2932 modum
1322 2885 1392 2949 pre·

260 2969 340 3036 latis
359 2971 593 3056 jobagionibus
609 2973 715 3040 Castri
740 2971 924 3039 uolentibus
950 2977 983 3037 et
999 2973 1242 3057 acceptantibus
1259 2979 1391 3058 sponta-

260 3094 324 3143 nea
347 3077 527 3162 uoluntate,
555 3097 627 3144 cum
643 3079 869 3164 supplemento
894 3095 953 3144 seu
980 3075 1168 3168 addimento
1192 3074 1281 3164 (lgy)
1300 3078 1390 3162 quin·

261 3181 420 3267 quaginta
436 3203 619 3250 marcarum
635 3203 695 3269 per
710 3183 872 3270 predictos
881 3184 1076 3268 jobagioncs
1093 3183 1200 3251 Castri
1217 3186 1259 3251 ab
1276 3185 1392 3252 eodem

261 3289 418 3374 llagistro
435 3289 601 3375 Stephano
621 3298 849 3376 acceptarum,
874 3291 1013 3359 asseruit
1028 3310 1064 3357 se
1079 3290 1218 3374 iecisse;
1241 3297 1357 3376 petens
1371 3310 1392 3355 a

262 3397 369 3482 nobis,
393 3401 430 3460 ut
445 3396 509 3480 ipsi
534 3398 722 3464 concambio
749 3417 807 3465 sou
831 3399 1083 3483 permutacionis
1109 3398 1205 3465 modo
1221 3417 1390 3465 assensum

262 3523 322 3570 seu
338 3520 529 3568 consensum
545 3503 683 3586 Regium
698 3507 923 3590 preberemus;
947 3512 1094 3573 nostrum
1116 3505 1230 3572 sibiet
1248 3505 1330 3590 ipsis
1341 3507 1391 3590 jo·

262 3608 459 3694 bagionibus
474 3607 581 3675 Castri
606 3629 703 3696 super
718 3611 781 3680 hoc
805 3611 1012 3698 priuilegium
1040 3609 1258 3679 concedendo.
1284 3612 1391 3678 Tenor

262 3723 373 3784 autem
397 3716 582 3783 litterarum
607 3716 672 3784 iam
698 3717 777 3784 dicti
794 3718 936 3806 Capituli
958 3719 1190 3804 strigoniensis
1208 3717 1388 3804 concambij

91 3882 95 3892 ,
163 3853 166 3858 ·
261 3843 321 3892 seu
336 3822 585 3910 permutationis
600 3827 779 3910 continens,
795 3833 955 3910 quantum
970 3826 1013 3894 ad
1029 3825 1115 3893 bunc
1131 3825 1306 3893 articulum
1322 3846 1391 3912 per·

262 3930 357 4014 tinet,
380 3929 459 3996 talis
474 3935 525 3997 est
540 3954 548 3995 ε

369 4035 651 4105 Excellentissimo
676 4036 805 4106 domino
830 4037 986 4106 Lalirlao
1012 4039 1074 4106 stb.
1091 4037 1249 4124 Magister
1266 4037 1301 4104 b
1318 4037 1392 4104 Pre-

154 4145 157 4151 ’
262 4141 386 4230 positus
412 4149 446 4213 et
462 4140 650 4228 Capitulum
673 4143 820 4212 Ecclesia
837 4144 1070 4228 strigoniensis
1087 4145 1150 4212 stb.
1176 4143 1392 4232 (ltretlrezilr

263 4273 303 4318 aa
319 4253 512 4334 esztergami
527 4250 755 4337 ktptalannalr
770 4272 880 4340 ugyan
893 4252 1029 4322 lato-ki
1040 4253 1201 4337 jelenttse
1212 4253 1266 4319 lV.
1279 4251 1394 4318 Laenio
1500 4295 1502 4299 >

263 4357 448 4446 kirtlyhoz‚
465 4359 548 4426 mint
562 4357 690 4445 ulabb.)

370 4465 439 4532 llos
471 4465 582 4550 itaque
608 4467 703 4534 iustis
733 4467 953 4553 peticionibus
978 4465 1123 4536 eiusdem
1147 4466 1298 4551 llaglstri
1325 4466 1393 4534 Ste-

249 4561 366 4658 'pbani
380 4571 606 4640 fauorabiliter
621 4573 781 4663 inclinati,
797 4575 917 4661 prefati
934 4575 1052 4662 cambij
1071 4595 1128 4643 seu
1143 4573 1395 4662 permutationis
