3140 5150
619 315 779 416 Q

128 521 246 603 gnaret
259 512 336 582 liliis
362 511 455 581 Baan
480 517 512 580 ct
536 510 614 581 liliis
640 511 756 581 Oosmc
780 508 986 598 supradictis,
1011 509 1263 580 contradictores

129 621 342 692 nihilominus
358 621 402 690 ad
417 627 562 690 nostram
588 623 793 708 presenciam
808 621 984 688 enecando.
1008 617 1103 700 Quod
1129 617 1262 703 quidem

130 729 322 818 Capitulum
337 713 465 796 demum
482 728 649 815 rescripsit
664 729 768 815 nobis,
784 729 889 816 ipsam
905 736 1025 796 terram
1041 745 1114 796 esse
1123 726 1262 794 vacuam

130 848 163 910 et
178 843 290 908 nostre
307 834 478 904 collacioni
495 835 722 922 pertinentem,
748 843 780 902 et
800 835 885 919 quod
899 834 934 902 in
950 835 1098 903 eiusdem
1114 833 1261 902 reambu·

128 947 258 1017 lacione
275 953 308 1014 et
323 946 505 1014 statucione
521 945 631 1013 nullus
647 945 809 1014 extitisset
824 945 1049 1014 contradictor.
1064 945 1133 1012 Nos
1149 941 1261 1029 itaque

131 1055 376 1124 considerantes
408 1052 521 1121 fidelia
559 1053 715 1137 obsequia
750 1050 887 1137 predicti
913 1051 1062 1138 Magistri
1087 1051 1198 1120 Batiai
1227 1053 1262 1120 in
1364 1055 1367 1060 '

128 1163 280 1233 omnibus
297 1159 563 1247 expeditionibus
581 1166 614 1226 et
628 1159 740 1227 arduis
757 1158 856 1227 lactis
874 1162 986 1246 Regno
1006 1159 1146 1227 fideliter
1166 1159 1254 1228 exhi·

130 1273 211 1360 bita,
236 1268 441 1339 scandentes
466 1269 569 1336 eciam
596 1265 843 1353 promissionem
864 1265 1000 1351 predicti
1024 1267 1146 1334 domini
1162 1267 1262 1353 Regis

129 1381 186 1446 aui
201 1380 305 1448 nostri
319 1379 404 1466 ipsis
421 1377 553 1464 factam,
578 1383 791 1444 memoratam
815 1383 937 1444 terram
961 1377 1087 1444 Bossan
1113 1376 1177 1463 ipsi
1192 1377 1260 1443 lla·

129 1489 234 1573 gistro
253 1489 381 1574 Barleo,
405 1508 465 1554 nec
490 1507 555 1552 non
581 1483 771 1574 Budimero,
793 1485 954 1571 Jeruslao,
979 1484 1135 1568 Gregorio
1154 1482 1261 1551 frami-

128 1599 191 1665 bus
207 1597 286 1684 suis,
303 1596 461 1664 acaciam
484 1594 560 1660 tiliis
578 1593 693 1662 Gosme
720 1593 874 1660 auunculi
900 1593 951 1662 sui
968 1591 1147 1679 supradicti
1163 1599 1194 1659 et
1211 1610 1261 1658 eo·

130 1727 201 1773 rum
219 1703 360 1792 posteris
376 1724 415 1770 ac
430 1703 673 1771 successoribus
689 1701 722 1768 in
739 1699 963 1770 concambium
982 1703 1053 1768 sinc
1069 1698 1261 1787 permutaci-

129 1833 226 1880 onem
257 1819 413 1879 terrarum
445 1830 575 1878 suarum
593 1811 684 1896 ipsos
708 1809 742 1876 in
766 1814 854 1876 terra
879 1807 1035 1876 Sarkowz
1061 1817 1093 1876 et
1116 1808 1193 1875 aliis
1218 1805 1262 1874 ad

129 1919 293 2006 Visegrad
307 1919 529 2006 spectantibus
555 1919 816 2004 contingencinm
841 1939 914 1985 cum
939 1919 1087 1987 omnibus
1113 1915 1260 1985 utilitati-

129 2031 191 2096 bos
217 2047 258 2094 ac
284 2025 444 2094 uniuersis
470 2025 728 2095 circumstanciis
754 2025 822 2094 suis
849 2026 1000 2095 dedimus
1021 2027 1215 2095 donauimus
1231 2033 1262 2092 et

132 2135 330 2204 contulimus
340 2135 416 2219 Jure
432 2142 588 2222 perpetuo
607 2141 640 2201 et
655 2135 914 2203 irreuocabiliter
933 2134 1174 2222 possidendam,
1199 2135 1261 2202 snb

129 2243 246 2311 iisdem
261 2243 357 2309 metis
373 2246 405 2309 et
420 2236 575 2327 torminis,
595 2241 710 2326 quibus
726 2242 833 2328 ipsum
849 2243 1000 2310 Castrum
1010 2243 1135 2328 habuit,
1153 2241 1257 2310 tenuit

131 2359 163 2418 et
179 2349 338 2437 possedit.
362 2351 406 2417 Vt
417 2349 516 2433 igitur
531 2348 628 2417 huius
645 2357 755 2418 nostre
772 2351 965 2418 donacionis
977 2351 1080 2420 series
1096 2353 1193 2419 robur
1209 2351 1261 2418 cb·

133 2459 237 2535 tineat
253 2463 413 2545 perpetue
428 2457 600 2543 firmitatis,
625 2476 684 2523 nce
701 2477 855 2543 processu
879 2441 1061 2545 temporum
1077 2481 1136 2546 per
1152 2479 1261 2546 quem·

133 2566 222 2654 piam
239 2566 351 2634 ualeat
366 2566 399 2631 in
414 2566 540 2632 irritum
555 2565 710 2654 reuocari,
728 2571 894 2650 presentes
910 2566 1028 2635 iisdem
1044 2567 1262 2636 concessimus

130 2676 258 2744 litteras
283 2672 448 2760 dupplicis
475 2672 578 2758 sigilli
605 2673 707 2741 nostri
733 2674 910 2742 munimine
934 2675 1115 2744 roboratas.
1139 2677 1262 2744 Datum

131 2803 190 2868 per
204 2801 322 2850 manus
338 2781 535 2850 venerabilis
552 2780 613 2848 viri
628 2781 753 2850 rdhonne
769 2783 876 2850 Electi
896 2784 1047 2853 Albensis
1064 2786 1140 2852 aule
1150 2791 1260 2852 nostre

130 2889 422 2960 vicecancellarii
432 2889 541 2958 dilecti
553 2897 585 2958 et
595 2891 701 2959 fidelis
717 2893 832 2976 nostri,
850 2913 935 2961 anno
946 2892 1078 2960 Domini
1088 2891 1261 2960 millesimo

131 2999 198 3066 (30ο
215 2999 461 3085 septuagesimo
476 3001 624 3087 septimo,
648 3002 751 3084 Regni
768 3006 876 3068 antem
893 3003 994 3071 nostri
1012 3023 1098 3068 anno
1114 3009 1216 3069 sexto.

131 3179 167 3244 (A
183 3175 288 3244 lrireilyi
302 3176 384 3232 fiscus
398 3178 426 3232 ds
439 3177 689 3248 Basnterczebtnya
712 3177 793 3234 viros
813 3183 887 3234 loeti
910 3182 1024 3249 agykori
1033 3181 1185 3249 jogperualr
1196 3181 1261 3234 mal·

629 3270 753 3338 ltlrlets.)
