3124 5158
806 317 966 416 gm-

329 513 431 582 nostri
447 515 624 580 munimine
638 515 816 581 roboratas.
836 514 955 579 Datum
974 533 1059 580 anno
1074 509 1205 578 Domini
1220 511 1265 576 M⁰
1281 509 1346 577 00⁰
1360 513 1437 576 octo-

328 625 461 708 gesimo,
485 621 636 690 kalendis
651 621 739 707 Maij.

327 819 362 886 (A
385 823 469 874 budai
491 818 681 890 kipttlannak
705 821 816 872 luto-ki
834 779 1140 888 *biconysiglevelebbh
1158 822 1227 870 mint
1244 834 1262 870 a
1274 821 1335 874 200.
1348 837 1383 874 su.
1395 835 1436 880 ις

629 911 741 963 abudai
755 913 807 963 kir.
821 911 945 962 kamarai
963 907 1142 976 leveltirban)

780 1231 992 1242 -—n-——-

851 1723 927 1790 200.

327 1924 358 1990 A
382 1925 481 1990 cudat
506 1922 729 2010 kdptalaaoak
744 1923 1018 2011 bizoaysdpleoele,
1036 1927 1119 2010 bopy
1134 1925 1249 1990 ardeo
1265 1947 1362 1991 cocum
1376 1947 1439 1988 ezec

381 2035 610 2117 adomriayaok
625 2031 856 2099 tooatezte‘tcc
872 2033 986 2097 Pctbco
1001 2033 1165 2098 birtokdba
1181 2035 1397 2099 bciktottatott.

489 2247 502 2283 t
593 2235 623 2299 A
880 2232 907 2296 B
1056 2284 1061 2295 .
1152 2227 1178 2294 O

432 2340 615 2427 Capitulum
639 2339 797 2407 Budensis
816 2339 961 2406 Ecclesia
977 2339 1124 2405 omnibus
1156 2337 1274 2406 Christi
1292 2338 1437 2405 fidelibus

328 2448 443 2534 quibus
470 2454 637 2534 presentes
663 2445 873 2514 ostenduntur
897 2447 1035 2512 salutem
1060 2448 1093 2512 in
1109 2447 1251 2511 omnium
1268 2447 1438 2512 saluatorc.

326 2557 377 2623 Ao
393 2556 616 2622 uniuersorum
642 2555 793 2621 noticiam
819 2560 931 2622 tenore
950 2553 1151 2638 presencium
1169 2553 1319 2620 uolumus
1334 2573 1439 2639 perue-
1544 2567 1545 2612 1

327 2662 415 2749 nire,
439 2661 525 2747 quod
551 2661 594 2727 ad
619 2667 761 2728 nostram
787 2660 946 2728 accedens
966 2661 1170 2746 presenciam
1190 2661 1310 2727 nobilis
1326 2663 1374 2726 vir
1389 2661 1441 2727 Go-

327 2790 395 2837 mcs
425 2771 543 2837 Erdew
572 2769 658 2835 filius
690 2769 823 2835 Comitis
856 2766 1009 2854 Sybrydy
1039 2787 1178 2834 unacum
1213 2766 1348 2834 Otowcb
1378 2767 1442 2834 filio

328 2877 459 2945 Comitis
475 2877 598 2946 Detrici
615 2877 744 2943 homine
759 2875 885 2960 Wgriui
901 2875 1049 2960 Magistri
1060 2875 1314 2942 Tauarnicomm
1325 2875 1441 2942 domini

327 2983 425 3068 Regis
456 2983 600 3053 exhibuit
625 2985 718 3052 nobis
744 2983 869 3051 litteras
900 2983 1004 3069 ipsius
1029 2983 1176 3066 Magistri
1209 2985 1336 3068 Wgrini
1361 2984 1442 3050 hunc
1544 2999 1545 3050 t

327 3099 467 3160 tenorem
486 3093 704 3160 continentes:

433 3201 518 3269 Viris
536 3200 693 3286 diseretis,
712 3199 825 3266 amicis
842 3199 909 3266 suis
924 3199 1121 3268 Reuerendis
1140 3199 1290 3286 Capitulo
1301 3199 1443 3268 Budensi
1544 3257 1545 3282 p

328 3308 480 3393 Wgrinus
511 3308 665 3394 Magister
694 3307 945 3375 inclinacionem
976 3314 1008 3374 et
1038 3307 1184 3375 amicicie
1214 3311 1443 3376 constanciam.
1544 3299 1545 3326 ³

329 3418 407 3484 (ium
432 3437 490 3484 nos
516 3417 671 3503 respectis
696 3417 906 3484 societatibus
933 3423 964 3482 et
990 3416 1145 3502 amioioijs
1169 3417 1286 3485 Mrdew
1311 3418 1443 3486 Comitis

326 3525 485 3612 quasdam
510 3526 606 3592 uillas
631 3531 757 3592 nostras
780 3522 905 3591 Pethen
928 3530 1062 3592 uocatas
1087 3525 1192 3592 eidem
1218 3525 1446 3594 contulerimus

327 3643 480 3722 perpetuo
506 3631 738 3720 possidendas,
764 3631 944 3699 amiciciam
969 3639 1111 3700 neumam
1136 3633 1329 3716 requirimus
1355 3634 1446 3701 conti·

328 3745 457 3827 dentcr;
480 3748 639 3826 quatenus
665 3739 787 3807 homini
812 3746 922 3807 nostro
948 3739 1087 3808 Ocoweb
1112 3743 1242 3808 nomine
1258 3741 1343 3809 dctis
1360 3741 1447 3809 testi-

328 3850 487 3934 monium,
518 3869 625 3916 eoram
650 3868 713 3932 quo
739 3846 826 3912 idem
851 3846 946 3915 homo
972 3855 1080 3916 noster
1105 3850 1205 3916 vadat
1220 3856 1253 3915 ct
1268 3849 1450 3918 reambnlet

328 3968 432 4028 terras
448 3957 490 4024 ad
505 3957 593 4044 ipsas
609 3957 707 4024 uillas
722 3957 936 4041 pertinentes,
962 3963 994 4025 et
1014 3957 1129 4024 erectis
1145 3959 1240 4024 metis
1251 3957 1350 4045 juxta
1365 3957 1449 4024 auti·

328 4086 418 4154 quas,
442 4073 475 4134 et
488 4069 611 4132 statuat
625 4065 741 4130 Erdew
756 4071 937 4150 prenotato.
954 4067 1096 4132 Petimus
1107 4066 1221 4152 eciam,
1239 4065 1325 4148 quod
1341 4072 1450 4132 uestro

326 4173 496 4262 priuilegio
511 4171 602 4258 ipsas
619 4170 763 4238 debeatis
778 4171 977 4257 confirmare,
1002 4178 1095 4257 prout
1119 4171 1153 4238 in
1169 4178 1278 4240 nostro
1294 4173 1451 4240 uidebitis

329 4281 497 4350 contineri.

433 4392 500 4459 Nos
524 4389 741 4477 igiturpipsius
757 4390 850 4458 iustis
866 4389 1078 4475 peticionibus
1093 4391 1251 4478 inclinati,
1269 4411 1343 4458 cum
1360 4389 1453 4457 dieto

330 4497 463 4565 Otowch
488 4499 617 4566 homine
641 4519 700 4567 suo
725 4500 868 4568 misimus
895 4521 992 4566 unum
1012 4522 1052 4566 ox
1066 4502 1160 4568 nobis
1176 4501 1341 4587 ydoneum
1357 4508 1389 4567 et
1405 4499 1456 4567 di-

330 4609 488 4688 seretum,
511 4605 700 4688 Magistrum
726 4607 915 4690 Gregorium
941 4608 1164 4676 karissismum
1189 4609 1312 4677 socium
1327 4616 1359 4676 et
1374 4629 1456 4677 eon·
