3080 5160
798 329 954 432 „Q

322 517 405 616 inter
429 546 465 594 se
490 523 606 594 iecisse
630 524 823 596 recitarunt:
849 526 935 612 qnod
955 524 1040 596 idem
1058 525 1282 614 ccmaogur
1299 524 1442 595 deterre

320 653 380 701 sua
397 633 429 700 in
445 633 612 704 Kereelren
627 633 779 704 existenti
798 635 922 722 prefato
939 636 1108 704 Dominico
1124 635 1215 704 dedit
1230 655 1288 706 seu
1305 636 1440 704 eontulit

319 749 436 810 terram
452 743 496 810 ad
512 743 575 812 duc
591 751 701 812 aratra
716 743 929 813 subicientem
946 751 1074 832 aparte
1089 745 1170 813 ville
1185 742 1280 832 Roylr
1290 743 1438 830 inreper-

321 859 420 936 petuo
435 851 683 939 possidendam
699 851 844 940 prelatus
853 859 961 922 autem
972 853 1161 922 Dominicus
1170 855 1205 920 in
1217 851 1440 920 concambium

322 968 355 1026 et
379 960 648 1046 permutationem
673 961 820 1047 predicte
844 969 931 1030 terre
954 961 1118 1047 quandam
1145 966 1264 1028 terram
1289 980 1383 1028 suam
1407 961 1440 1026 in

321 1069 451 1136 Aracha
477 1068 667 1135 existentem
692 1068 841 1136 similiter
866 1069 909 1135 ad
934 1068 998 1137 duo
1013 1076 1122 1138 aratra
1138 1067 1364 1150 sufficientem,
1380 1088 1441 1152 que

322 1182 498 1244 memorato
514 1176 631 1261 Egidio
647 1177 730 1263 patri
746 1197 805 1244 suo
821 1196 841 1244 a
866 1175 1001 1244 Nicolao
1017 1177 1084 1245 filio
1100 1175 1269 1262 Trystiani
1284 1181 1316 1242 et
1330 1172 1440 1241 fratri·

326 1285 386 1352 bus
411 1284 477 1352 suis
502 1284 610 1352 suerat
628 1283 788 1368 deuolute,
803 1284 1005 1369 presentibus
1022 1286 1144 1352 Comite
1160 1283 1283 1351 Jacobo
1302 1283 1370 1350 filio
1385 1283 1442 1349 Ws

322 1400 356 1459 et
380 1393 536 1476 Magistro
560 1391 735 1458 Benedicta
752 1389 828 1460 'lilio
852 1393 947 1460 Marlr
971 1393 1119 1477 cognatis
1140 1393 1219 1470 suis,
1237 1410 1277 1456 ae
1292 1398 1441 1476 presente

325 1501 421 1566 Petro
445 1499 512 1566 filio
536 1501 621 1568 blixe
646 1519 766 1584 genero
791 1500 935 1569 eiusdem
956 1501 1046 1568 dedit
1060 1522 1117 1568 seu
1135 1499 1277 1568 reddidit
1293 1499 1442 1566 similiter

322 1609 391 1672 iure
415 1615 570 1692 perpetuo
595 1628 651 1675 seu
676 1610 710 1674 in
737 1607 889 1676 heredum
905 1607 1038 1676 beredes
1054 1607 1289 1696 possidendam.
1307 1607 1350 1674 Et
1365 1607 1442 1690 qnia

323 1715 467 1802 predicta
482 1723 567 1782 terra
582 1716 712 1784 Aracha
727 1717 836 1784 utilior
851 1737 922 1784 esse
938 1718 1120 1805 uidebatur,
1131 1717 1215 1785 idem
1226 1715 1342 1783 Comes
1352 1713 1443 1800 Ogur

324 1823 365 1889 ad
381 1825 638 1911 supplementum
654 1833 737 1892 terre
753 1827 917 1893 Kerechen
933 1835 1057 1914 vocate,
1069 1826 1159 1893 dedit
1169 1831 1306 1910 quatuor
1316 1845 1442 1892 marcas

323 1933 490 2001 Dominico
505 1939 696 2022 prenotat03
711 1955 807 2018 quam
824 1935 953 2020 quidem
972 1935 1141 2020 pedrinians
1158 1935 1242 2001 idem
1254 1935 1444 1999 Dominicus

323 2059 359 2108 sc
383 2042 522 2108 asseruit
546 2041 718 2112 abeodem
735 2043 831 2130 plene
849 2045 1018 2130 recepisse.
1035 2045 1155 2111 Datum
1172 2043 1275 2110 tercio
1291 2041 1345 2108 die
1361 2049 1444 2109 oola-

326 2169 439 2217 uarum
455 2151 557 2218 Pasce
574 2171 660 2220 anno
676 2151 806 2218 Domini
822 2151 867 2218 bl⁰
884 2151 948 2218 00⁰
963 2151 1101 2218 LXXX⁹
1120 2151 1236 2237 primo.

260 2460 264 2470 Ι
325 2385 460 2450 (Eredetie
474 2383 648 2454 bdrb‘drtytrr,
660 2381 884 2454 bdrtyazsinegcn
907 2386 989 2454 tuggo
1001 2385 1094 2454 peccet
1106 2387 1190 2450 alattr
1204 2401 1222 2438 ι
1234 2385 1319 2439 budai
1332 2386 1383 2439 kir.
1398 2388 1447 2441 lra-

742 2481 828 2530 marai
840 2475 1028 2546 lcvdltdrban,)

780 2803 988 2818 W

846 3271 923 3340 233.

521 3471 735 3561 Vopcecdaleci
752 3473 923 3540 inldalccde's
940 3471 1145 3562 Spalato'bar.
1164 3471 1261 3538 1281.

435 3694 471 3758 ln
499 3691 625 3757 nomine
649 3690 711 3756 Dei
737 3691 838 3756 eterni
857 3686 1078 3756 Amandone
1094 3687 1285 3756 Natiuitatis
1301 3686 1452 3755 eiusdem

328 3800 502 3867 millesimo
519 3800 736 3867 ducentesimo
747 3799 940 3884 octogesimo
949 3797 1062 3884 primo,
1079 3795 1260 3864 indiccione
1275 3817 1374 3885 nona,
1392 3795 1451 3863 dic

327 3907 427 3974 tercio
454 3914 591 3974 exeunte
610 3908 750 3992 biarcio;
768 3912 925 3990 regnante
941 3905 1081 3972 Domino
1097 3909 1205 3970 nostro
1221 3903 1379 3972 Ladislao
1395 3906 1455 3972 Se·

326 4016 495 4085 renissimc
521 4017 610 4101 Rege
634 4015 796 4105 Ungarie;
822 4014 1017 4101 temporibus
1034 4011 1158 4080 domini
1173 4013 1332 4081 Jobannis
1348 4033 1451 4082 uene-

326 4125 440 4194 rabilis
465 4111 669 4212 spalatensis
693 4123 956 4210 Arcbiepisoopi3
992 4121 1114 4190 domini
1138 4121 1282 4189 Mladeui
1315 4121 1455 4189 Comitis

327 4234 496 4320 Stepconis
512 4233 615 4302 incliti
632 4233 777 4319 Comitia
795 4230 918 4300 domini
932 4233 1005 4298 Vite
1022 4230 1135 4298 (luerni
1151 4231 1262 4315 llerge
1277 4229 1318 4298 de
1327 4229 1456 4298 ladera

329 4342 450 4428 egregij
478 4341 670 4428 Potestatis3
688 4341 855 4410 Gausiune
880 4343 1037 4428 Duorum,
1066 4339 1184 4408 Leonis
1199 4339 1335 4424 Kareui,
1350 4338 1455 4405 Joseb

329 4453 415 4519 Petri
431 4451 592 4542 Jndieum,
608 4451 787 4520 Radescins
811 4451 1003 4538 pelliparius
1029 4469 1129 4517 sanus
1145 4457 1211 4516 tam
1226 4452 1335 4517 mente
1350 4467 1452 4532 qnam

329 4577 463 4648 corpore
479 4595 519 4608 -
538 4596 581 4608 ·-
599 4597 636 4609 -
656 4560 723 4628 tale
738 4559 798 4627 sibi
814 4558 959 4627 condidit
972 4561 1217 4626 testamentum:
1236 4558 1298 4622 stb.
1319 4557 1383 4623 stb.

438 4667 552 4737 Actum
577 4675 627 4740 est
650 4667 711 4742 boc
735 4673 767 4742 et
782 4669 943 4742 firmatum
957 4667 991 4742 io
1007 4685 1138 4742 camora
1153 4663 1218 4737 roei
1233 4662 1345 4736 domni
1360 4664 1450 4736 buco
