3124 5158
580 377 743 476 *gc

96 567 253 635 (Zsigmond
266 564 414 636 kirtlynuk
428 567 539 624 coticis
551 567 716 635 imsuper,
746 569 820 636 moly
847 573 1019 640 „Demetrius
1039 569 1176 623 litteratus
1195 569 1229 620 ds

97 659 196 712 Vetere
217 661 296 711 Buds
314 667 474 727 procurator
486 661 673 728 religiosorum
693 663 860 714 dominorum
879 662 1125 717 sanctimonialium
1137 660 1170 711 de
1183 661 1227 712 ln·

98 749 159 800 suls
173 745 329 817 Leporum“
343 749 469 804 sorssors
482 752 539 803 kclt
554 753 647 818 „Bude
660 753 728 804 ieris
741 759 838 820 quartu
850 756 971 819 proximu
982 758 1043 820 post
1056 751 1228 804 Dominicsm

238 836 441 892 Reminisoere“
457 843 545 904 1411„
564 841 679 894 sbudei
692 842 742 894 lrir.
757 843 880 894 ksmsrsi
893 837 1084 907 levtlttrbsn.)

631 1567 707 1636 icc.

101 1760 161 1834 IV.
179 1767 295 1834 Medd
309 1767 483 1855 kindlyrtck
501 1768 664 1849 renddete,
686 1769 767 1854 leopy
786 1790 808 1832 c
824 1770 996 1854 veszpremi
1010 1769 1230 1856 kdplalanucls

99 1873 365 1962 Fetempytten
380 1897 401 1939 c
415 1873 499 1940 tized
514 1895 553 1938 az
569 1877 755 1960 muterpcrni
769 1875 985 1960 kdptalcmrcil
995 1875 1142 1942 seclusos
1152 1877 1230 1940 mer·

446 1981 548 2046 telckcl
566 1981 700 2048 odcssc'k
719 1982 762 2047 bi.
788 1984 884 2048 1279.

211 2175 385 2244 Lauinium
409 2177 471 2242 Dei
496 2175 609 2260 grecia
632 2177 703 2242 Rex
727 2175 895 2258 Hungnrie
912 2173 1062 2243 fidelibus
1079 2173 1146 2242 suis
1162 2174 1229 2240 uui-

101 2279 208 2348 uersis
233 2282 349 2366 quibus
375 2280 508 2366 expedit
533 2287 564 2348 et
590 2289 756 2366 presentes
781 2280 994 2349 ostenduntur
1010 2281 1052 2348 de
1068 2279 1230 2350 comitatu

101 2388 240 2454 Albensi
275 2388 413 2456 sulutem
445 2393 477 2454 et
507 2388 661 2470 greciam.
694 2387 825 2456 Fideles
855 2387 958 2456 nostri
983 2389 1172 2473 Propositus
1199 2395 1232 2456 ct

101 2495 290 2580 Capitulum
322 2494 469 2562 Ecclesie
495 2493 758 2580 wesprimiensis
789 2515 849 2564 suc
879 2495 972 2562 nobis
998 2496 1230 2579 conquestione

102 2601 279 2670 efficaciter
303 2601 584 2687 demonstrarunt,
608 2600 696 2686 quod
715 2622 772 2671 uos
789 2602 851 2668 Dei
867 2603 983 2669 timore
998 2601 1181 2689 postposito
1199 2607 1232 2668 ct

102 2711 226 2776 Sancte
235 2709 348 2776 Matris
359 2709 507 2776 Ecclesie
518 2711 706 2777 reuereuciu
716 2709 936 2795 protermissu,
951 2708 1232 2777 decimusuestrss

102 2817 137 2882 in
153 2817 231 2884 rinc
247 2823 279 2883 et
294 2815 329 2884 in
343 2816 493 2901 frugibus
510 2817 633 2885 eisdem
649 2817 879 2902 prouenientes
893 2837 964 2884 cum
980 2836 1131 2884 mensure
1145 2815 1232 2886 iustu

104 2933 135 2992 et
150 2923 299 3008 legitime
315 2945 380 2992 non
396 2923 536 3010 daretis3
561 2925 792 3010 pecieruntquc
807 2924 907 3012 ijdem
926 2917 1056 2993 anobis
1066 2923 1233 2991 humiliter

102 3039 135 3099 ct
151 3033 337 3110 instanter,
377 3039 413 3100 vt
436 3032 480 3106 cd
506 3031 683 3116 exigendus
708 3033 871 3119 predictas
888 3031 1032 3100 decimes
1047 3049 1232 3098 mensuram

102 3141 222 3207 iustam
247 3145 280 3206 et
305 3145 556 3228 congruentem,
589 3140 672 3208 sicut
687 3139 837 3227 expedit,
872 3139 1096 3208 formaremus.
1129 3135 1234 3220 Igitur

103 3267 214 3316 eorum
232 3248 425 3332 peticionem
450 3249 502 3334 pie
529 3255 561 3316 et
576 3249 659 3318 iuste
683 3247 918 3318 admittendum
936 3254 1111 3336 pensantes
1133 3243 1234 3328 Regio

101 3376 174 3423 cum
193 3356 325 3441 ieuore;
350 3375 552 3444 mensuram,
578 3377 643 3440 quc
667 3356 881 3443 Strigonicnsi
906 3355 1059 3442 capitulo
1075 3351 1160 3420 solui
1177 3352 1234 3418 de·

103 3463 187 3529 cime
203 3461 388 3530 huiusmodi
404 3469 663 3550 concusserunt,
687 3463 792 3533 eidem
812 3461 1060 3548 Wesprimiemi
1079 3457 1232 3545 Cupitolo

104 3569 259 3640 duximus
290 3570 549 3658 concedendum,
574 3573 736 3644 Beronum
760 3579 792 3640 et
816 3569 974 3638 nobilium
992 3566 1098 3654 Regni
1116 3565 1232 3652 nosci,

104 3679 158 3763 qui
174 3679 333 3768 aderant,
357 3679 434 3774 huic
449 3679 651 3749 ordinacioni
676 3685 785 3749 nostre
803 3676 1033 3749 accedentibus
1049 3675 1187 3744 oonsilio
1203 3681 1235 3741 et

102 3807 273 3857 consensu.
299 3786 496 3857 Ordinantes
523 3788 686 3873 siquidem
712 3794 745 3854 ct
771 3785 1029 3854 irreuooabiliter
1047 3789 1234 3868 statuentes,

102 3901 134 3961 vt
157 3895 263 3964 eidem
280 3893 431 3982 Cupitulo
447 3895 692 3982 wesprimiensi
717 3894 758 3962 do
776 3893 922 3979 qualibet
938 3891 1072 3978 cupeciu
1090 3888 1235 3956 frumen·

102 4009 206 4071 torum
238 4023 312 4071 cum
338 4002 455 4070 eubulo
475 4010 615 4089 quatuor
630 4001 814 4090 palmorum
841 4007 873 4068 et
893 3999 1028 4068 ducrum
1045 3995 1232 4081 digittorum

102 4111 275 4195 pollicibus
301 4109 463 4198 oppositis
489 4111 626 4180 eubulus
652 4098 875 4198 persoluetur3
900 4107 941 4174 de
966 4103 1104 4190 singulis
1125 4109 1234 4170 cutem

105 4217 248 4305 ospecijs
266 4216 427 4302 siliginis,
454 4200 544 4286 ordei
571 4223 603 4286 et
622 4237 725 4286 cuens
741 4217 806 4284 duo
822 4215 931 4285 eubuli
947 4218 1138 4300 nogentum
1161 4231 1233 4296 pre·

105 4326 216 4392 sertim
250 4325 375 4393 decime
405 4323 470 4394 vini
497 4345 569 4393 cum
595 4327 713 4393 eubulo
739 4323 836 4390 trium
855 4321 1047 4410 palmorum,
1074 4317 1236 4386 adiunctis

106 4435 223 4520 pollice
256 4441 288 4500 ct
319 4431 444 4500 duobus
472 4431 598 4518 digittis
630 4433 672 4500 eb
704 4431 852 4497 omnibus
883 4429 1075 4516 exiguntur3
1102 4425 1186 4491 sicut
1203 4423 1239 4488 in

108 4549 219 4608 nostro
252 4541 428 4629 priuilegio
454 4540 570 4608 exinde
597 4538 741 4606 confecto
768 4535 895 4624 plenius
921 4535 1111 4602 continetur.
1148 4532 1188 4596 Et
1204 4537 1239 4596 rt

30 4649 33 4708 ἱ
109 4669 240 4736 presens
258 4658 370 4717 nostre
386 4648 552 4718 concessio
578 4655 610 4716 ct
626 4647 791 4714 ordinacio
808 4645 899 4711 firma
914 4649 1072 4730 perpetuo
1088 4653 1238 4725 perseue-

1008 4750 1075 4816 lc*
