3138 5164
849 949 928 1020 303.

328 1153 388 1222 ιν.
405 1154 523 1222 sciere
544 1153 656 1238 rerer,
686 1153 867 1238 ceys-rerer
897 1175 918 1216 a
942 1121 1069 1216 earam
1093 1147 1219 1215 mirer
1241 1171 1284 1215 ει.
1308 1147 1451 1214 remeet·

412 1265 548 1350 epdtsdq
561 1264 668 1347 nepeit
683 1260 917 1345 tdrcdnylcecdsi
931 1258 1229 1345 ecabadedyckbac.
1246 1255 1344 1322 1285.

437 1469 611 1544 Ladiuluus
636 1475 698 1542 Dei
723 1473 836 1558 gracia
860 1474 930 1542 Rex
956 1474 1102 1558 Vngarie
1132 1471 1281 1540 fidelibus
1297 1469 1366 1538 suis
1381 1472 1453 1537 Bor-

331 1583 428 1669 sensi,
445 1583 623 1670 Nytriensi,
648 1581 689 1650 de
713 1583 900 1667 Kamernn,
933 1581 974 1649 de
990 1580 1102 1667 Pylis,
1118 1579 1161 1648 de
1177 1579 1290 1648 Zolnm
1307 1584 1341 1645 et
1356 1577 1454 1646 (theu-

264 1747 273 1762 .
321 1689 498 1778 ¹gradiensi
514 1690 694 1758 Comitibus
709 1711 768 1776 pro
792 1695 938 1776 ternpore
969 1671 1155 1756 constitutis
1173 1687 1363 1755 salutemet
1384 1705 1454 1769 gru·
1539 1749 1540 1756 ,

330 1797 415 1864 ciam
430 1799 572 1884 plenum.
603 1795 684 1864 Onus
709 1797 858 1864 dominus
888 1796 971 1863 Bela
1001 1814 1101 1879 uuus,
1117 1802 1150 1862 et
1165 1791 1351 1879 Stephanus
1366 1799 1455 1879 pater

332 1909 444 1972 noster
476 1903 652 1989 karissimi,
678 1905 821 1972 illustres
843 1905 950 1986 Reges
975 1903 1120 1986 Vngarie
1144 1903 1231 1968 ctare
1255 1899 1452 1968 recordacio·
1539 1927 1540 1936 ¹

331 2031 417 2094 unm,
433 2010 568 2092 sicutin
583 2011 768 2098 priuilegijs
785 2011 971 2079 eorumdem
989 2010 1128 2079 vidimus
1145 2009 1313 2082 contineri,
1331 2008 1453 2074 uniuer-

331 2137 384 2186 sus
399 2119 537 2204 populos
552 2118 741 2202 Mouesterij
753 2119 866 2186 Sancti
877 2119 1045 2186 Benedicti
1061 2119 1102 2184 de
1119 2119 1228 2186 Geron
1246 2138 1267 2182 a
1283 2115 1453 2184 cuiuslibet

331 2223 535 2292 Parochialis'
548 2223 672 2292 Judicis
680 2224 805 2308 jndicio
822 2225 1017 2307 exemerint3
1043 2231 1077 2292 et
1091 2245 1151 2292 nos
1167 2225 1254 2310 ipsos
1269 2221 1450 2311 populosin

332 2331 1448 2421 eademlibertatevelimusconseruere,pietateRegiacondescenden-

330 2445 380 2508 tes
389 2440 530 2527 eisdem,
548 2441 695 2510 fidelitati
705 2447 812 2510 vestre
823 2439 939 2510 dumus
950 2441 1083 2510 tirmiter
1098 2444 1133 2509 in
1151 2440 1327 2521 mandatis,
1344 2445 1446 2524 quate·

332 2567 393 2616 nus
403 2550 541 2636 populos
556 2549 692 2637 predicti
701 2551 892 2635 Menanterij
904 2551 938 2616 iu
954 2551 1046 2617 nullo
1057 2569 1135 2618 casu
1146 2549 1447 2652 debeatisiudicsrs

329 2673 387 2722 seu
403 2657 505 2724 eciam
516 2658 550 2724 in
567 2658 677 2741 aliquo
693 2657 885 2740 molestar03
905 2655 989 2740 quie
1003 2676 1061 2724 uos
1078 2657 1212 2724 eosdem
1228 2655 1367 2742 populos
1384 2675 1447 2742 pro·

328 2765 468 2834 teceioni
484 2763 609 2834 Thcme
639 2765 698 2850 filij
715 2763 847 2832 Andree
863 2763 998 2832 Comitis
1021 2765 1172 2833 duximus
1201 2763 1443 2832 committendos.

330 2874 495 2959 volentes,
512 2871 590 2940 etsi
606 2874 661 2956 qui
677 2872 804 2957 aliquid
828 2873 972 2941 accionis
997 2875 1172 2941 habuerint
1188 2879 1304 2940 contre
1322 2871 1446 2958 pupulus

332 2978 523 3068 sepedictus,
540 2980 573 3046 iu
589 2980 691 3048 nostri
710 2981 882 3066 presencia
899 2964 1106 3067 experiantur
1130 3000 1204 3047 cunr
1221 2979 1361 3060 eisdem,
1376 2977 1445 3067 iuris

332 3088 445 3154 ordine
460 3089 639 3174 observatu,
657 3089 711 3156 uel
727 3108 836 3156 coram
852 3086 970 3155 Judice
986 3085 1081 3155 Gurie
1097 3096 1216 3156 nostre.
1227 3089 1349 3155 Datum
1365 3083 1443 3151 Bude

331 3198 366 3263 in
382 3197 507 3264 octauis
531 3195 722 3265 Natiuitatis
745 3195 894 3284 Domini,
921 3217 1007 3264 anno
1035 3195 1180 3264 eiusdem
1196 3191 1444 3264 ΜθῦῦῡΙιΧΧὶ(ο

332 3306 452 3388 quinte.

424 3517 475 3583 (Aa
488 3521 587 3572 aeden
600 3517 668 3574 utdu
681 3521 778 3574 Knauz
792 3519 912 3584 Ndudcr,
931 3521 1045 3589 Magyar
1058 3523 1122 3574 Sicu
1134 3521 1188 3576 111.
1206 3521 1263 3573 luet.
1276 3521 1336 3572 est.
1347 3515 1375 3584 l.)
