3146 5166
584 323 743 425 Q

103 524 226 587 nostras
243 519 464 587 eonoeesimus
481 519 608 587 litteras
625 486 725 604 sipilli
741 519 841 588 nostri
858 517 1033 588 munimine
1044 521 1221 588 roboratas.

101 628 192 694 Anno
209 625 340 694 Domini
354 627 388 692 ll
396 624 621 694 ⁰00⁰Lxxx⁰
635 646 732 694 nono.

282 775 1040 854 ABc'D

260 945 310 1012 (Aa
323 947 426 1000 eredeti
439 945 523 1012 utdn3
538 948 610 1001 loeti
624 950 654 1000 T.
669 949 755 1014 Dergi
770 950 900 1016 Somogyi
913 948 996 1001 Antal
1011 947 1062 1014 ur.)

547 1234 764 1250 mu

94 1951 124 2011 A
150 1949 360 2033 uappodrode'
391 1913 617 2034 kdptolaaook
633 1971 654 2014 a
684 1947 839 2016 &eubaea
865 1956 1037 2037 nomzetsdp
1054 1947 1214 2016 Szabolea-
1259 1962 1268 1974 '
1323 2025 1332 2043 .

91 2057 335 2141 meqyeijaooo't
365 2056 519 2142 tcirpyazd
550 2058 730 2142 ooztdlpa‘ra
761 2060 933 2124 oouatlsozd
947 2058 1218 2144 biaonpsdpleoele.

610 2164 706 2229 1289.

330 2286 383 2354 A,
646 2289 676 2352 ’Β
943 2286 972 2357 C

198 2446 382 2534 Capitulum
397 2445 544 2514 Eoelesie
567 2423 790 2514 waradiensis
807 2448 955 2515 omnibus
973 2448 1096 2518 Christi
1111 2449 1216 2518 fideli·

85 2553 148 2620 bus
165 2573 299 2638 presens
316 2554 470 2639 seriptum
484 2551 679 2639 inspeotnris
704 2552 842 2621 salutem
871 2553 905 2619 iu
930 2555 1069 2624 Domino
1097 2558 1216 2642 sempi-

82 2668 222 2728 ternam.
238 2661 290 2726 Ad
305 2660 527 2728 uniuersorum
538 2660 692 2727 noticiam
708 2667 775 2727 tam
792 2664 997 2746 presencium
1014 2681 1112 2745 qnam
1129 2663 1217 2730 intu-

83 2787 194 2834 rorum
209 2767 324 2834 harum
340 2767 426 2834 serie
442 2769 591 2834 nolumus
606 2767 797 2852 peruenire:
824 2767 910 2850 quod
928 2767 1053 2837 comite
1068 2769 1217 2836 Lauren·

82 2873 136 2940 eio
153 2874 221 2940 filio
237 2875 334 2941 Pauli
348 2875 390 2942 de
405 2894 524 2959 genere
540 2873 725 2961 Guthlueled
749 2875 789 2942 ab
806 2893 871 2942 vna
896 2882 998 2961 parte,
1025 2876 1160 2964 llatbya
1184 2885 1218 2943 et

79 2969 188 3048 Panlo
205 2982 280 3066 filijs
297 2981 431 3075 Comitis
446 2981 569 3048 Detriei
584 2982 642 3067 filij
676 2980 753 3048 dieti
769 2981 874 3064 Pauli,
890 2984 976 3051 siout
991 2981 1155 3071 dixerunt,
1172 2988 1216 3052 ab

78 3089 189 3156 altera
204 3107 312 3155 eoram
329 3089 422 3156 nobis
439 3089 654 3174 personaliter
677 3088 870 3176 constitutis,
886 3087 1008 3158 dietum
1035 3096 1068 3157 et
1092 3111 1212 3176 propo·

78 3197 183 3264 situm
199 3197 306 3263 extitit
322 3197 532 3282 pereosdem,
551 3195 635 3280 quod
653 3198 687 3264 in
703 3197 862 3265 uniuersis
883 3198 1141 3282 possessionibus
1153 3218 1212 3266 sen

79 3306 181 3370 terris
198 3302 275 3390 suis,
287 3303 495 3388 hereditarijs
512 3303 646 3390 soilieet,
658 3305 820 3391 emptioijs
838 3304 1060 3391 etaequisitis,
1072 3325 1215 3372 eommu-

78 3411 170 3477 niter
181 3429 285 3493 reque
301 3409 396 3477 modo
406 3410 578 3496 possessis,
589 3411 688 3478 talem
698 3411 783 3478 inter
796 3430 831 3480 se
841 3411 995 3479 fecissent
1004 3411 1195 3480 diuisionem
1207 3435 1214 3495 3

76 3516 171 3602 qnod
187 3514 344 3584 medietas
359 3517 563 3601 quarundam
581 3524 736 3586 terrarum
752 3518 787 3585 in
804 3518 969 3587 Comitatn
994 3518 1036 3586 de
1060 3518 1212 3586 Zoboueb
1286 3571 1287 3574 ,
1311 3541 1316 3550 ·

75 3623 296 3692 existenoinm
322 3621 431 3690 Guuth
456 3632 656 3712 nooatarum,
683 3645 819 3710 quarum
844 3647 941 3694 rnam
968 3626 1209 3710 hereditariam,

73 3731 181 3798 aliam
199 3750 276 3798 nero
302 3731 487 3816 emptioiam
513 3753 585 3800 esse
611 3735 812 3816 asserebant,
839 3754 860 3798 a
886 3740 977 3817 parte
1003 3733 1207 3802 meridionali

69 3839 267 3924 existentes,
285 3837 508 3924 medietasque
524 3839 693 3909 cuiusdam
709 3847 793 3908 terre
809 3841 960 3926 emptieie
976 3841 1121 3908 Wullran
1148 3861 1203 3908 uo·

69 3951 162 4030 oate,
181 3965 244 4029 qua
262 3945 388 4014 uberior
403 3967 461 4014 seu
478 3946 610 4015 maioris
631 3948 730 4034 preoij
759 3949 1006 4034 computabatur
1033 3948 1144 4032 poreio
1170 3949 1214 4017 ab

68 4054 156 4138 alia,
175 4054 218 4119 ab
234 4053 359 4121 oriente
375 4053 604 4148 niehilominus
614 4057 768 4141 existens,
784 4057 911 4142 prelato
929 4054 1048 4122 Oomiti
1063 4055 1210 4126 Lauren·

67 4162 137 4246 oio,
150 4161 232 4243 quia
248 4160 334 4225 idem
351 4182 402 4228 res
412 4161 538 4229 dotales
556 4161 685 4230 domine
695 4161 805 4230 reliote
816 4161 949 4230 Comitis
960 4161 1090 4228 Martini
1101 4161 1213 4230 fratris

66 4269 235 4354 ipsorum,
253 4287 317 4351 que
340 4287 394 4336 eos
426 4269 638 4337 eommuniter
667 4273 866 4357 tangebant,
899 4269 941 4336 da
971 4270 1038 4337 snis
1068 4267 1211 4354 proprijs

64 4373 210 4442 omnino
226 4374 400 4462 persoluit;
410 4374 487 4444 item
503 4375 663 4444 medietas
680 4379 838 4446 sessionis
855 4378 889 4443 in
900 4375 1042 4462 quadam
1059 4381 1144 4440 terra
1156 4391 1209 4440 eo-

63 4503 145 4546 rum
164 4478 366 4548 hereditaria
390 4503 449 4549 sua
473 4482 582 4550 thas
600 4491 717 4550 uooata
748 4506 769 4550 a
799 4491 893 4568 parte
923 4483 1085 4568 orientali,
1116 4498 1212 4564 qnam

61 4587 253 4656 medietate
269 4591 312 4657 ab
336 4589 404 4656 alia
420 4589 559 4674 quedam
575 4593 705 4660 arbores
722 4611 839 4660 nuonm
865 4611 1019 4677 separare
1045 4590 1212 4676 dieantur,
