3140 5150
833 947 905 1016 loo.

305 1147 335 1214 Α
351 1147 640 1212 boreszteoolcbodor'
650 1149 813 1232 korrventjo
832 1150 935 1233 citirp'c
951 1149 1008 1213 IV.
1021 1150 1100 1214 Be'lo
1110 1152 1288 1236 lor'oatlpaolo
1300 1154 1432 1218 1245-ὲί

305 1253 571 1340 odomcinyloueto't
587 1277 607 1318 o
618 1254 820 1338 promoatro‘k
840 1255 1028 1340 nyolszipett
1043 1260 1255 1343 pruipostoripo
1272 1263 1429 1322 sadoonro.
1555 1309 1556 1318 ,

820 1365 915 1430 1278.

412 1558 481 1626 Nos
507 1557 609 1624 frater
635 1557 816 1624 Bernaldus
832 1557 924 1624 Prior
944 1563 975 1624 et
991 1559 1177 1626 Conuentus
1194 1559 1340 1626 Ecclesie
1355 1562 1431 1627 San·
1556 1567 1557 1574 ’

306 1672 356 1731 cte
373 1661 541 1732 Trinitatis
558 1663 600 1730 de
616 1663 739 1730 Calidis
755 1661 859 1747 Aquis
875 1662 1035 1746 omnibus,
1060 1663 1179 1748 quibus
1197 1675 1368 1750 presentes
1380 1689 1431 1734 en·-

306 1771 467 1854 hibentur,
491 1773 630 1840 salutem
648 1772 681 1837 in
697 1771 836 1840 Domino
847 1773 1084 1856 sempiternam.
1101 1772 1432 1844 Vniuersitatiuestre

306 1877 534 1966 significamus,
555 1881 640 1964 quod
657 1881 757 1948 frater
773 1880 932 1947 Martinus
949 1881 1061 1948 Abbas
1079 1889 1111 1946 et
1126 1879 1183 1968 alij
1202 1881 1322 1949 iratres
1340 1880 1431 1950 Ordi-

306 1986 356 2054 nis
380 1987 738 2072 Premonstratensium,
769 1990 804 2054 in
835 1988 1032 2055 Monasterio
1055 1989 1166 2055 Sancti
1191 1990 1363 2058 Michaelis
1392 1991 1433 2058 de
1558 2037 1559 2064 ι

306 2095 420 2162 Insula
444 2095 602 2180 Leporem
628 2095 715 2163 circa
741 2097 865 2163 Budam
891 2097 934 2163 ad
960 2098 1165 2182 presenciam
1180 2105 1328 2165 nostram
1344 2119 1432 2166 acee-

307 2201 429 2289 dcntes,
453 2203 547 2270 nobis
564 2201 733 2289 dixerunt,
758 2203 842 2287 quod
863 2205 1074 2289 priuilegium
1092 2204 1216 2271 domini
1232 2205 1313 2272 Bole
1331 2205 1432 2273 felicis

308 2309 461 2377 memorie
476 2311 618 2378 Illustris
634 2312 730 2396 Regis
746 2311 913 2396 Hungarie
933 2332 1032 2396 super
1048 2311 1132 2379 facto
1148 2313 1260 2378 insule
1275 2311 1434 2398 Leporum

307 2417 417 2484 etalio
432 2421 657 2504 posesionibus
674 2418 759 2508 (lgy)
786 2419 966 2489 coniectum
991 2421 1032 2488 ab
1049 2422 1158 2488 antico
1174 2420 1207 2486 in
1225 2421 1435 2508 presenciam,

308 2524 361 2591 ubi
379 2545 511 2593 neeesse
528 2535 631 2611 esset,
654 2535 785 2614 propter
812 2527 1011 2594 discordiam
1036 2535 1067 2592 et
1093 2525 1436 2598 uiarumdiserimina
1560 2585 1561 2588 ,

308 2629 430 2699 deferre
447 2641 477 2700 et
494 2633 646 2702 exhibere
662 2656 727 2702 non
743 2634 918 2719 auderent3
952 2641 1098 2720 petentes
1108 2685 1118 2718 ‚
1143 2642 1177 2700 ut
1196 2643 1340 2702 tenorem
1357 2635 1436 2700 dicti

307 2739 491 2828 priuilegij,
516 2742 603 2826 quod
629 2749 677 2808 est
702 2761 763 2808 neo
779 2741 1007 2823 cancellatum,
1024 2763 1083 2808 neo
1101 2740 1255 2808 uiciatnm
1273 2743 1308 2806 in
1323 2742 1435 2824 aliqua

308 2854 401 2932 parte
417 2847 467 2915 sui
476 2897 486 2932 ,
510 2849 718 2934 presentibus
743 2849 873 2916 inscribi
893 2847 1083 2916 faceremus.
1109 2847 1207 2916 Cuius
1224 2837 1353 2930 quidem
1371 2849 1434 2934 pri·

309 2955 420 3044 uilegij
438 2963 531 3025 tenor
548 2957 625 3025 talis
641 2965 708 3025 est:

416 3065 562 3132 BolaD.
589 3084 639 3148 gr.
665 3063 832 3150 Hungarie
856 3064 918 3130 stb.
944 3066 1014 3132 Rex
1040 3066 1101 3130 stb.
1136 3061 1349 3149 (kbvetlrezik
1380 3063 1437 3127 lv.

310 3173 391 3239 Bela
407 3172 586 3257 kiralynalr
604 3172 701 3238 1245-
706 3171 741 3236 ki
759 3171 1038 3257 adomtnylevele,
1053 3173 1135 3236 mint
1152 3169 1437 3257 gylijtemenylinlr

309 3280 392 3366 Vll,
408 3277 525 3365 vagyis
541 3299 561 3345 a
576 3277 726 3345 maeodik
744 3277 865 3362 folyam
883 3277 924 3343 ΙΙ.
942 3278 1115 3344 kb'teteben
1135 3279 1208 3344 196.
1226 3273 1262 3363 l.)

416 3387 484 3452 Nos
517 3385 617 3470 igitur
648 3383 841 3467 peticionem
875 3384 954 3450 dicti
986 3383 1097 3451 fratris
1128 3384 1262 3451 Martini
1295 3383 1437 3450 Abbatis

308 3496 428 3560 iustam
445 3511 516 3560 esse
532 3497 565 3558 et
582 3491 761 3575 legitimam
777 3490 999 3577 attendentes,
1024 3489 1202 3576 predictum
1227 3491 1437 3576 priuilegium

310 3600 390 3666 Bele
404 3600 504 3684 Regis
520 3620 584 3667 non
600 3619 720 3686 rasum,
739 3619 804 3664 non
819 3599 1041 3681 cancellatum,
1063 3619 1127 3665 non
1142 3598 1358 3680 interlectum,
1375 3619 1441 3666 neo

310 3709 344 3773 in
361 3706 472 3790 aliqua
497 3707 547 3772 sui
573 3714 664 3791 parte
679 3705 853 3791 bimatum,
877 3705 1081 3791 presentibus
1112 3703 1231 3771 nostris
1257 3703 1377 3772 litteris
1395 3705 1440 3773 sle

310 3815 409 3882 uerbo
425 3813 469 3878 ad
483 3815 616 3881 uerbum
632 3813 731 3880 inseri
747 3813 890 3898 lecimus,
906 3812 1010 3896 sigilli
1028 3811 1130 3878 nostri
1147 3809 1325 3876 munimine
1342 3811 1441 3878 robo-

310 3921 423 3989 rando.
447 3920 568 3987 Datum
585 3939 670 3986 anno
687 3920 818 3985 Domini
835 3917 1047 4004 ΜὋΟἻιΧΧ0
1062 3925 1189 4002 octauo,
1214 3917 1351 4002 septimo
1376 3917 1441 3984 lra-

311 4027 427 4097 lendas
442 4026 543 4113 Junij.

312 4207 453 4272 (Ersdetie
472 4203 635 4295 bbrbtrtym
654 4221 672 4258 a
683 4203 910 4272 blrbyarsinegsn
922 4207 1031 4271 luggbtt
1052 4201 1145 4270 poeste
1164 4203 1311 4264 elsssnott3
1325 4201 1446 4254 abudai

676 4297 729 4348 lri.r
743 4297 866 4348 lramarai
877 4292 1067 4360 levaturum.)
