3140 5150
633 324 792 438 -m,

144 523 318 598 uoluntate
342 528 477 618 predicti
509 527 644 598 Comitis
671 530 828 616 Demetrij
856 530 969 599 fratris
993 531 1052 614 sui,
1077 538 1114 600 ut
1138 532 1278 622 dicebat,

145 637 233 706 dioto
248 637 348 706 etiam
374 638 540 708 Demetrio
572 636 639 708 tilio
666 657 726 706 suo
752 639 968 724 personaliter
992 639 1217 708 consenciente
1247 647 1280 710 et

145 747 362 831 permittente,
386 745 468 814 duas
484 752 590 814 terras
609 765 687 814 suas
711 745 803 814 Zada
820 753 853 813 et
866 745 996 816 'l'aroha
1021 753 1155 815 uocatas
1170 747 1203 814 in
1222 748 1279 815 Oo-

147 853 263 922 mitatu
279 855 321 922 de
336 855 470 922 Zemlen
486 853 578 921 iuxta
594 853 728 922 fluuium
753 851 889 923 Taktba
913 854 1112 922 nominatum
1140 855 1278 924 existen·

146 967 207 1047 tes,
233 971 265 1027 et
285 964 348 1030 sibi
378 963 554 1032 immediato
586 962 775 1031 adiacentes
785 1013 795 1049 ,
827 982 900 1029 cum
929 964 1016 1031 omni
1032 963 1228 1048 integritate,
1246 969 1277 1030 et

146 1069 343 1138 utilitatibus
359 1091 399 1139 ac
414 1059 626 1158 pertinenciis
642 1071 720 1155 suis,
743 1071 827 1136 sicut
843 1069 914 1158 ipse
925 1077 957 1138 et
967 1070 1082 1137 Comes
1092 1069 1278 1138 Demetrius
1331 1093 1334 1102 ’

146 1175 248 1246 trater
263 1197 341 1246 suus
358 1175 489 1246 easdem
504 1178 707 1265 possidebat,
727 1176 965 1264 prenominatis
980 1177 1105 1260 Esceu,
1129 1175 1276 1264 bukacb,

145 1285 299 1373 iohanni,
323 1285 473 1354 Michaeli
489 1294 522 1354 et
538 1305 648 1354 eorum
674 1283 857 1370 heredibus,
884 1305 944 1372 pro
960 1283 1194 1370 multiplicibus
1211 1280 1283 1352 ser·'

146 1393 242 1479 uioijs
258 1393 412 1480 ipsorum,
426 1411 428 1416 ⁴
440 1415 505 1480 que
521 1395 596 1484 sibi,
628 1401 664 1463 ut
679 1393 817 1479 dicebat,
849 1414 870 1460 a
894 1393 1012 1481 puerili
1031 1399 1117 1462 etate
1132 1393 1277 1480 ipsorum

145 1501 287 1569 fideliter
302 1503 526 1586 exbibuerunt,
550 1504 695 1586 contulit,
716 1503 831 1570 statuit
861 1508 894 1570 et
919 1500 1103 1587 assignabit
1118 1507 1275 1588 perpetuo

146 1617 178 1676 at
194 1611 459 1679 inrenocubiliter
477 1610 709 1700 possidendam
734 1616 848 1696 petens
873 1627 945 1675 cum
970 1608 1151 1694 instancia,
1176 1607 1275 1675 dona-

146 1720 272 1787 cionem
289 1719 448 1788 dictarum
474 1727 634 1789 terrarum
662 1717 857 1788 auctoritate
882 1724 1067 1786 nostrarum
1091 1717 1275 1784 litterarum

147 1829 345 1897 communiri.
361 1829 430 1896 Nos
446 1837 554 1897 autem
572 1827 617 1896 ad
632 1829 829 1914 peticionem
846 1825 989 1896 eiusdem
1006 1827 1142 1896 Comitis
1157 1827 1276 1894 blicba·

148 1935 207 2004 elis
233 1941 400 2021 presentes
431 1937 559 2006 litteras
586 1937 682 2004 dictis
716 1935 935 2004 seruientibus
960 1934 1028 2003 suis
1056 1936 1275 2002 concessimus

147 2044 248 2126 sigilli
265 2045 366 2112 nostri
382 2043 558 2111 munimine
575 2045 756 2112 roboratas.
781 2045 901 2111 Datum
921 2062 980 2128 per
995 2061 1112 2109 manus
1127 2043 1276 2125 Magistri

148 2150 314 2236 Ambrosij
326 2151 679 2242 ScolastioiBudeusis,
697 2172 783 2220 anno
793 2151 926 2218 Domini
943 2149 1162 2216 ll⁰cc⁰nxx⁰
1174 2155 1275 2217 sexto.

146 2257 305 2343 Magistro
335 2259 486 2328 iohanne
517 2260 668 2346 (lentore,
699 2259 797 2327 Petro
828 2257 982 2342 Custode,
1016 2255 1103 2343 Elya
1132 2257 1276 2342 Decauo,

148 2367 245 2434 Scela
259 2369 456 2454 Sacerdot03
471 2369 647 2457 Damiano,
662 2365 748 2452 llly‘a
764 2373 796 2433 et
813 2363 980 2452 Stephano
995 2364 1175 2453 Magistris,
1192 2373 1276 2432 cete·

146 2475 254 2560 risque
270 2475 444 2544 canonicis
461 2475 682 2548 existentibus.

145 2655 286 2720 (Bredatie
309 2653 484 2726 bdrbdrtydm
512 2657 572 2710 :ald
591 2654 835 2722 aselyamzsindron
847 2653 932 2720 lllggti
955 2649 1048 2720 pecadt
1069 2653 1147 2716 alati,
1173 2650 1276 2706 amelt.

446 2744 511 2800 utro
529 2743 753 2814 Pcrtnyi-eaaldd
766 2738 977 2810 lerdlttrtban.)

675 3571 752 3642 105.

145 3773 175 3840 A
207 3773 310 3841 baulai
341 3769 565 3860 ketptulonaak
584 3771 736 3860 jeieattsc
745 3821 756 3854 ,
779 3773 860 3857 bopy
885 3765 1002 3856 Otus-t
1025 3765 1131 3834 Dices
1155 3767 1186 3830 a
1209 3773 1276 3831 test-

144 3884 228 3948 ecee
242 3907 264 3947 a
277 3882 471 3968 aydiazipeti
486 3879 630 3968 opriezrtk
654 3881 771 3966 tisztjea'
795 3878 873 3945 elles
893 3902 914 3943 a
930 3876 1054 3962 kirctqi
1076 3873 1276 3959 tbrve'ayaatlc

483 3989 529 4055 etc
535 3987 629 4076 perde
644 3985 814 4054 inlaterat.
838 3987 936 4053 1276.

252 4183 329 4251 Viro
345 4183 447 4252 nobili
473 4192 505 4252 et
528 4183 665 4252 honesto
689 4183 783 4271 lloys
799 4179 908 4252 Judici
924 4177 1020 4246 Curie
1036 4173 1158 4245 domini
1174 4173 1273 4258 Regis

146 4301 178 4360 et
193 4292 313 4361 (inmiti
329 4289 528 4376 Symigiensi
544 4290 730 4378 Capitulum
755 4287 914 4356 Budensis
940 4285 1086 4355 Ecclesia
1102 4283 1274 4352 oraciones

145 4400 179 4466 in
206 4399 348 4469 Domino
373 4397 517 4466 denotas.
549 4397 680 4465 Litteris
704 4393 895 4464 Nobilitatis
920 4394 1036 4462 Vestra
1065 4391 1187 4458 bonore
1212 4410 1276 4474 quo

146 4509 255 4576 denuit
271 4507 419 4594 receptis,
434 4506 591 4591 Magistro
606 4503 789 4591 Pangracio
814 4502 937 4570 bomini
963 4501 1085 4571 domini
1101 4498 1198 4584 Regis
1214 4517 1270 4564 no·
1292 4559 1295 4566 .

144 4623 247 4686 strum
262 4615 425 4684 bominem
441 4613 641 4699 fidediguum
658 4613 806 4684 dedimus
822 4631 881 4698 pro
895 4607 1088 4692 testimonio,
1121 4605 1177 4692 qui
1188 4611 1273 4692 post-
