3080 5160
828 257 986 362 ...³29-

345 461 459 543 mctes,
484 477 618 542 querum
635 475 701 524 une
716 455 759 523 sb
774 453 945 528 occidente
960 462 1010 524 est
1025 463 1110 526 terre
1125 457 1262 544 Bozyos,
1278 457 1322 525 eb
1340 455 1450 524 criente

345 573 430 633 terre
454 563 648 652 Hydegsed3
674 563 792 632 abinde
816 565 936 632 directo
963 564 1065 652 uenit,
1089 572 1122 632 et
1146 568 1245 632 intrat
1268 564 1451 633 transeundo

346 693 498 760 magnum
522 673 608 739 vium
632 673 800 739 ducentem
825 673 858 738 in
874 673 1068 759 Supruuium
1083 673 1116 739 in
1132 674 1257 762 Fortem
1273 673 1329 741 ubi
1344 673 1453 740 hebent

347 782 418 850 iura
444 780 530 848 dicto
556 781 773 867 possessiones
791 779 824 845 in
838 777 982 866 piscinis,
998 778 1123 866 tenetis,
1139 781 1232 864 equis
1247 787 1279 846 ct
1294 780 1368 865 etijs
1383 781 1454 846 otili·

346 889 477 976 tatibus,
506 907 569 973 que
585 889 704 958 eisdem
719 887 974 977 possessionibus
999 893 1181 975 competunt
1195 887 1238 954 ab
1254 890 1384 973 antiquo
1400 910 1407 972 ;
1428 897 1455 954 et

347 998 421 1066 istis
444 998 539 1066 motis
564 996 648 1066 dicte
668 999 887 1082 possessiones
902 995 1117 1064 includuntur.
1132 995 1171 1063 ln
1186 997 1275 1064 cuius
1290 997 1337 1063 rei
1353 1017 1455 1064 memo·

349 1105 430 1172 rium
457 1111 489 1173 ct
512 1112 700 1193 perpetuam
724 1106 905 1172 firmitatem
930 1111 1097 1191 presentes
1112 1106 1327 1172 concessimus
1344 1105 1455 1171 litteras

348 1213 523 1282 munimine
547 1214 648 1281 nostri
668 1215 766 1300 sigilli
781 1215 958 1299 roboratos,
974 1233 1059 1280 anuo
1075 1214 1204 1280 Domini
1219 1214 1264 1278 M⁰
1281 1211 1345 1278 00⁰
1360 1222 1451 1280 octua·

347 1323 470 1406 gesimo
494 1323 606 1409 primo.
632 1324 787 1407 Magistro
812 1321 991 1390 Oorechino
1007 1321 1149 1388 Ecclesie
1165 1325 1274 1388 nostre
1289 1322 1454 1409 Proposito,

348 1429 489 1496 Abrcum
516 1427 662 1517 Centone,
688 1430 855 1498 Dominioo
879 1431 1023 1515 Lectore,
1038 1429 1158 1517 Mykou
1174 1428 1315 1496 Custode
1330 1429 1454 1496 existen.

350 1539 446 1605 tibus.

353 1737 487 1796 (Eredctie
497 1733 668 1804 uorhtsytu
678 1739 791 1804 melyrb'l
813 1756 830 1792 s
845 1737 936 1806 peccet
948 1740 1095 1790 eolo-voror
1107 1735 1333 1803 setysmzsmorou
1347 1735 1408 1806 sttgg
1420 1757 1426 1798 ;
1439 1754 1452 1786 n

349 1826 429 1877 buoni
443 1827 494 1876 triu.
508 1827 628 1878 kemerci
641 1824 819 1880 levtlttrben.
833 1826 891 1880 Ms'cs
904 1829 1004 1880 ercdcti
1018 1827 1153 1896 ptldtnys
1165 1824 1305 1878 teltlmtik
1318 1844 1335 1878 s
1347 1832 1451 1880 namneti

720 1935 841 1972 muscum
855 1916 1089 1987 ktuirctttrtbnn.)

799 2225 1009 2238 ν-η--ι-υ--υι-

351 2966 382 3033 Α
406 2968 502 3054 ppei
526 2963 744 3050 kdptolormok
773 2961 1052 3048 bizoeyedplccete,
1079 2963 1162 3048 hcpy
1195 2957 1337 3048 Vlchcy-e'
1360 2957 1453 3026 Jaoau

354 3076 409 3142 Oct
434 3073 661 3160 reemeetstpbdi
685 3069 819 3157 Gerpety
843 3073 1001 3137 comceuclo
1024 3093 1062 3135 ac
1076 3071 1170 3136 elem
1184 3071 1345 3135 etktvctett
1362 3066 1453 3131 tutet·

395 3181 605 3252 maskodcsok
620 3179 851 3266 kienpcsztelesc
867 3183 965 3264 ce'pett
981 3175 1187 3263 Gpololcdbou
1201 3178 1268 3242 le'eit
1284 3179 1417 3242 birtckctt

766 3287 934 3374 dtcopedte.
952 3285 1049 3354 1281.

611 3523 640 3590 A
898 3523 925 3587 B
1182 3519 1207 3587 O

458 3701 640 3791 Ospitulum
662 3701 841 3771 Jouricnsis
865 3701 1011 3769 Ecclesio
1025 3697 1171 3766 omnibus
1187 3697 1305 3768 Christi
1318 3699 1455 3766 fidelibus

349 3817 528 3903 presentem
552 3812 706 3900 paginam
730 3809 920 3896 inspecturis
945 3809 1082 3878 sulutem
1100 3809 1135 3874 in
1152 3809 1289 3874 Domino
1304 3807 1456 3895 sempiter-

350 3943 435 3990 nam.
462 3920 514 3988 Ad
538 3921 757 3987 uniuersorum
781 3918 933 3985 noticiam
963 3924 1072 3984 tenore
1095 3915 1296 4002 presencium
1322 3915 1454 3981 volumus

349 4029 529 4120 peruenire,
554 4027 639 4114 quod
663 4027 812 4094 Jekabus
835 4027 921 4093 filius
945 4023 1109 4092 Zubuulou
1132 4023 1175 4088 de
1198 4021 1323 4108 Vichey
1344 4027 1384 4089 cb
1398 4041 1455 4088 unu

350 4145 453 4227 perte,
480 4139 593 4205 Comes
618 4135 793 4221 Gregorius
817 4134 900 4201 fitius
924 4133 1012 4200 Petri
1037 4131 1078 4198 de
1101 4151 1222 4214 genere
1239 4129 1294 4198 Osi
1312 4131 1352 4198 ub
1367 4131 1457 4198 alteru

352 4268 460 4316 ocrem
476 4247 570 4315 nobis
585 4244 759 4328 constituti,
776 4241 861 4309 idem
877 4241 1024 4310 Jalrabus
1038 4245 1187 4326 presente
1202 4239 1327 4308 Jacobo
1336 4238 1457 4306 filiosuo

352 4361 496 4442 quartem
512 4361 637 4442 partem
651 4357 735 4420 terre
751 4350 914 4438 Gyotoke‚
930 4368 1026 4434 quem
1041 4345 1352 4414 dominusBelech
1365 4343 1455 4412 felicis

354 4463 590 4533 recordacionis
615 4461 718 4530 eidem
743 4459 890 4528 tckcbus
912 4479 969 4546 pro
984 4455 1107 4523 meritis
1121 4453 1328 4524 scruioiorum
1341 4471 1456 4523 snorum

298 4663 301 4679 Ι
352 4572 541 4664 contulerat,
556 4570 640 4644 mont
654 4571 689 4644 iu
703 4567 844 4643 eiusdem
861 4565 1032 4661 priuilegio
1041 4563 1179 4641 uicinus
1189 4565 1355 4659 contineri,
1365 4561 1456 4638 eidem
