3124 5158
846 335 1005 439 -2‘1—4-

369 525 476 594 suerat
500 535 531 596 et
555 549 723 616 possessa,
747 530 912 616 dedimus,
941 531 1149 616 donabimus,
1178 532 1371 600 contulimus
1391 537 1490 616 alque

371 635 563 704 tradidimus
582 639 805 724 prenominato
829 638 995 706 Demetrio
1022 639 1136 706 Oomiti
1146 690 1156 724 ‚
1181 648 1214 706 et
1239 661 1297 726 per
1322 660 1396 707 eum
1422 639 1491 706 suis

371 743 560 830 heredibus,
586 745 801 831 heredumque
822 766 949 814 snorum
967 747 1204 814 successoribus
1214 799 1224 834 ,
1248 749 1317 814 iure
1333 753 1491 834 perpetuo

371 857 403 918 et
417 851 669 920 irremeabiliter
684 854 926 940 possidendam.
948 856 986 920 In
1002 856 1093 922 cuius
1108 855 1155 924 rei
1171 857 1359 922 memoriam
1374 875 1490 942 perpe-

370 966 519 1045 tuamque
542 961 723 1028 firmitatem
749 951 916 1048 presentes
942 963 1067 1030 litteras
1094 965 1309 1032 concessimus
1325 962 1490 1048 dupplicis

370 1066 469 1152 sigilli
484 1068 588 1140 nostri
605 1070 780 1138 munimine
798 1072 973 1138 roboratas.
998 1073 1118 1138 Datum
1141 1091 1201 1159 per
1226 1091 1341 1138 manns
1356 1069 1491 1137 disereti

370 1173 431 1240 viri
453 1175 602 1260 Magistri
616 1177 757 1244 debonis
777 1178 853 1244 aule
878 1186 987 1245 nostre
1011 1179 1293 1265 vicecancellarij
1323 1178 1435 1246 dilecti
1459 1185 1491 1244 et

369 1281 474 1350 tidelis
489 1285 589 1352 nostri
605 1304 689 1352 anno
698 1286 830 1352 Domini
848 1287 893 1352 M⁰
910 1285 973 1353 00⁰
990 1287 1215 1373 octuagesimo,
1225 1287 1315 1354 VIII.
1325 1284 1489 1354 kalendas

369 1389 504 1478 Apriliss,
528 1392 632 1476 Regni
648 1400 755 1460 aetem
770 1393 872 1461 nostri
891 1414 976 1462 anno
992 1401 1116 1463 octauo.

369 1571 504 1637 (Eredetie
516 1571 688 1642 bdrhdrtydm
708 1575 835 1640 melynek
855 1575 912 1628 aled
924 1573 997 1628 rdsze
1009 1591 1027 1627 a
1040 1574 1124 1642 lllggd
1135 1573 1268 1643 peesdttel
1283 1581 1379 1644 egytttt
1392 1575 1423 1626 lri
1436 1591 1490 1626 van

369 1660 468 1730 νίκη,
494 1681 511 1716 a
535 1681 570 1715 m.
583 1665 608 1716 b.
622 1663 716 1732 Nydry
729 1662 820 1718 esaldd
833 1667 974 1732 bagonyai
992 1664 1188 1721 levdltlrdban.
1210 1666 1323 1717 Kbablte
1336 1666 1441 1718 veldnlr
1455 1681 1489 1716 m.
1560 1697 1561 1738 1

774 1757 802 1807 b.
814 1753 908 1822 nytry
919 1757 1013 1808 Albert
1025 1755 1078 1824 dr.)
1560 1755 1561 1768 ²

886 2490 961 2561 les.

368 2709 425 2776 IV.
450 2710 564 2778 mazzo
587 2712 762 2797 tlrdlynat
786 2709 877 2776 Ksed
900 2719 979 2776 need
995 2710 1102 2798 stillet
1127 2714 1283 2796 tdrqyazo
1306 2712 1488 2798 odonrdnyo

421 2821 536 2887 Ladon
551 2818 778 2908 momatptett
802 2821 903 2902 Peos,
928 2817 1083 2884 Zaduezld
1088 2818 1143 2901 fio
1155 2823 1311 2886 masdra,
1336 2825 1436 2890 1280.

471 3014 645 3086 Ladizlans
676 3015 738 3083 Dei
767 3016 880 3100 gracia
908 3015 1095 3104 Hnngarle‚
1120 3015 1308 3102 salmacis,
1332 3017 1484 3100 Groneia,

365 3127 484 3213 Rome,
507 3125 639 3212 Serum,
663 3125 821 3210 Gallicis,
844 3125 1052 3213 Lodomeric,
1075 3125 1239 3210 Comanis,
1264 3125 1492 3210 Bnlgarieqnc

365 3234 434 3300 Rex
459 3235 607 3304 omnibns
634 3232 753 3300 OhrIsti
767 3232 913 3302 fidelibus
943 3240 1108 3320 presentes
1132 3232 1266 3300 litteras
1292 3234 1494 3320 inspecturis

365 3343 504 3410 alutem
528 3345 562 3410 in
587 3343 728 3412 omnium
754 3343 926 3411 saluatore.
966 3342 1056 3410 Licet
1083 3341 1185 3426 Regia
1210 3342 1319 3426 pictas
1334 3361 1493 3410 mannum

367 3448 452 3540 (lgy)
468 3453 648 3520 munificam
666 3453 830 3538 porrigere
845 3451 963 3518 debeat
979 3449 1160 3533 vniusrsis;
1177 3449 1255 3518 illos
1271 3462 1391 3536 tamen,
1410 3461 1500 3533 qno-¹

367 3579 437 3626 rum
453 3561 597 3646 probitas
621 3567 754 3647 experta
779 3568 812 3628 et
830 3557 967 3626 laudata
982 3565 1031 3626 est
1047 3559 1078 3624 ln
1094 3559 1258 3646 prosperis
1274 3567 1306 3626 et
1321 3559 1354 3624 in
1370 3558 1495 3625 adner-

366 3666 430 3750 sIs‚
453 3667 679 3752 principaliori
704 3686 834 3734 munere
858 3665 954 3732 debet
973 3663 1125 3750 prosequi
1152 3671 1184 3731 et
1209 3667 1340 3749 fauore,
1357 3673 1402 3731 nt
1428 3668 1495 3754 alij

365 3795 474 3842 eorum
491 3777 637 3862 exemplo
653 3775 783 3842 inuitati
808 3774 851 3840 ad
869 3773 1032 3841 fidelitatis
1048 3793 1150 3860 opera
1165 3771 1284 3840 sorcius
1299 3775 1492 3842 accendan-

363 3893 424 3952 tnr.
448 3883 587 3952 Proinde
611 3884 655 3952 ad
679 3884 902 3952 vnlnersornm
927 3883 1080 3950 noticiam
1100 3883 1214 3950 harum
1234 3881 1316 3949 serie
1331 3880 1494 3952 volumus

364 3994 541 4082 peruenire,
562 3990 647 4076 quod
663 3993 819 4076 accedens
834 3992 877 4058 ad
894 3998 1039 4058 nostram
1055 3991 1255 4075 presenciam
1272 3991 1386 4058 Petrus
1399 3989 1499 4058 lilius

364 4103 528 4189 Zubnalay
559 4101 599 4167 de
632 4119 748 4184 genere
772 4101 886 4165 Ludan
902 4099 1008 4164 fidelis
1024 4105 1149 4181 noster,
1177 4097 1339 4181 quandam
1365 4101 1502 4166 terram

362 4211 468 4278 Castri
492 4211 663 4278 Nitriensis
688 4207 782 4274 Kend
797 4214 958 4292 vocatam,
976 4226 1113 4274 uacuam
1128 4212 1161 4271 et
1175 4203 1413 4272 habitatoribus
1435 4205 1498 4274 de·

361 4320 514 4404 ditatam,
537 4321 627 4385 iuxta
641 4317 771 4384 fidolum
787 4315 940 4383 Radnsna
956 4314 1155 4398 existentem,
1178 4334 1200 4380 a
1217 4313 1310 4380 nobis
1328 4313 1393 4380 sibi
1405 4313 1493 4382 dari

362 4427 549 4513 postulauit.
582 4427 699 4494 Verum
725 4425 803 4510 quia
827 4423 918 4491 nobis
934 4422 1056 4490 ueritas
1071 4442 1136 4490 non
1151 4422 1338 4509 constabat,
1372 4427 1495 4490 utrum

361 4535 437 4618 ipsa
451 4541 536 4600 terra
551 4553 654 4600 uacua
669 4535 728 4620 sit,
754 4541 786 4600 et
810 4541 919 4600 nostre
942 4531 1113 4600 collacioni
1132 4531 1311 4616 pertiueat,
1334 4549 1394 4596 nce
1423 4553 1499 4620 ne3

365 4639 514 4707 fidelibus
529 4641 647 4708 nostris
663 4641 812 4724 Oapitnlo
827 4641 984 4708 Nitriensi
999 4641 1118 4707 nostris
1134 4637 1282 4707 dedimus
1308 4637 1436 4708 litteris
1456 4643 1498 4712 in
