3124 5158
802 290 963 394 Μειε-

319 511 442 578 nouas,
465 499 497 560 et
521 487 670 576 peruenit
695 490 738 557 ad
763 509 822 557 εει
849 496 952 557 metas
969 488 1142 574 antiquas,
1167 487 1224 555 vbi
1239 485 1377 573 septima
1393 491 1434 552 est

319 620 406 667 noua
430 598 464 666 in
490 617 611 684 magna
635 600 754 666 arbore
780 597 884 682 iliois;
908 603 940 664 et
964 616 1023 682 per
1041 615 1114 661 eum
1132 594 1302 662 declinans
1320 593 1359 659 de
1374 594 1438 676 ipsa

321 726 440 790 magna
456 707 510 772 via
526 727 621 774 oruoe
637 707 768 791 signata
785 705 875 772 vadit
891 725 948 790 par
964 705 1052 772 viam
1062 701 1294 790 graminosam,
1309 701 1363 769 vbi
1373 710 1440 768 sunt

321 835 378 882 εει
402 820 487 882 mete
511 815 647 899 antiqua
679 822 711 880 et
742 813 883 899 septima
909 832 1014 896 noua;
1039 810 1157 878 deinde
1183 811 1264 879 satis
1280 810 1313 876 in
1331 830 1442 894 magno

322 923 433 1008 spaoio
459 921 563 988 eundo
588 941 646 1007 per
672 940 825 1004 magnam
852 919 970 986 siluam
995 919 1165 1005 perueniet
1195 918 1238 984 ad
1264 939 1322 986 εει
1347 926 1445 986 metas

321 1037 457 1116 veteres,
482 1030 516 1096 in
533 1050 668 1112 quarum
684 1031 788 1097 tribus
804 1038 879 1097 sunt
893 1035 959 1094 tres
975 1030 1107 1098 arbores
1124 1028 1227 1112 iliois,
1251 1034 1284 1093 et
1308 1029 1446 1111 septima

324 1156 429 1222 noua;
455 1157 517 1220 que
533 1137 663 1222 quidem
680 1143 764 1204 mete
780 1145 935 1224 separant
960 1137 1004 1204 ad
1029 1137 1142 1204 villam
1167 1137 1280 1222 Lapsa
1298 1143 1448 1222 exparte

326 1243 539 1334 occidentali,
573 1252 605 1314 et
630 1245 674 1312 ad
700 1245 813 1312 villam
829 1245 958 1332 Posony
977 1266 1018 1311 ει
1033 1251 1127 1331 parte
1144 1244 1317 1329 orientali;
1343 1264 1383 1310 aa
1398 1246 1449 1319 ab·

325 1351 520 1434 hinoeundo
537 1373 762 1439 permagnum
783 1355 929 1440 spacium
955 1353 1046 1422 iuxta
1071 1353 1159 1420 viam
1184 1353 1372 1440 antiquam,
1396 1374 1451 1440 per

326 1461 463 1528 eandem
488 1483 639 1547 magnam
665 1463 782 1530 siluam
808 1463 976 1550 perueniat
1011 1462 1054 1528 ad
1078 1483 1137 1531 sex
1161 1469 1264 1529 metas
1289 1462 1450 1546 antiquas,

326 1569 382 1638 vbi
398 1569 536 1658 septima
561 1579 609 1638 est
634 1589 721 1638 noua
737 1572 773 1638 in
788 1555 903 1640 arbore
920 1571 1060 1656 kerkus3
1092 1570 1213 1637 deinde
1227 1570 1397 1654 perueniat
1412 1567 1451 1632 ad

327 1679 395 1744 tres
411 1684 515 1745 metas
531 1680 726 1765 angulares,
751 1699 886 1763 quarum
911 1701 978 1748 rna
996 1685 1127 1765 separat
1144 1700 1190 1746 ει
1201 1685 1293 1764 parte
1309 1676 1451 1744 oeoiden·

328 1783 388 1850 tali
404 1785 448 1850 ad
463 1786 577 1853 villam
593 1789 704 1873 Lapsa
729 1790 955 1874 prenotatam,
978 1787 1033 1854 vbi
1059 1771 1145 1854 mete
1160 1786 1262 1872 ipsius
1278 1791 1364 1852 terre
1380 1787 1451 1852 lina-

328 1892 404 1960 liter
419 1894 647 1982 terminantur,
671 1904 765 1982 parte
789 1916 867 1964 varo
893 1895 1153 1982 septemtrionali
1170 1894 1323 1977 distingit
1338 1901 1451 1959 terram

328 2000 409 2068 ville
423 2003 544 2090 Apaty,
561 2025 582 2069 a
598 2010 690 2092 parte
706 2025 785 2072 vero
803 2004 966 2089 orientaly
981 2011 1114 2090 separat
1129 2010 1247 2070 terram
1263 2004 1452 2088 populomm

330 2105 372 2174 de
387 2106 502 2194 Ozlar,
525 2111 617 2179 iuxta
642 2131 724 2196 quas
750 2119 817 2180 tres
842 2117 944 2180 metas
965 2114 1116 2196 antiquas
1132 2132 1197 2180 vna
1213 2118 1385 2195 amnone,
1403 2131 1451 2176 ει-

330 2213 404 2283 inde
436 2220 610 2302 prosiliens
634 2221 669 2287 in
695 2240 848 2304 magnam
874 2221 961 2288 viam
987 2240 1101 2305 parurn
1129 2220 1234 2287 eundo
1252 2223 1400 2307 peruenit
1414 2220 1453 2287 ad

331 2331 468 2406 quatuor
484 2328 613 2395 arbores
630 2327 725 2414 iliois,
751 2332 811 2396 sub
828 2311 1038 2412 quibussunt
1054 2333 1192 2412 quatuor
1217 2336 1301 2396 mete
1327 2329 1454 2412 antique

332 2438 364 2498 et
380 2433 492 2516 quinta
507 2455 612 2520 noua,
638 2443 671 2504 et
695 2437 741 2505 ibi
757 2437 907 2506 similiter
922 2445 1055 2522 separat
1071 2443 1191 2505 terram
1208 2438 1402 2523 populorum
1417 2436 1455 2500 de

332 2540 414 2609 villa
427 2541 615 2628 Apatyset
639 2544 783 2629 iungitur
808 2546 903 2613 metis
930 2553 1016 2612 terro
1036 2545 1227 2631 populorum
1244 2543 1388 2630 Capituli
1403 2543 1454 2608 Al·
1549 2601 1550 2620 ,

332 2648 445 2716 bensis
465 2650 507 2716 de
522 2651 602 2718 villa
619 2654 730 2740 Buna;
757 2653 877 2720 abhino
893 2653 1039 2738 vergitur
1054 2652 1098 2718 ad
1113 2659 1238 2738 partem
1254 2652 1453 2736 orientalem,

301 2809 303 2814 .
333 2755 388 2822 rbi
413 2763 462 2824 est
486 2767 573 2827 meta
597 2767 704 2828 terrea
730 2743 869 2846 antiqua
896 2768 928 2830 et
945 2762 1014 2828 alia
1033 2781 1137 2846 noua;
1163 2759 1280 2828 deinde
1295 2761 1401 2827 tendit
1415 2761 1454 2827 ad
1549 2767 1550 2856 j

334 2869 458 2949 partem
475 2867 664 2935 orientalem
680 2868 723 2935 ad
740 2868 821 2936 duas
838 2869 973 2936 arbores
992 2867 1100 2948 iliois,
1125 2868 1181 2935 vbi
1206 2873 1283 2935 sunt
1299 2877 1386 2935 mete
1402 2890 1455 2934 an·
1549 2865 1550 2944 ζ

333 2973 422 3056 tique
440 2983 472 3042 et
488 2995 553 3042 vna
568 2997 677 3062 noua;
701 2977 822 3044 abinde
837 2977 928 3045 vadit
953 2977 998 3043 ad
1014 2996 1168 3062 magnam
1184 2977 1290 3062 viam,
1316 2979 1372 3044 rbi
1387 2983 1458 3044 sunt
1549 2991 1550 3030 1

334 3079 398 3148 due
422 3089 507 3150 mete
530 3085 666 3168 antique
686 3091 717 3152 et
734 3085 835 3152 teroia
850 3075 954 3170 noua;
980 3085 1101 3152 abhino
1115 3105 1231 3170 parum
1247 3086 1354 3153 eundo
1371 3084 1457 3152 vadit

334 3187 475 3258 adduas
492 3199 595 3259 metas
612 3194 776 3280 antiquas,
799 3193 834 3258 in
850 3213 986 3276 quarum
1002 3215 1068 3261 vna
1083 3200 1133 3261 est
1149 3195 1247 3260 arbor
1256 3194 1354 3280 ilieis,
1371 3193 1459 3258 iusta

337 3317 418 3382 quas
445 3304 494 3366 est
510 3301 612 3368 tercia
627 3307 716 3368 meta
731 3321 818 3368 noua
829 3321 928 3388 ,·qne
953 3309 1106 3388 separant
1130 3299 1273 3368 finaliter
1303 3300 1346 3368 de
1377 3308 1461 3366 terra

335 3407 508 3491 populorm
523 3409 667 3494 Capituli
684 3409 837 3476 Albensis
853 3409 1094 3495 predictorum,
1119 3416 1151 3477 et
1174 3410 1354 3494 iunguntur
1369 3409 1461 3475 metis

335 3520 422 3580 terre
447 3515 640 3600 populorum
665 3517 808 3602 Capituli
834 3517 1098 3603 Wesprimiensis
1114 3517 1155 3584 de
1171 3517 1251 3584 rilla
1266 3517 1385 3600 Onlar;
1411 3516 1461 3580 de·
1549 3589 1550 3616 χ

337 3622 414 3689 inde
429 3621 520 3690 iuxta
535 3624 701 3710 quandam
718 3625 803 3691 viam
821 3625 928 3710 iungit
944 3625 986 3692 ad
1002 3627 1160 3692 orientem
1177 3624 1221 3691 ad
1237 3645 1333 3692 vnam
1345 3633 1463 3690 metam
1549 3633 1550 3712 l

337 3733 515 3816 antiquam,
539 3733 573 3798 in
590 3753 655 3818 qua
670 3741 721 3802 est
736 3735 834 3801 arbor
850 3753 979 3820 magna,
1006 3741 1038 3800 et
1054 3735 1146 3801 iuxta
1163 3730 1299 3800 eandem
1314 3733 1465 3797 similiter

337 3839 399 3912 suh
415 3859 535 3927 magna
551 3843 666 3912 arbore
682 3850 732 3909 est
748 3853 837 3912 meta
852 3864 948 3930 noua,
969 3863 1032 3927 que
1047 3842 1231 3924 distingunt
1246 3841 1331 3906 inter
1346 3848 1467 3906 terram
1549 3841 1550 3916 j

339 3949 530 4035 populorum
558 3951 699 4035 Capituli
728 3951 991 4040 wesprimiensis
1009 3958 1041 4018 et
1056 3957 1177 4018 terram
1193 3949 1384 4036 populorum
1401 3935 1468 4014 lda-
1549 3935 1550 3994 Ῐ

338 4058 431 4142 gistri
448 4059 540 4143 Moys
556 4058 653 4126 Ozlar
668 4065 821 4144 vocatas3
846 4061 922 4126 item
948 4079 1005 4144 per
1022 4059 1159 4126 eandem
1176 4059 1262 4126 viam
1278 4055 1370 4124 vadit
1387 4054 1470 4122 inle-
1549 4049 1550 4130 ῗ

339 4165 407 4231 rius
423 4165 466 4230 ad
482 4172 609 4250 partem
624 4163 868 4234 meridionalem
895 4165 938 4231 ad
957 4185 1054 4232 vnam
1072 4164 1239 4248 arborem,
1262 4165 1321 4230 sub
1338 4183 1404 4246 qua
1420 4169 1473 4230 est

340 4279 426 4354 meta
442 4275 578 4356 antiqua
603 4281 634 4340 et
662 4275 731 4341 alia
756 4296 860 4360 noua;
894 4273 1012 4340 abhine
1038 4271 1143 4340 eundo
1168 4271 1302 4338 inferius
1318 4291 1377 4356 per
1394 4291 1472 4338 ean-

208 4381 212 4388 '
340 4380 529 4449 damviam
561 4381 603 4450 ad
633 4391 759 4467 partem
787 4383 1032 4451 meridionalem
1065 4383 1233 4468 perueniet
1258 4379 1301 4446 ad
1320 4379 1475 4445 arborem

342 4487 424 4582 piri,
448 4491 508 4556 sub
529 4509 594 4572 qua
613 4499 662 4558 est
678 4498 764 4558 meta
781 4493 917 4574 antiqua
933 4499 965 4557 et
980 4491 1047 4559 alia
1064 4511 1170 4573 noua;
1194 4487 1269 4554 inde
1287 4485 1477 4570 procedens

340 4595 476 4664 inferius
492 4599 659 4686 perueniat
669 4599 710 4665 ad
723 4620 818 4666 unam
839 4605 960 4668 metam
976 4607 1114 4667 terream
1133 4597 1337 4682 angularem,
1357 4596 1413 4662 vbi
1426 4605 1480 4664 est
