3124 5158
651 1053 723 1122 lec.

135 1277 241 1364 Uprc'rt
255 1279 381 1365 tirolpi
396 1275 680 1341 turuokmoetcrnclc
702 1274 818 1339 Pcthcn
835 1273 987 1360 helycc'pct
1002 1274 1156 1359 tdrpyacd
1170 1270 1245 1338 cdo-

357 1389 478 1468 ocupa
493 1383 608 1448 Erdcw
625 1405 723 1448 comes
738 1385 897 1450 ccdrnctru.
914 1382 1012 1445 1280.

233 1598 301 1665 Nos
330 1596 484 1682 Magister
514 1595 667 1679 Wgrinns
697 1594 783 1663 filius
814 1596 908 1662 Pows
933 1589 1071 1662 Comitis
1096 1594 1244 1662 omnihus

125 1705 248 1773 Christi
272 1703 421 1771 lidelibns
446 1709 628 1789 presentem
652 1702 805 1788 paginam
832 1701 1023 1788 inspecturis
1048 1702 1186 1770 salntem
1211 1703 1246 1769 in

124 1834 203 1882 nero
228 1813 402 1882 saluatore.
427 1813 497 1880 luri
522 1831 696 1880 consonum
722 1819 754 1879 ct
778 1812 880 1880 eciam
905 1817 1152 1880 consentaneum
1169 1809 1245 1898 (est)

123 1921 249 1988 rationi
259 1973 268 2006 ‚
291 1928 325 1988 ut
349 1941 406 2007 pro
423 1921 633 1988 societatibus
661 1926 694 1992 et
717 1919 869 2002 seruicijs
884 1919 955 1985 loco
972 1923 1003 1986 et
1018 1925 1163 2004 tempore
1178 1920 1247 1985 lan-

123 2028 278 2096 dabiliter
294 2029 446 2096 exhibitis
461 2025 618 2096 discrecio
636 2028 762 2114 appetit
778 2025 998 2114 dominorum,
1023 2035 1059 2093 nt
1082 2047 1140 2114 per
1156 2029 1244 2114 ipsos

122 2137 324 2204 hereditaria
355 2136 578 2222 conferantnr;
611 2142 642 2203 et
668 2135 788 2220 quein
813 2136 1010 2222 temporibus
1036 2133 1183 2222 inerant,
1206 2156 1247 2203 ne

121 2266 196 2314 cnm
211 2251 356 2332 tempore
371 2242 569 2330 dilabantur,
591 2241 749 2330 scripture
764 2243 981 2328 patrocinium
1007 2250 1142 2321 renouct
1158 2243 1242 2310 futu-

123 2375 233 2422 rorum
249 2352 402 2420 memorie
419 2350 618 2436 replicando.
643 2349 783 2417 Proinde
798 2349 840 2417 ad
856 2350 1077 2418 uniuersorum
1094 2351 1245 2418 noticiam
1299 2414 1300 2418 ,

122 2467 192 2528 tam
207 2458 412 2548 presencium
431 2479 529 2545 quam
544 2459 647 2528 eciam
662 2457 840 2526 futurorum
865 2458 978 2524 harum
998 2458 1082 2526 serie
1097 2459 1245 2526 uolumus

123 2569 313 2654 peruenire:
342 2568 430 2654 qnod
454 2589 525 2636 curn
549 2567 704 2653 respectis
728 2587 787 2634 nos
811 2567 1021 2634 societatibus
1047 2573 1080 2634 et
1098 2567 1246 2652 seruicijs

123 2677 243 2744 Erderr
259 2675 392 2744 Comitis
408 2676 518 2744 dilecti
533 2677 648 2762 nostri,
666 2675 800 2743 articulo
820 2677 1023 2744 necessitatis
1033 2684 1143 2744 nostre
1153 2676 1245 2746 nobis

125 2784 300 2869 diligenter
316 2792 348 2853 et
362 2784 506 2854 studiose
522 2785 671 2872 peractis,
691 2783 849 2870 quasdam
865 2783 963 2852 uillas
979 2791 1107 2852 nostras
1123 2785 1246 2852 Pothen

123 2897 279 2976 uocatas,
303 2894 401 2960 simul
426 2913 498 2960 oum
524 2893 640 2960 ceteris
655 2889 865 2978 pertinencijs
882 2892 950 2959 suis
966 2893 1058 2959 iuxta
1073 2892 1245 2976 posscssio-

15 3039 20 3054 ·
123 3021 200 3068 nem
225 2999 304 3068 dicti
330 3001 446 3071 Erdew
471 2987 606 3072 comitis
627 3001 776 3070 dedimus
792 3008 823 3068 et
840 3002 1034 3069 contulimus
1050 3001 1113 3087 ipsi
1129 3001 1246 3070 Erdcw

94 3155 99 3160 -
126 3109 244 3178 comiti
270 3115 302 3177 et
327 3111 395 3177 suis
419 3110 590 3178 heredibus
609 3109 828 3194 heredumque
843 3127 973 3176 suorum
991 3107 1246 3178 succcessoribus

125 3217 258 3286 racione
273 3217 366 3286 mille
380 3237 561 3286 marcarum
577 3203 731 3305 perpetuo
751 3224 783 3285 et
797 3217 1054 3286 irreuocabiliter
1069 3217 1244 3302 habendas,

123 3323 283 3394 tenendus
308 3347 366 3394 seu
392 3327 494 3395 coium
521 3326 747 3412 possidendas.
787 3326 837 3391 ltc
863 3326 984 3411 eciam,
1018 3325 1104 3410 quod
1134 3327 1245 3395 nullus

122 3453 342 3502 successorum
368 3443 551 3502 nostrornm
583 3437 636 3502 uel
667 3441 877 3519 cognatorum
902 3433 1062 3518 prelatum
1089 3435 1245 3504 Comitem

121 3542 246 3632 Erdew,
265 3549 297 3609 et
311 3565 370 3632 per
385 3542 491 3628 ipsum
507 3563 582 3610 suos
600 3563 802 3611 successores
819 3542 860 3609 ob
876 3542 981 3610 dictas
999 3543 1097 3612 uillas
1113 3551 1245 3631 possent

122 3652 155 3718 in
173 3671 309 3722 causam
324 3649 513 3736 protrahere
529 3651 584 3718 uel
601 3649 786 3736 aliqualiter
802 3652 1023 3735 agenoreus
1039 3653 1111 3736 quis
1127 3674 1243 3737 cogna-

122 3763 226 3823 torum
258 3759 310 3825 nel
342 3777 563 3826 suceessorum
598 3766 779 3826 nostrorum
806 3766 879 3843 post
905 3759 1072 3828 decessum
1099 3769 1243 3831 nostrum

120 3865 221 3933 uellet
241 3865 331 3950 ipsas
347 3865 444 3932 uillas
461 3885 633 3951 reuocare,
658 3885 721 3932 non
747 3867 814 3934 alia
840 3867 879 3934 de
904 3889 1004 3936 causa
1028 3869 1138 3936 ualeat
1154 3893 1243 3939 reuo-

119 3993 194 4042 care
204 4025 213 4058 ,
245 3974 310 4069 nisi
335 3975 426 4061 prius
443 3975 547 4059 ipsam
562 3997 720 4043 summam
736 3978 871 4062 pecunie
887 3977 1032 4062 predicto
1049 3977 1168 4048 Erdew
1183 3982 1242 4049 Oo-

118 4081 189 4148 miti
215 4087 248 4150 et
274 4083 341 4150 suis
366 4083 606 4154 successoribus
632 4083 777 4170 plenarie
801 4083 975 4152 refundant
996 4091 1029 4152 et
1044 4089 1241 4170 persoluant.

118 4191 161 4257 Et
178 4191 206 4259 si
224 4191 280 4276 qni
296 4192 382 4260 ultra
397 4199 542 4260 nostram
558 4193 824 4261 constitucionem
840 4203 1062 4281 peragrarent,
1085 4195 1137 4262 uel
1153 4197 1242 4283 ipsas

117 4307 309 4368 recocarent
332 4301 374 4368 ah
399 4301 518 4368 Erdew
541 4301 683 4390 Comite,
707 4300 860 4369 Diuinam
888 4301 953 4368 sihi
976 4300 1242 4372 malediccionem

118 4415 252 4493 possent
283 4415 482 4495 perpetrare.
522 4411 565 4476 Vt
595 4417 701 4478 antem
732 4415 900 4494 presentes
923 4407 1121 4478 donaciones
1145 4412 1242 4479 robur

119 4517 267 4602 optineat
282 4516 454 4601 firmitatis,
479 4536 519 4584 ne
542 4517 654 4602 aliquo
670 4517 828 4584 curriculo
843 4525 1022 4602 temporum
1039 4537 1098 4603 per
1113 4517 1239 4602 aliquos

119 4625 153 4694 in
168 4625 294 4694 irritum
303 4626 414 4694 ualeat
424 4628 581 4715 reuocari,
597 4631 763 4711 presentes
776 4625 993 4694 concessimus
1002 4625 1129 4694 litteras
1138 4625 1242 4712 sigilli
