3138 5164
601 322 760 418 *ecc—

111 533 198 582 eauo
213 511 380 595 adiuncto,
399 514 614 598 quantitatem
631 519 663 580 et
673 512 865 596 qualitatem
883 515 1096 601 dempnomm
1115 538 1252 588 snorum

109 617 327 702 jurisjurandi
358 619 517 701 religione
533 617 731 705 dependant,
748 639 805 704 per
823 619 910 702 quod
927 621 1108 708 aduersarij
1128 645 1250 714 eorum,

119 726 176 809 qui
210 724 306 810 ville,
321 726 376 792 vel
408 725 539 792 villanis
570 725 759 812 nocuerint,
778 743 836 810 pro
862 727 1017 794 conuictis
1047 748 1107 817 per
1138 733 1250 798 omnia

115 829 265 915 plenarie
296 836 499 896 censeantur.
532 831 569 896 In
586 831 677 896 ouius
694 830 741 898 rei
757 831 963 916 memoriam,
990 833 1247 920 firmitatemque

114 942 306 1022 perpetuam
337 943 505 1019 presentes
538 936 755 1006 concessimus
785 937 927 1024 litteras,
960 937 1126 1023 duppliois
1143 942 1247 1024 sigilli

116 1042 222 1110 nestri
247 1041 423 1108 munimine
456 1041 636 1109 roboratas.
667 1041 789 1108 Datum
805 1063 865 1128 per
896 1063 1011 1111 manus
1044 1047 1245 1116 venerabilis

114 1149 220 1235 patris
236 1147 358 1215 domini
374 1145 528 1237 Th(nme)
548 1149 704 1235 Episcopi
732 1150 912 1217 Waoiensis
937 1151 1013 1219 aule
1031 1157 1143 1219 nostre
1160 1153 1247 1220 Oan-

114 1254 242 1339 cellarij
260 1254 370 1322 dilecti
396 1265 428 1321 et
453 1255 561 1322 fidelis
577 1258 680 1323 nostri
690 1279 698 1340 ;
730 1277 817 1323 anno
833 1255 967 1324 Domini
983 1258 1159 1326 millesimo
1176 1257 1248 1326 00·

113 1361 261 1428 LXXX⁰
276 1369 402 1448 emano,
420 1363 527 1446 Regni
543 1370 652 1428 antem
678 1366 781 1430 nostri
797 1384 881 1430 anno
897 1364 1129 1450 sextodecimo,
1146 1366 1251 1432 indie-

112 1471 209 1535 oiene
223 1469 339 1554 prima,
357 1469 601 1550 quartodecimo
618 1467 780 1537 kalendas
796 1470 889 1553 Maij.

113 1665 272 1730 tfflpmond
284 1661 376 1728 kirtly
399 1665 514 1714 uta-ki
528 1619 629 1716 altinate
647 1661 714 1716 utin
726 1667 823 1716 Knaua
844 1661 963 1730 Ntndor,
985 1666 1101 1731 Magyar
1114 1664 1181 1718 Sion
1195 1667 1248 1718 111.

595 1753 650 1802 uer.
665 1755 725 1803 eso.
739 1753 768 1820 r.)

576 2034 784 2045 ..--—-.-—.

640 2564 717 2631 334.

114 2765 140 2828 Ι
141 2761 180 2827 V.
195 2759 500 2844 Meddlcirdlyroalc
515 2759 711 2826 Weresulmc
721 2770 805 2825 aee-tt
811 2760 922 2846 foldet
937 2765 1094 2848 tdrpyaad
1110 2763 1248 2828 cdomd-

113 2889 185 2954 aya
200 2867 304 2949 Peter,
329 2859 464 2950 Gyapy
480 2886 579 2930 eomes
594 2863 706 2951 Abaaj
721 2869 846 2952 mepyei
853 2866 998 2952 fdispdn
1006 2868 1062 2950 fic
1078 2870 1246 2934 emutare.

636 2972 733 3036 1288.

224 3169 399 3236 Ladialans
424 3164 487 3232 Dei
525 3163 638 3247 gracia
676 3159 853 3249 Hnngarie,
885 3163 1065 3247 Dalmaeie,
1097 3165 1244 3245 (troanie,

113 3284 228 3361 Rame,
261 3273 386 3360 Seruio,
418 3271 576 3356 Gallicis,
608 3268 808 3354 Lodomerie,
841 3269 996 3336 Cumania
1026 3269 1249 3358 Belgariequs,

114 3389 189 3454 ltex
214 3381 366 3450 omuibus
390 3377 510 3446 Christi
535 3377 685 3444 fidelibus
710 3395 843 3461 presens
868 3375 1027 3460 seriptum
1052 3376 1248 3462 inspecturis

110 3492 255 3562 salutern
270 3487 302 3554 iu
320 3485 463 3554 omnium
479 3483 652 3552 saluatore
667 3481 784 3566 Regali
799 3481 933 3566 dignum
954 3487 1003 3550 est
1018 3490 1051 3550 et
1060 3485 1243 3569 expediens
1281 3489 1286 3494 ’

113 3619 185 3684 eos,
201 3597 257 3680 qni
273 3595 306 3661 in
322 3592 470 3676 seruicijs
491 3588 664 3658 dominicis
691 3609 727 3656 se
743 3596 904 3673 exercent,
930 3589 1154 3656 munificencia
1170 3609 1243 3672 gra-

112 3703 223 3785 tulari,
238 3708 275 3767 nt
289 3699 390 3768 ceteri
405 3701 548 3783 ipsorum
575 3696 723 3782 exemplo
755 3695 883 3764 inuitati
915 3695 959 3762 ad
990 3695 1115 3762 maiora
1145 3696 1249 3766 fideli-

114 3810 195 3877 tatis
226 3825 327 3891 opere
357 3802 597 3890 perducantur,
623 3801 814 3886 discantque
844 3822 904 3869 suo
935 3801 1079 3886 naturali
1112 3800 1247 3871 dominu

113 3913 283 3984 efficacius
322 3909 462 3978 adehere
506 3907 604 3996 (lgy).
649 3907 791 3977 Proinde
827 3908 870 3974 ad
900 3909 1124 3976 uniuersorum
1160 3913 1248 3979 noti·

114 4023 202 4089 eiam
232 4019 346 4086 harum
377 4019 461 4086 serie
492 4017 643 4083 uolumus
668 4016 859 4102 peruenire,
895 4011 981 4098 quod
1007 4006 1168 4083 accedens
1200 4017 1249 4087 ad.

113 4133 261 4198 nostram
293 4123 496 4210 prcscneiam
527 4123 645 4190 Petrus
677 4121 763 4187 tilius
798 4121 935 4187 Comitis
971 4119 1102 4203 Georgij
1131 4119 1250 4189 (lomes

113 4233 201 4302 Noui
217 4230 323 4298 Gastri
339 4226 476 4317 dilectus
487 4235 519 4296 et
535 4227 642 4294 fidelis
659 4233 779 4314 noster,
797 4225 962 4310 quandam
979 4231 1098 4292 terram
1116 4223 1247 4294 werec·-

114 4341 206 4408 alma
226 4342 378 4406 noestam
403 4335 436 4401 in
462 4333 624 4402 Oomitatu
640 4333 682 4401 de
693 4335 794 4400 Sarus
811 4333 1013 4418 existentem,
1031 4349 1128 4414 quam
1145 4331 1248 4398 unns

115 4455 149 4516 et
162 4445 223 4530 filij
240 4445 292 4512 sui
310 4442 573 4528 possidebant,a
596 4441 689 4508 uobis
714 4440 777 4507 sibi
803 4438 874 4504 dari
909 4437 1098 4524 postulauit.
1124 4433 1246 4506 Verum

114 4553 193 4637 quia
207 4569 308 4636 super
323 4548 410 4616 iacto
426 4546 571 4616 eiusdem
581 4553 667 4616 terre
681 4547 779 4615 nobis
795 4545 916 4614 ueritas
932 4565 997 4612 non
1017 4544 1200 4628 constabat,
1210 4541 1249 4609 fl-

140 4709 143 4714 .
162 4651 272 4720 sensurus.¹
288 4681 370 4718 nouo.
388 4681 458 4720 nrsr.
478 4691 520 4704 --
536 4683 607 4718 nuru..
625 4676 662 4718 17.
1013 4678 1017 4688 ’
1040 4653 1084 4716 30
