<?xml version="1.0" encoding="UTF-8"?>
<!DOCTYPE html PUBLIC "-//W3C//DTD XHTML 1.0 Transitional//EN"
    "http://www.w3.org/TR/xhtml1/DTD/xhtml1-transitional.dtd">
<html xmlns="http://www.w3.org/1999/xhtml" xml:lang="en" lang="en">
 <head>
  <title>
</title>
<meta http-equiv="Content-Type" content="text/html;charset=utf-8" />
  <meta name='ocr-system' content='tesseract 3.04.00' />
  <meta name='ocr-capabilities' content='ocr_page ocr_carea ocr_par ocr_line ocrx_word'/>
</head>
<body>
  <div class='ocr_page' id='page_1' title='image "./codexdiplomatic12wenzgoog_0622.png"; bbox 0 0 3146 5166; ppageno 0'>
   <div class='ocr_carea' id='block_1_1' title="bbox 807 963 885 1030">
    <p class='ocr_par' dir='ltr' id='par_1_1' title="bbox 807 963 885 1030">
     <span class='ocr_line' id='line_1_1' title="bbox 807 963 885 1030; baseline 0.013 -1"><span class='ocrx_word' id='word_1_1' title='bbox 807 963 885 1030; x_wconf 76' lang='lat'><strong>432.</strong></span> 
     </span>
    </p>
   </div>
   <div class='ocr_carea' id='block_1_2' title="bbox 257 1161 1410 1443">
    <p class='ocr_par' dir='ltr' id='par_1_2' title="bbox 257 1161 1410 1443">
     <span class='ocr_line' id='line_1_2' title="bbox 283 1161 1410 1250; baseline -0.002 -22"><span class='ocrx_word' id='word_1_2' title='bbox 283 1161 313 1228; x_wconf 85' lang='lat' dir='ltr'><em>A</em></span> <span class='ocrx_word' id='word_1_3' title='bbox 343 1166 435 1249; x_wconf 73' lang='lat' dir='ltr'><strong>pecoi</strong></span> <span class='ocrx_word' id='word_1_4' title='bbox 459 1165 685 1250; x_wconf 78' lang='lat' dir='ltr'><strong>kdplalcacclc</strong></span> <span class='ocrx_word' id='word_1_5' title='bbox 700 1163 851 1248; x_wconf 74' lang='lat' dir='ltr'><strong>jeleotdac</strong></span> <span class='ocrx_word' id='word_1_6' title='bbox 878 1163 936 1227; x_wconf 88' lang='lat' dir='ltr'><strong>IV.</strong></span> <span class='ocrx_word' id='word_1_7' title='bbox 963 1162 1077 1242; x_wconf 73' lang='lat' dir='ltr'><strong>Ldszld</strong></span> <span class='ocrx_word' id='word_1_8' title='bbox 1101 1164 1294 1249; x_wconf 72' lang='lat' dir='ltr'><strong>ici-rdlylroa,</strong></span> <span class='ocrx_word' id='word_1_9' title='bbox 1323 1164 1410 1248; x_wconf 71' lang='lat' dir='ltr'><strong>kopp</strong></span> 
     </span>
     <span class='ocr_line' id='line_1_3' title="bbox 257 1271 1408 1443; baseline -0.002 -109"><span class='ocrx_word' id='word_1_10' title='bbox 257 1271 418 1357; x_wconf 43' lang='grc' dir='ltr'><strong>ΚΚαρίαη</strong></span> <span class='ocrx_word' id='word_1_11' title='bbox 436 1272 562 1356; x_wconf 71' lang='lat' dir='ltr'><strong>helyseq</strong></span> <span class='ocrx_word' id='word_1_12' title='bbox 586 1295 608 1336; x_wconf 86' lang='grc' dir='ltr'>α</span> <span class='ocrx_word' id='word_1_13' title='bbox 633 1271 1145 1443; x_wconf 49' lang='lat' dir='ltr'><strong>nydlszigtinfficrglczocdrddnuk</strong></span> <span class='ocrx_word' id='word_1_14' title='bbox 1170 1271 1408 1336; x_wconf 70' lang='lat' dir='ltr'><strong>atatudltctott.</strong></span> 
     </span>
    </p>
   </div>
   <div class='ocr_carea' id='block_1_3' title="bbox 281 1587 1411 3598">
    <p class='ocr_par' dir='ltr' id='par_1_3' title="bbox 281 1587 1411 3493">
     <span class='ocr_line' id='line_1_4' title="bbox 388 1587 1407 1674; baseline 0.001 -20"><span class='ocrx_word' id='word_1_15' title='bbox 388 1587 668 1657; x_wconf 81' lang='lat' dir='ltr'><strong>Excellentissimo</strong></span> <span class='ocrx_word' id='word_1_16' title='bbox 684 1590 815 1656; x_wconf 90' lang='lat' dir='ltr'><strong>domino</strong></span> <span class='ocrx_word' id='word_1_17' title='bbox 832 1609 889 1654; x_wconf 86' lang='lat' dir='ltr'><strong>suo</strong></span> <span class='ocrx_word' id='word_1_18' title='bbox 906 1589 942 1654; x_wconf 93' lang='lat' dir='ltr'><strong>L.</strong></span> <span class='ocrx_word' id='word_1_19' title='bbox 960 1589 1021 1656; x_wconf 91' lang='lat' dir='ltr'><strong>Dei</strong></span> <span class='ocrx_word' id='word_1_20' title='bbox 1039 1589 1152 1674; x_wconf 79' lang='lat' dir='ltr'><strong>gracia</strong></span> <span class='ocrx_word' id='word_1_21' title='bbox 1167 1589 1250 1674; x_wconf 82' lang='lat' dir='ltr'><strong>Regi</strong></span> <span class='ocrx_word' id='word_1_22' title='bbox 1259 1589 1407 1674; x_wconf 81' lang='lat' dir='ltr'><strong>Vngarie</strong></span> 
     </span>
     <span class='ocr_line' id='line_1_5' title="bbox 283 1696 1408 1784; baseline 0 -22"><span class='ocrx_word' id='word_1_23' title='bbox 283 1696 467 1781; x_wconf 82' lang='lat' dir='ltr'>Capitulum</span> <span class='ocrx_word' id='word_1_24' title='bbox 484 1696 829 1782; x_wconf 78' lang='lat' dir='ltr'><strong>Quinqueecolcsieuse</strong></span> <span class='ocrx_word' id='word_1_25' title='bbox 852 1697 1019 1764; x_wconf 79' lang='lat' dir='ltr'><strong>oraciones</strong></span> <span class='ocrx_word' id='word_1_26' title='bbox 1034 1698 1068 1762; x_wconf 91' lang='lat' dir='ltr'><strong>in</strong></span> <span class='ocrx_word' id='word_1_27' title='bbox 1085 1697 1234 1763; x_wconf 90' lang='lat' dir='ltr'><strong>Domino.</strong></span> <span class='ocrx_word' id='word_1_28' title='bbox 1252 1698 1408 1784; x_wconf 84' lang='lat' dir='ltr'><strong>Receptie</strong></span> 
     </span>
     <span class='ocr_line' id='line_1_6' title="bbox 282 1801 1408 1889; baseline 0.003 -22"><span class='ocrx_word' id='word_1_29' title='bbox 282 1801 399 1868; x_wconf 84' lang='lat' dir='ltr'><strong>litteris</strong></span> <span class='ocrx_word' id='word_1_30' title='bbox 416 1801 626 1871; x_wconf 73' lang='lat' dir='ltr'><strong>celsitudinis</strong></span> <span class='ocrx_word' id='word_1_31' title='bbox 642 1803 767 1888; x_wconf 89' lang='lat' dir='ltr'><strong>Uestrc,</strong></span> <span class='ocrx_word' id='word_1_32' title='bbox 784 1804 914 1869; x_wconf 91' lang='lat' dir='ltr'><strong>nomine</strong></span> <span class='ocrx_word' id='word_1_33' title='bbox 931 1824 970 1870; x_wconf 86' lang='lat' dir='ltr'><strong>ac</strong></span> <span class='ocrx_word' id='word_1_34' title='bbox 988 1803 1060 1868; x_wconf 87' lang='lat' dir='ltr'><strong>uice</strong></span> <span class='ocrx_word' id='word_1_35' title='bbox 1076 1803 1276 1870; x_wconf 86' lang='lat' dir='ltr'><strong>venerabilis</strong></span> <span class='ocrx_word' id='word_1_36' title='bbox 1301 1803 1408 1889; x_wconf 83' lang='lat' dir='ltr'><strong>patris</strong></span> 
     </span>
     <span class='ocr_line' id='line_1_7' title="bbox 283 1906 1408 1995; baseline 0.003 -23"><span class='ocrx_word' id='word_1_37' title='bbox 283 1906 403 1973; x_wconf 92' lang='lat' dir='ltr'><strong>domini</strong></span> <span class='ocrx_word' id='word_1_38' title='bbox 429 1911 532 1976; x_wconf 83' lang='lat' dir='ltr'><strong>nostri</strong></span> <span class='ocrx_word' id='word_1_39' title='bbox 554 1912 583 1978; x_wconf 89' lang='lat' dir='ltr'><strong>J.</strong></span> <span class='ocrx_word' id='word_1_40' title='bbox 601 1909 663 1976; x_wconf 87' lang='lat' dir='ltr'><strong>Dei</strong></span> <span class='ocrx_word' id='word_1_41' title='bbox 680 1910 792 1994; x_wconf 83' lang='lat' dir='ltr'><strong>gracia</strong></span> <span class='ocrx_word' id='word_1_42' title='bbox 809 1909 1164 1994; x_wconf 82' lang='lat' dir='ltr'><strong>Quinqueeoclesiensis</strong></span> <span class='ocrx_word' id='word_1_43' title='bbox 1181 1909 1333 1995; x_wconf 83' lang='lat' dir='ltr'><strong>Episcopi</strong></span> <span class='ocrx_word' id='word_1_44' title='bbox 1352 1910 1408 1975; x_wconf 92' lang='lat' dir='ltr'><strong>ho·</strong></span> 
     </span>
     <span class='ocr_line' id='line_1_8' title="bbox 283 2015 1410 2094; baseline 0.001 -15"><span class='ocrx_word' id='word_1_45' title='bbox 283 2015 377 2080; x_wconf 87' lang='lat' dir='ltr'><strong>minis</strong></span> <span class='ocrx_word' id='word_1_46' title='bbox 408 2016 515 2094; x_wconf 84' lang='lat' dir='ltr'><strong>uestri,</strong></span> <span class='ocrx_word' id='word_1_47' title='bbox 531 2015 663 2082; x_wconf 78' lang='lat' dir='ltr'><strong>officiali</strong></span> <span class='ocrx_word' id='word_1_48' title='bbox 694 2036 751 2082; x_wconf 90' lang='lat' dir='ltr'><strong>suo</strong></span> <span class='ocrx_word' id='word_1_49' title='bbox 767 2015 936 2083; x_wconf 87' lang='lat' dir='ltr'><strong>Swmcher</strong></span> <span class='ocrx_word' id='word_1_50' title='bbox 951 2015 1127 2081; x_wconf 85' lang='lat' dir='ltr'><strong>Benedicto</strong></span> <span class='ocrx_word' id='word_1_51' title='bbox 1143 2023 1289 2080; x_wconf 90' lang='lat' dir='ltr'><strong>nostrum</strong></span> <span class='ocrx_word' id='word_1_52' title='bbox 1306 2015 1410 2080; x_wconf 90' lang='lat' dir='ltr'><strong>homi·</strong></span> 
     </span>
     <span class='ocr_line' id='line_1_9' title="bbox 283 2121 1408 2209; baseline -0.001 -21"><span class='ocrx_word' id='word_1_53' title='bbox 283 2143 355 2188; x_wconf 89' lang='lat' dir='ltr'><strong>nem</strong></span> <span class='ocrx_word' id='word_1_54' title='bbox 372 2123 600 2209; x_wconf 84' lang='lat' dir='ltr'><strong>concessimus,</strong></span> <span class='ocrx_word' id='word_1_55' title='bbox 617 2129 652 2188; x_wconf 90' lang='lat' dir='ltr'><strong>ut</strong></span> <span class='ocrx_word' id='word_1_56' title='bbox 668 2143 776 2188; x_wconf 90' lang='lat' dir='ltr'><strong>coram</strong></span> <span class='ocrx_word' id='word_1_57' title='bbox 793 2143 830 2189; x_wconf 90' lang='lat' dir='ltr'><strong>eo</strong></span> <span class='ocrx_word' id='word_1_58' title='bbox 847 2121 1009 2207; x_wconf 86' lang='lat' dir='ltr'><strong>quandam</strong></span> <span class='ocrx_word' id='word_1_59' title='bbox 1025 2129 1144 2189; x_wconf 86' lang='lat' dir='ltr'><strong>terram</strong></span> <span class='ocrx_word' id='word_1_60' title='bbox 1161 2123 1293 2208; x_wconf 79' lang='lat' dir='ltr'><strong>Kopion</strong></span> <span class='ocrx_word' id='word_1_61' title='bbox 1310 2142 1408 2187; x_wconf 86' lang='lat' dir='ltr'><strong>uoca-</strong></span> 
     </span>
     <span class='ocr_line' id='line_1_10' title="bbox 283 2227 1411 2314; baseline 0.001 -21"><span class='ocrx_word' id='word_1_62' title='bbox 283 2236 360 2314; x_wconf 86' lang='lat' dir='ltr'><strong>tam,</strong></span> <span class='ocrx_word' id='word_1_63' title='bbox 377 2249 473 2311; x_wconf 89' lang='lat' dir='ltr'><strong>quam</strong></span> <span class='ocrx_word' id='word_1_64' title='bbox 491 2228 682 2310; x_wconf 84' lang='lat' dir='ltr'><strong>dominabus</strong></span> <span class='ocrx_word' id='word_1_65' title='bbox 708 2229 870 2295; x_wconf 86' lang='lat' dir='ltr'><strong>sororibus</strong></span> <span class='ocrx_word' id='word_1_66' title='bbox 896 2229 1045 2296; x_wconf 82' lang='lat' dir='ltr'><strong>Ecclesia</strong></span> <span class='ocrx_word' id='word_1_67' title='bbox 1070 2229 1170 2294; x_wconf 86' lang='lat' dir='ltr'><strong>Beato</strong></span> <span class='ocrx_word' id='word_1_68' title='bbox 1195 2227 1340 2310; x_wconf 82' lang='lat' dir='ltr'><strong>Virginis</strong></span> <span class='ocrx_word' id='word_1_69' title='bbox 1367 2229 1411 2294; x_wconf 91' lang='lat' dir='ltr'><strong>de</strong></span> 
     </span>
     <span class='ocr_line' id='line_1_11' title="bbox 281 2333 1408 2424; baseline 0.003 -24"><span class='ocrx_word' id='word_1_70' title='bbox 281 2337 393 2402; x_wconf 92' lang='lat' dir='ltr'><strong>Insula</strong></span> <span class='ocrx_word' id='word_1_71' title='bbox 409 2336 599 2424; x_wconf 82' lang='lat' dir='ltr'><strong>contulistis,</strong></span> <span class='ocrx_word' id='word_1_72' title='bbox 611 2337 817 2422; x_wconf 90' lang='lat' dir='ltr'><strong>peramburat</strong></span> <span class='ocrx_word' id='word_1_73' title='bbox 828 2335 914 2423; x_wconf 83' lang='lat' dir='ltr'><strong>(lgy)</strong></span> <span class='ocrx_word' id='word_1_74' title='bbox 926 2343 958 2403; x_wconf 91' lang='lat' dir='ltr'><strong>et</strong></span> <span class='ocrx_word' id='word_1_75' title='bbox 968 2344 1123 2404; x_wconf 85' lang='lat' dir='ltr'><strong>statueret</strong></span> <span class='ocrx_word' id='word_1_76' title='bbox 1134 2333 1273 2420; x_wconf 78' lang='lat' dir='ltr'><strong>eisdem3</strong></span> <span class='ocrx_word' id='word_1_77' title='bbox 1291 2337 1317 2402; x_wconf 89' lang='lat' dir='ltr'><strong>si</strong></span> <span class='ocrx_word' id='word_1_78' title='bbox 1329 2355 1408 2403; x_wconf 89' lang='lat' dir='ltr'><strong>uero</strong></span> 
     </span>
     <span class='ocr_line' id='line_1_12' title="bbox 282 2443 1410 2528; baseline -0.001 -19"><span class='ocrx_word' id='word_1_79' title='bbox 282 2444 372 2510; x_wconf 90' lang='lat' dir='ltr'><strong>fieret</strong></span> <span class='ocrx_word' id='word_1_80' title='bbox 387 2445 633 2528; x_wconf 86' lang='lat' dir='ltr'><strong>contradictum,</strong></span> <span class='ocrx_word' id='word_1_81' title='bbox 659 2443 953 2510; x_wconf 87' lang='lat' dir='ltr'><strong>contradictoribus</strong></span> <span class='ocrx_word' id='word_1_82' title='bbox 971 2445 1004 2509; x_wconf 91' lang='lat' dir='ltr'><strong>in</strong></span> <span class='ocrx_word' id='word_1_83' title='bbox 1031 2451 1172 2510; x_wconf 89' lang='lat' dir='ltr'><strong>uestram</strong></span> <span class='ocrx_word' id='word_1_84' title='bbox 1200 2443 1410 2527; x_wconf 83' lang='lat' dir='ltr'><strong>presenciam</strong></span> 
     </span>
     <span class='ocr_line' id='line_1_13' title="bbox 282 2550 1410 2635; baseline -0.004 -15"><span class='ocrx_word' id='word_1_85' title='bbox 282 2553 437 2620; x_wconf 88' lang='lat' dir='ltr'><strong>euocatis.</strong></span> <span class='ocrx_word' id='word_1_86' title='bbox 455 2552 543 2616; x_wconf 86' lang='lat' dir='ltr'><strong>Idam</strong></span> <span class='ocrx_word' id='word_1_87' title='bbox 559 2550 657 2620; x_wconf 92' lang='lat' dir='ltr'><strong>homo</strong></span> <span class='ocrx_word' id='word_1_88' title='bbox 675 2559 793 2635; x_wconf 87' lang='lat' dir='ltr'><strong>noster,</strong></span> <span class='ocrx_word' id='word_1_89' title='bbox 811 2570 963 2628; x_wconf 81' lang='lat' dir='ltr'><strong>unacum</strong></span> <span class='ocrx_word' id='word_1_90' title='bbox 980 2551 1094 2618; x_wconf 86' lang='lat' dir='ltr'><strong>eodem</strong></span> <span class='ocrx_word' id='word_1_91' title='bbox 1120 2551 1283 2617; x_wconf 83' lang='lat' dir='ltr'><strong>Svmcher</strong></span> <span class='ocrx_word' id='word_1_92' title='bbox 1309 2551 1410 2616; x_wconf 85' lang='lat' dir='ltr'><strong>Benc-</strong></span> 
     </span>
     <span class='ocr_line' id='line_1_14' title="bbox 283 2656 1410 2740; baseline 0 -18"><span class='ocrx_word' id='word_1_93' title='bbox 283 2656 368 2724; x_wconf 90' lang='lat' dir='ltr'><strong>dioto</strong></span> <span class='ocrx_word' id='word_1_94' title='bbox 384 2657 428 2722; x_wconf 87' lang='lat' dir='ltr'><strong>ad</strong></span> <span class='ocrx_word' id='word_1_95' title='bbox 444 2679 503 2723; x_wconf 87' lang='lat' dir='ltr'><strong>nos</strong></span> <span class='ocrx_word' id='word_1_96' title='bbox 521 2657 650 2724; x_wconf 87' lang='lat' dir='ltr'><strong>rediens</strong></span> <span class='ocrx_word' id='word_1_97' title='bbox 668 2657 761 2724; x_wconf 87' lang='lat' dir='ltr'><strong>nobis</strong></span> <span class='ocrx_word' id='word_1_98' title='bbox 778 2657 889 2723; x_wconf 85' lang='lat' dir='ltr'><strong>retulit</strong></span> <span class='ocrx_word' id='word_1_99' title='bbox 906 2657 983 2722; x_wconf 84' lang='lat' dir='ltr'><strong>viua</strong></span> <span class='ocrx_word' id='word_1_100' title='bbox 1001 2678 1098 2724; x_wconf 87' lang='lat' dir='ltr'><strong>uoce:</strong></span> <span class='ocrx_word' id='word_1_101' title='bbox 1114 2656 1208 2734; x_wconf 82' lang='lat' dir='ltr'><strong>Quod</strong></span> <span class='ocrx_word' id='word_1_102' title='bbox 1223 2657 1295 2740; x_wconf 90' lang='lat' dir='ltr'><strong>ipse</strong></span> <span class='ocrx_word' id='word_1_103' title='bbox 1307 2657 1410 2722; x_wconf 88' lang='lat' dir='ltr'><strong>Bene·</strong></span> 
     </span>
     <span class='ocr_line' id='line_1_15' title="bbox 283 2763 1406 2854; baseline 0 -26"><span class='ocrx_word' id='word_1_104' title='bbox 283 2763 388 2829; x_wconf 89' lang='lat' dir='ltr'><strong>dictus</strong></span> <span class='ocrx_word' id='word_1_105' title='bbox 403 2764 587 2830; x_wconf 88' lang='lat' dir='ltr'><strong>accedendo</strong></span> <span class='ocrx_word' id='word_1_106' title='bbox 604 2783 700 2854; x_wconf 72' lang='lat' dir='ltr'><strong>super</strong></span> <span class='ocrx_word' id='word_1_107' title='bbox 710 2763 827 2829; x_wconf 88' lang='lat' dir='ltr'><strong>faciem</strong></span> <span class='ocrx_word' id='word_1_108' title='bbox 842 2763 945 2848; x_wconf 90' lang='lat' dir='ltr'><strong>ipsius</strong></span> <span class='ocrx_word' id='word_1_109' title='bbox 956 2769 1041 2830; x_wconf 86' lang='lat' dir='ltr'><strong>terre</strong></span> <span class='ocrx_word' id='word_1_110' title='bbox 1058 2763 1187 2848; x_wconf 86' lang='lat' dir='ltr'><strong>Kaplan</strong></span> <span class='ocrx_word' id='word_1_111' title='bbox 1199 2764 1406 2849; x_wconf 75' lang='lat' dir='ltr'><strong>perambula</strong></span> 
     </span>
     <span class='ocr_line' id='line_1_16' title="bbox 283 2867 1408 2955; baseline 0 -21"><span class='ocrx_word' id='word_1_112' title='bbox 283 2871 330 2934; x_wconf 91' lang='lat' dir='ltr'><strong>uit</strong></span> <span class='ocrx_word' id='word_1_113' title='bbox 350 2871 508 2955; x_wconf 88' lang='lat' dir='ltr'><strong>·eande1n;</strong></span> <span class='ocrx_word' id='word_1_114' title='bbox 529 2871 586 2936; x_wconf 85' lang='lat' dir='ltr'><strong>sed</strong></span> <span class='ocrx_word' id='word_1_115' title='bbox 613 2868 726 2936; x_wconf 85' lang='lat' dir='ltr'><strong>Comes</strong></span> <span class='ocrx_word' id='word_1_116' title='bbox 756 2869 903 2936; x_wconf 80' lang='lat' dir='ltr'><strong>lllorixan</strong></span> <span class='ocrx_word' id='word_1_117' title='bbox 927 2871 1014 2936; x_wconf 90' lang='lat' dir='ltr'><strong>filius</strong></span> <span class='ocrx_word' id='word_1_118' title='bbox 1039 2869 1166 2936; x_wconf 84' lang='lat' dir='ltr'><strong>Morfan</strong></span> <span class='ocrx_word' id='word_1_119' title='bbox 1194 2867 1408 2954; x_wconf 82' lang='lat' dir='ltr'><strong>contradixit;</strong></span> 
     </span>
     <span class='ocr_line' id='line_1_17' title="bbox 283 2974 1409 3061; baseline 0 -19"><span class='ocrx_word' id='word_1_120' title='bbox 283 2993 377 3059; x_wconf 82' lang='lat' dir='ltr'><strong>quem</strong></span> <span class='ocrx_word' id='word_1_121' title='bbox 396 2978 598 3043; x_wconf 83' lang='lat' dir='ltr'><strong>Morixanum</strong></span> <span class='ocrx_word' id='word_1_122' title='bbox 625 2977 711 3043; x_wconf 91' lang='lat' dir='ltr'><strong>idem</strong></span> <span class='ocrx_word' id='word_1_123' title='bbox 728 2977 922 3043; x_wconf 88' lang='lat' dir='ltr'><strong>Benedictus</strong></span> <span class='ocrx_word' id='word_1_124' title='bbox 939 2977 1052 3042; x_wconf 85' lang='lat' dir='ltr'><strong>citauit</strong></span> <span class='ocrx_word' id='word_1_125' title='bbox 1077 2977 1110 3041; x_wconf 92' lang='lat' dir='ltr'><strong>in</strong></span> <span class='ocrx_word' id='word_1_126' title='bbox 1135 2974 1336 3061; x_wconf 83' lang='lat' dir='ltr'><strong>presenciam</strong></span> <span class='ocrx_word' id='word_1_127' title='bbox 1354 2997 1409 3042; x_wconf 93' lang='lat' dir='ltr'><strong>ue·</strong></span> 
     </span>
     <span class='ocr_line' id='line_1_18' title="bbox 283 3085 1406 3172; baseline -0.002 -22"><span class='ocrx_word' id='word_1_128' title='bbox 283 3095 393 3172; x_wconf 85' lang='lat' dir='ltr'><strong>stram,</strong></span> <span class='ocrx_word' id='word_1_129' title='bbox 412 3089 584 3153; x_wconf 89' lang='lat' dir='ltr'><strong>terminum</strong></span> <span class='ocrx_word' id='word_1_130' title='bbox 603 3087 755 3154; x_wconf 86' lang='lat' dir='ltr'><strong>uidelicet</strong></span> <span class='ocrx_word' id='word_1_131' title='bbox 771 3087 1078 3170; x_wconf 82' lang='lat' dir='ltr'><strong>quintumdecimum</strong></span> <span class='ocrx_word' id='word_1_132' title='bbox 1091 3087 1175 3153; x_wconf 91' lang='lat' dir='ltr'><strong>diem</strong></span> <span class='ocrx_word' id='word_1_133' title='bbox 1203 3093 1280 3152; x_wconf 89' lang='lat' dir='ltr'><strong>ante</strong></span> <span class='ocrx_word' id='word_1_134' title='bbox 1291 3085 1406 3151; x_wconf 88' lang='lat' dir='ltr'><strong>festum</strong></span> 
     </span>
     <span class='ocr_line' id='line_1_19' title="bbox 282 3192 1406 3281; baseline -0.002 -24"><span class='ocrx_word' id='word_1_135' title='bbox 282 3193 374 3260; x_wconf 88' lang='lat' dir='ltr'><strong>Beati</strong></span> <span class='ocrx_word' id='word_1_136' title='bbox 391 3194 507 3278; x_wconf 81' lang='lat' dir='ltr'><strong>Egedij</strong></span> <span class='ocrx_word' id='word_1_137' title='bbox 526 3194 743 3281; x_wconf 89' lang='lat' dir='ltr'><strong>computando</strong></span> <span class='ocrx_word' id='word_1_138' title='bbox 760 3195 953 3278; x_wconf 84' lang='lat' dir='ltr'><strong>assignauit.</strong></span> <span class='ocrx_word' id='word_1_139' title='bbox 970 3194 1011 3258; x_wconf 85' lang='lat' dir='ltr'><strong>Et</strong></span> <span class='ocrx_word' id='word_1_140' title='bbox 1036 3193 1098 3260; x_wconf 90' lang='lat' dir='ltr'><strong>hoc</strong></span> <span class='ocrx_word' id='word_1_141' title='bbox 1113 3193 1228 3260; x_wconf 87' lang='lat' dir='ltr'><strong>Uestre</strong></span> <span class='ocrx_word' id='word_1_142' title='bbox 1254 3192 1406 3257; x_wconf 79' lang='lat' dir='ltr'><strong>duximus</strong></span> 
     </span>
     <span class='ocr_line' id='line_1_20' title="bbox 282 3297 1405 3387; baseline -0.002 -25"><span class='ocrx_word' id='word_1_143' title='bbox 282 3299 487 3365; x_wconf 86' lang='lat' dir='ltr'><strong>Excellencic</strong></span> <span class='ocrx_word' id='word_1_144' title='bbox 503 3300 754 3387; x_wconf 87' lang='lat' dir='ltr'><strong>rescribendum,</strong></span> <span class='ocrx_word' id='word_1_145' title='bbox 773 3321 868 3382; x_wconf 90' lang='lat' dir='ltr'><strong>quum</strong></span> <span class='ocrx_word' id='word_1_146' title='bbox 887 3301 935 3366; x_wconf 87' lang='lat' dir='ltr'><strong>sic</strong></span> <span class='ocrx_word' id='word_1_147' title='bbox 950 3305 1167 3385; x_wconf 86' lang='lat' dir='ltr'><strong>receperimus</strong></span> <span class='ocrx_word' id='word_1_148' title='bbox 1182 3300 1215 3364; x_wconf 92' lang='lat' dir='ltr'><strong>in</strong></span> <span class='ocrx_word' id='word_1_149' title='bbox 1234 3297 1405 3364; x_wconf 83' lang='lat' dir='ltr'><strong>mandatis.</strong></span> 
     </span>
     <span class='ocr_line' id='line_1_21' title="bbox 283 3405 1159 3493; baseline 0 -24"><span class='ocrx_word' id='word_1_150' title='bbox 283 3407 402 3471; x_wconf 88' lang='lat' dir='ltr'><strong>Datum</strong></span> <span class='ocrx_word' id='word_1_151' title='bbox 418 3407 452 3470; x_wconf 92' lang='lat' dir='ltr'><strong>in</strong></span> <span class='ocrx_word' id='word_1_152' title='bbox 467 3405 571 3471; x_wconf 86' lang='lat' dir='ltr'><strong>tercia</strong></span> <span class='ocrx_word' id='word_1_153' title='bbox 586 3406 670 3473; x_wconf 87' lang='lat' dir='ltr'><strong>feria</strong></span> <span class='ocrx_word' id='word_1_154' title='bbox 686 3413 761 3493; x_wconf 85' lang='lat' dir='ltr'><strong>post</strong></span> <span class='ocrx_word' id='word_1_155' title='bbox 776 3405 893 3473; x_wconf 79' lang='lat' dir='ltr'><strong>testum</strong></span> <span class='ocrx_word' id='word_1_156' title='bbox 910 3407 1022 3472; x_wconf 83' lang='lat' dir='ltr'><strong>Sancti</strong></span> <span class='ocrx_word' id='word_1_157' title='bbox 1040 3406 1159 3490; x_wconf 83' lang='lat' dir='ltr'><strong>Egidij.</strong></span> 
     </span>
    </p>

    <p class='ocr_par' dir='ltr' id='par_1_4' title="bbox 391 3511 975 3598">
     <span class='ocr_line' id='line_1_22' title="bbox 391 3511 975 3598; baseline 0.002 -22"><span class='ocrx_word' id='word_1_158' title='bbox 391 3511 441 3576; x_wconf 90' lang='lat' dir='ltr'><strong>Ki</strong></span> <span class='ocrx_word' id='word_1_159' title='bbox 452 3522 502 3579; x_wconf 85' lang='lat' dir='ltr'><strong>vlt</strong></span> <span class='ocrx_word' id='word_1_160' title='bbox 515 3515 543 3578; x_wconf 94' lang='lat' dir='ltr'><strong>l:</strong></span> <span class='ocrx_word' id='word_1_161' title='bbox 568 3515 707 3580; x_wconf 90' lang='lat' dir='ltr'><strong>Domino</strong></span> <span class='ocrx_word' id='word_1_162' title='bbox 724 3515 806 3598; x_wconf 82' lang='lat' dir='ltr'><strong>Regi</strong></span> <span class='ocrx_word' id='word_1_163' title='bbox 821 3513 975 3596; x_wconf 84' lang='lat' dir='ltr'><strong>Vngarie.</strong></span> 
     </span>
    </p>
   </div>
   <div class='ocr_carea' id='block_1_4' title="bbox 283 3677 1410 3777">
    <p class='ocr_par' dir='ltr' id='par_1_5' title="bbox 283 3677 1410 3777">
     <span class='ocr_line' id='line_1_23' title="bbox 283 3677 1410 3777; baseline -0.004 -17"><span class='ocrx_word' id='word_1_164' title='bbox 283 3709 417 3772; x_wconf 84' lang='lat' dir='ltr'><strong>(Eredotie</strong></span> <span class='ocrx_word' id='word_1_165' title='bbox 430 3705 603 3774; x_wconf 61' lang='lat' dir='ltr'><strong>bllrhdrtysin,</strong></span> <span class='ocrx_word' id='word_1_166' title='bbox 620 3709 742 3777; x_wconf 76' lang='lat' dir='ltr'><strong>apecsdt</strong></span> <span class='ocrx_word' id='word_1_167' title='bbox 752 3711 909 3774; x_wconf 63' lang='lat' dir='ltr'><strong>siracusas</strong></span> <span class='ocrx_word' id='word_1_168' title='bbox 924 3677 1004 3764; x_wconf 73' lang='lat' dir='ltr'><strong>bndci</strong></span> <span class='ocrx_word' id='word_1_169' title='bbox 1018 3711 1069 3764; x_wconf 82' lang='lat' dir='ltr'><strong>lrir.</strong></span> <span class='ocrx_word' id='word_1_170' title='bbox 1082 3710 1203 3762; x_wconf 68' lang='lat' dir='ltr'><strong>kamarai</strong></span> <span class='ocrx_word' id='word_1_171' title='bbox 1213 3701 1410 3769; x_wconf 66' lang='lat' dir='ltr'><strong>lardltdrban.)</strong></span> 
     </span>
    </p>
   </div>
   <div class='ocr_carea' id='block_1_5' title="bbox 0 0 1578 5166">
    <p class='ocr_par' dir='ltr' id='par_1_6' title="bbox 0 0 1578 5166">
     <span class='ocr_line' id='line_1_24' title="bbox 0 0 1578 5166; baseline 0 0"><span class='ocrx_word' id='word_1_172' title='bbox 0 0 1578 5166; x_wconf 95' lang='lat' dir='ltr'><strong> </strong></span> 
     </span>
    </p>
   </div>
  </div>
 </body>
</html>
