3124 5158
839 377 997 475 314-

353 577 424 654 ret;
447 589 519 638 eam
546 569 769 656 presentibus,
795 575 827 636 et
852 576 961 636 nostro
982 569 1093 654 sigillo
1110 569 1246 635 fecimus
1262 567 1378 654 pariter
1392 586 1462 632 com·

352 679 480 744 muniri.
496 677 615 744 Datum
631 677 723 743 Budc
738 697 823 745 anno
839 677 970 744 Domini
994 675 1213 744 M⁰CO⁰LXX⁰
1230 675 1463 758 nonoinrigiiia

350 784 444 852 Beati
459 783 619 852 iohannis
639 784 797 872 Baptiste.

430 977 481 1050 (Δι
494 981 595 1036 enodati
608 981 676 1036 utin
691 984 788 1036 Knaua
802 979 919 1052 Ndudor,
938 984 1054 1050 Magyar
1074 983 1138 1034 Sion
1151 984 1203 1034 111.
1217 983 1276 1034 irbt.
1290 981 1348 1032 889.
1362 980 1388 1047 l.)

813 1269 1025 1282 ῳ

747 1632 751 1644 ’
881 1656 951 1726 reu.

354 1859 419 1923 IV.
445 1858 562 1924 Manto
577 1857 688 1941 kirdly
706 1858 882 1940 meyerdsiti
908 1856 1083 1942 liupoldot
1113 1855 1318 1943 Trezlcffldt
1335 1857 1461 1941 Scaptey

612 1969 777 2049 odrauepye
793 1962 1088 2048 fuispomopcban.
1129 1957 1225 2030 1279.

459 2160 528 2226 Nos
553 2157 728 2225 Ladialaus
753 2159 814 2223 Dei
836 2157 948 2242 gracia
964 2159 1032 2224 Rex
1048 2159 1215 2242 Hnngarie
1230 2159 1377 2228 memorie
1391 2177 1458 2224 oon·

352 2268 544 2334 mandantes
559 2265 778 2349 significamus
804 2265 964 2340 uniuersis
990 2265 1105 2350 quibus
1125 2265 1257 2352 expedit
1279 2266 1458 2353 presencium

353 2382 589 2460 perueneram:
614 2371 700 2455 qnod
716 2372 833 2438 Comes
849 2371 1061 2459 Lynppoldns
1087 2375 1174 2440 filins
1191 2372 1276 2462 (tgy)
1297 2371 1458 2456 'Prudepby

351 2479 458 2548 tidelis
475 2487 583 2546 noster
599 2479 748 2545 exhibuit
763 2478 857 2546 nobis
883 2486 1033 2564 potentes
1051 2481 1177 2548 litteras
1193 2480 1315 2547 domini
1330 2481 1401 2548 Bele
1414 2477 1457 2542 aui

352 2589 455 2655 nostri
470 2586 647 2671 karissimi,
666 2585 870 2652 Serenissimi
886 2586 983 2669 Regia
1000 2586 1167 2670 Hungaric
1182 2587 1362 2655 felicissimi
1371 2603 1456 2652 recor-

353 2695 513 2782 dacionis,
536 2701 651 2781 petens
670 2715 730 2762 nos
746 2713 818 2759 cum
835 2692 1006 2778 instancia,
1030 2701 1066 2760 ut
1082 2697 1171 2781 ipsas
1187 2702 1277 2762 ratas
1294 2695 1411 2779 habere,
1431 2698 1456 2757 ct

352 2802 472 2870 nostris
502 2801 712 2885 dignaremur
740 2802 929 2886 patentibus
959 2800 1077 2868 litteris
1103 2801 1302 2869 confirmare.
1334 2800 1454 2878 Quarum

353 2908 482 2994 quidem
497 2909 678 2980 litterarum
693 2915 785 2974 tenor
801 2909 880 2974 talis
896 2917 963 2975 est:

459 3016 528 3083 Nos
545 3016 628 3080 Belo
643 3017 703 3083 stb.
731 3013 816 3098 qnod
832 3016 915 3082 sicut
931 3015 1017 3082 fideli
1033 3020 1143 3083 nostro
1160 3015 1320 3102 Truslcph
1336 3015 1455 3082 coniu-

351 3131 420 3190 tum
440 3123 481 3190 de
497 3123 652 3207 Semptey
669 3124 928 3210 contuleramus,
962 3123 1009 3190 sic
1035 3124 1137 3190 eoiam
1158 3129 1231 3208 post
1247 3131 1376 3190 mortem
1390 3121 1454 3186 eins·

353 3229 427 3296 dem
441 3228 612 3314 Truslcph,
628 3228 829 3297 aduertendc
845 3230 1036 3298 fidelitatem
1053 3251 1156 3317 suam,
1173 3238 1204 3296 ct
1220 3232 1324 3299 eciam
1339 3227 1456 3296 seruicia

351 3336 470 3423 tidelia,
494 3355 557 3420 que
574 3335 676 3402 irater
693 3353 770 3402 suus
787 3337 1016 3423 Lyuppoldus,
1042 3358 1108 3404 vna
1130 3357 1202 3405 cum
1218 3338 1317 3404 fratre
1333 3357 1387 3404 suo
1402 3353 1455 3420 pre·

352 3445 439 3510 dicto
454 3449 562 3510 nostre
578 3443 744 3510 Maiestati
761 3443 975 3512 exbibuerunt
990 3444 1154 3512 indefesse
1179 3445 1240 3512 stb.
1268 3439 1456 3533 (kbvetkerik
1517 3529 1518 3533 Ἰ

352 3549 837 3640 lv.Belakiro1yoknanya,
871 3553 952 3620 mint
976 3551 1258 3640 gyttjtemenyunk
1283 3551 1350 3619 elsb
1374 3549 1455 3632 ioiya·
1516 3591 1517 3623 i

350 3658 472 3726 mtnak
487 3658 545 3725 111.
560 3658 733 3726 kotetcbcn
751 3665 780 3726 1.
797 3661 834 3746 l.)
1515 3673 1516 3676 ’

457 3767 525 3834 Nos
557 3769 667 3850 itaque
691 3766 888 3854 peticionem
915 3771 1020 3854 ipsius
1038 3767 1172 3836 comitis
1186 3767 1368 3856 Lyuppoldi
1382 3764 1454 3830 fauo

350 3874 497 3943 rabiliter
512 3875 740 3962 admittentes,
764 3878 968 3961 presentibus
995 3877 1036 3946 de
1051 3881 1151 3946 uerbo
1168 3877 1212 3944 ad
1227 3879 1360 3946 uerbum
1375 3867 1454 3938 inseri
1512 3911 1513 3975 ,

349 3980 500 4050 faciendo
517 3983 708 4050 auctoritate
724 3986 926 4068 presencium
938 3983 1118 4073 (duximus)
1129 3983 1387 4053 confirmandam.
1403 3977 1452 4042 Dt·
1511 4005 1512 4065 i

349 4097 416 4156 tum
442 4090 476 4156 in
504 4091 617 4158 Insula
632 4093 732 4159 Beate
749 4091 893 4178 Virginis
910 4101 1025 4179 quarto
1042 4093 1095 4160 die
1111 4091 1354 4178 Assumpcionis
1370 4080 1452 4165 Virgi·
1509 4081 1511 4154 i

348 4197 401 4264 nis
417 4196 575 4284 Glorioso,
592 4217 678 4266 anno
695 4199 824 4266 Domini
841 4201 1012 4270 millesimo
1028 4201 1251 4270 ducentesimo
1260 4199 1365 4266 LXX⁰
1373 4209 1450 4261 nono.
1509 4163 1510 4241 i

349 4357 484 4427 (Exedetie
499 4357 685 4428 bbrhdrtyau,
705 4379 722 4414 a
744 4357 823 4416 httul
837 4365 888 4416 oda
901 4371 1024 4432 uyomott
1037 4361 1186 4432 pccsdtnek
1205 4357 1385 4424 maradrdnys
1404 4348 1451 4410 11161

570 4467 631 4518 meg
644 4465 716 4516 ran,
736 4468 754 4503 a
767 4467 851 4505 nomn.
866 4469 988 4506 marcum
1001 4451 1255 4518 herirat-tdrdban.)

804 4717 1016 4730 m
