3080 5160
857 297 920 370 338

860 397 865 400 =·
878 397 896 403 -.-
910 395 963 404 ω..

323 502 400 586 lata,
411 501 495 586 quod
512 497 696 568 molendino
712 500 855 568 eiusdem
871 501 1013 568 Simonis
1030 504 1087 587 per
1103 501 1442 586 oomtrneaionespra-

322 610 476 677 dictorum
492 609 756 692 molendinorum,
772 628 829 676 seu
847 607 1024 677 molendini
1035 608 1102 676 lieri
1114 608 1364 696 inpedimentum
1380 630 1441 676 non

322 719 441 804 possit;
464 726 498 785 et
513 739 553 785 ne
569 737 664 803 super
678 716 738 784 hoe
754 716 874 803 Simon,
890 725 922 784 et
937 717 1036 802 Files,
1053 725 1210 784 eteorum
1227 719 1357 803 cognati
1374 737 1442 784 oum

322 825 521 893 Cantheriao
552 833 585 892 et
615 825 726 892 Blasio
750 826 946 912 supradietis
971 825 1146 894 deueniant
1170 828 1204 893 in
1232 825 1447 894 oontenaionis

321 936 492 1002 materiam
508 933 658 1020 reoidiue,
680 933 904 1004 ordinauimus
928 934 1163 1002 invariabiliter
1179 935 1264 1004 iuter
1286 936 1383 1021 ipsos,
1410 943 1447 1002 ut

321 1064 380 1130 per
396 1042 562 1110 olausuras
577 1043 843 1127 molendinorum,
858 1044 912 1110 uel
928 1043 1198 1122 oonstrueoioues‚
1224 1063 1312 1126 aqua
1338 1044 1446 1110 Graue

321 1155 365 1221 ibi
383 1153 539 1220 sumentis
553 1171 612 1218 neo
628 1150 726 1218 altius
741 1153 923 1237 extollatur,
938 1171 998 1218 nee
1017 1151 1114 1219 etiam
1124 1152 1342 1236 submittatur,
1350 1172 1446 1236 qnam

321 1283 406 1329 nuno
420 1259 561 1328 naturali
576 1279 672 1326 eursu
687 1267 720 1326 et
735 1259 799 1326 situ
815 1281 855 1326 ao
873 1267 981 1327 meatu
997 1261 1116 1326 labitur
1131 1265 1164 1326 et
1179 1259 1341 1342 deeurrit3
1364 1266 1396 1324 et
1410 1260 1444 1324 id

321 1374 566 1458 omnitempore
581 1371 774 1450 obseruator,
791 1391 832 1438 ne
847 1371 944 1438 alioui
954 1371 1170 1456 predictorum
1190 1367 1446 1438 molendinorum

320 1481 422 1568 possit
436 1499 531 1552 noum
556 1477 641 1567 (lgy)
667 1479 929 1566 inpedimentum,
953 1486 1178 1547 nocumentum
1204 1476 1287 1566 (uel)
1304 1478 1443 1564 preiudi·

320 1591 404 1658 oium
420 1589 577 1675 generari.
594 1587 633 1654 Iu
648 1589 739 1654 ouius
756 1589 802 1656 rei
820 1587 1007 1656 memoriam
1017 1595 1050 1655 et
1058 1595 1246 1674 perpetuam
1256 1586 1441 1656 firmitatem

320 1719 491 1785 presenses
505 1698 629 1764 litteras
645 1698 767 1764 eisdem
783 1705 890 1764 nostro
906 1697 1010 1781 sigillo
1026 1695 1172 1764 dedimus
1191 1690 1441 1782 oom(munitas).

320 1807 439 1872 Datum
455 1825 642 1890 parmenus
659 1805 792 1873 disereti
809 1804 884 1894 v(iri
899 1801 1060 1892 Magistri)
1078 1805 1160 1871 Sinti
1171 1803 1317 1871 Leetoris
1351 1803 1446 1868 Anno

321 1913 452 1980 Domini
466 1912 683 1980 M⁰CC⁰LXX⁰
700 1912 850 1999 seeundo,
867 1919 983 1996 quarto
999 1913 1082 1999 ydus
1097 1913 1218 1998 Maroy.

408 2111 458 2180 (Aa
473 2114 574 2167 eradeti
587 2111 654 2167 utdn
668 2116 763 2168 Knaua
777 2112 897 2179 utnuor,
910 2117 1025 2182 Magyar
1040 2115 1104 2166 Sion
1115 2115 1166 2167 111.
1179 2114 1236 2165 kat.
1250 2113 1312 2164 464.
1325 2111 1356 2178 l.)

784 2406 993 2416 -ι-ι-...ι--ι

838 2923 916 2993 241.

322 3128 352 3195 Α
367 3129 452 3192 baiori
466 3124 680 3212 loiptaloaaolr
695 3125 969 3212 biaompadqlavala
983 3085 1066 3212 kopp
1083 3127 1185 3190 Ddaea
1201 3135 1308 3191 mater
1317 3097 1449 3189 Fatalri

322 3235 550 3318 Istooinaalofio
565 3235 780 3300 Hokulretote
795 3236 908 3320 nappis
934 3233 1018 3298 [ωηο
1042 3243 1122 3300 aeoli
1148 3233 1289 3300 bis-roma
1314 3231 1394 3298 Abel
1412 3233 1448 3296 tls

470 3345 573 3432 Ipaoh
589 3343 717 3409 Bodooi
731 3343 927 3410 memesekaeio
945 3342 1182 3430 adomdayoato.
1200 3343 1297 3408 1282.

427 3539 609 3627 Capitulum
625 3541 768 3608 Moolesie
784 3539 974 3608 Baohieusis
991 3539 1137 3607 omnibus
1154 3536 1273 3606 Christi
1290 3536 1446 3607 fidelibus

320 3669 452 3736 presens
467 3649 621 3735 paginam
637 3645 722 3736 (lgy)
741 3648 937 3735 inspecturis
962 3648 1101 3717 salutem
1116 3650 1151 3715 in
1167 3647 1307 3715 Domino
1323 3645 1447 3731 sempi-

320 3768 454 3826 temam.
489 3755 542 3822 Ad
577 3754 798 3824 uniuersorum
833 3757 988 3824 noticiam
1012 3764 1124 3825 tenore
1151 3755 1266 3822 harum
1291 3755 1450 3822 volumus

320 3867 506 3953 peruenire:
533 3865 619 3950 quod
644 3865 802 3949 Magister
818 3864 985 3932 Dionisius
1000 3864 1087 3932 filius
1103 3863 1260 3950 Stephani
1276 3863 1317 3930 de
1331 3861 1448 3929 Futalr

321 3977 501 4044 Comitatus
526 3973 716 4041 Baohieusis
732 3973 955 4058 personaliter
981 3993 1088 4041 eoram
1115 3974 1207 4041 nobis
1223 3974 1449 4060 eomparendo

320 4105 379 4170 per
404 4083 541 4149 eundem
568 4083 702 4149 oraculo
726 4083 801 4148 vlue
827 4081 915 4148 soois
931 4082 1039 4148 extitit
1054 4081 1238 4151 eonfessum
1253 4089 1286 4148 et
1302 4083 1449 4149 relatum

320 4193 353 4258 in
368 4191 453 4258 hune
468 4189 617 4256 modum:
642 4189 728 4274 quod
744 4188 820 4274 quia
840 4188 923 4256 Abel
938 4191 1023 4257 filius
1038 4191 1175 4279 Monieh,
1192 4197 1224 4258 et
1237 4191 1339 4278 Ipaoh
1354 4192 1449 4258 filius

310 4287 444 4387 *Chuka
461 4297 640 4366 familiares
658 4297 760 4384 ipsius
776 4297 927 4382 Magistri
942 4299 1082 4384 Dionisi,
1099 4296 1255 4389 (nobi)les
1272 4299 1312 4366 de
1327 4299 1448 4367 Bodon

320 4407 498 4474 Comitatus
514 4407 716 4495 Baohieusis,
728 4407 760 4473 in
776 4426 874 4492 opere
891 4414 923 4473 et
939 4407 1075 4475 infacto
1092 4409 1213 4476 domiui
1230 4410 1331 4476 nostri
1341 4409 1449 4490 Regis

320 4535 420 4596 penes
431 4523 462 4578 et
477 4515 563 4580 eirea
574 4517 660 4581 latus
676 4523 825 4582 nostrum·
836 4515 954 4584 multas
970 4515 1259 4584 dimembraoioues
1269 4523 1301 4583 et
1312 4517 1448 4583 effusio·

320 4639 378 4684 nes
401 4621 570 4704 sauguinis
595 4625 685 4706 passi
711 4621 858 4690 fuerunt:
885 4625 1031 4693 volentes
1054 4627 1152 4712 igitur
1169 4625 1345 4693 eorundem
1362 4625 1448 4691 effu-
