3080 5160
565 349 720 447 nn..

94 545 251 632 Vinoenoij
268 543 436 616 ledrensis
451 543 659 629 'rubellionis
675 549 707 610 et
720 543 897 630 sigillatum
907 545 1024 630 sigillis
1034 543 1198 633 pendenti·

92 655 148 722 bus
164 651 365 721 dominorum
380 652 606 738 predictorum,
622 652 692 718 viso
709 659 741 718 et
755 652 838 719 leoto
854 673 911 738 per
925 655 1111 742 Notarium
1128 659 1198 725 etsi

92 762 230 850 predicte
256 761 511 828 Communitutes
536 759 739 844 spalatensis
763 767 794 826 et
817 760 1025 830 Sibiuioensis
1044 763 1197 832 domnum

92 870 218 956 aliquod
245 871 374 938 mittere
400 869 562 936 voluerint
577 869 723 953 predicte
738 869 966 936 Communituti
980 872 1196 960 Traguriensi,

90 978 264 1046 addietum
280 978 545 1046 Gommunitatem
561 976 791 1045 Jadraoensem
807 985 839 1045 et
854 979 1025 1047 Commune
1041 979 1128 1049 dioto
1147 983 1196 1049 Ci-

92 1087 198 1154 uitatis
225 1087 324 1156 Jodre
349 1086 435 1152 dieta
460 1083 680 1153 Communites
705 1086 854 1172 Tragurij
875 1086 946 1153 vult
961 1085 1081 1156 hebere
1095 1085 1196 1156 reour-

89 1216 164 1279 sum,
189 1201 223 1263 ut
246 1215 305 1282 per
319 1196 424 1280 ipsum
440 1193 603 1262 dominum
619 1193 774 1261 (tomitem
790 1201 822 1260 et
838 1194 1012 1262 Commune
1028 1197 1131 1284 ipsius
1148 1199 1196 1266 (ii-

88 1302 194 1371 nilotis
210 1303 309 1372 Jodre
325 1304 359 1369 in
375 1303 436 1371 hoo
451 1311 542 1391 purte
568 1303 792 1387 Tragurieusis
810 1303 932 1371 (linitus
949 1310 1087 1391 tutetur„
1104 1315 1197 1393 prout

88 1415 158 1498 ipsa
174 1413 296 1481 (linitos
312 1413 480 1480 fideiussit.
497 1415 540 1480 Et
554 1412 627 1498 ipse
637 1411 856 1479 Communitas
867 1411 1016 1481 Ciuitatis
1025 1414 1193 1500 Spalaleu-

87 1520 128 1588 sis
144 1526 175 1588 et
189 1519 401 1590 Sibinioensis
417 1519 502 1587 dioto
518 1517 648 1585 domino
664 1517 819 1604 Gregorio
835 1519 870 1586 in
887 1518 970 1586 huuo
985 1521 1115 1588 modum
1126 1523 1196 1591 bro·

87 1631 167 1698 niter
197 1629 440 1715 responderunt,
472 1626 626 1695 seilicet:
661 1625 746 1710 quod
776 1627 900 1694 nullum
930 1649 1061 1716 paoem,
1091 1650 1195 1717 neque

86 1744 224 1826 paetum,
250 1737 431 1824 appositam
447 1742 490 1804 ‘et
514 1735 716 1822 appositum,
747 1735 915 1802 attondere
939 1756 1000 1804 neo
1024 1737 1195 1808 obseruare
1327 1786 1329 1794 -

85 1846 255 1930 volebant;
271 1846 368 1911 immo
398 1844 524 1928 odium,
553 1841 613 1932 (et)
640 1863 788 1927 guonem
819 1864 891 1910 oum
925 1845 1193 1929 Traguriensibus

83 1955 245 2040 volebant,
271 1960 303 2020 et
320 1991 358 2000 —
380 1989 423 2002 -
442 1987 479 1998 -
501 1973 654 2035 —quom
679 1953 946 2038 protostuoionem
965 1953 1072 2021 fucere
1088 1955 1192 2022 inten-

84 2061 213 2129 debant.
240 2060 362 2130 Videns
388 2069 421 2128 et
445 2061 582 2128 audiens
598 2059 746 2129 dominus
763 2060 937 2146 Gregorius
953 2080 1061 2128 eorum
1077 2063 1193 2130 ostiuo·

83 2171 218 2256 cionem,
236 2177 268 2239 et
283 2169 367 2255 quod
383 2169 575 2256 protestatio
590 2185 654 2236 non
671 2170 820 2255 volebut;
837 2171 940 2236 Deum
957 2177 989 2236 et
1014 2189 1089 2236 snos
1115 2170 1193 2239 Suu·

82 2285 157 2364 etos,
174 2285 206 2344 et
222 2277 385 2345 dominum
401 2279 520 2363 Regem
537 2275 677 2363 Vngarie
691 2277 928 2364 interpellauit3
944 2298 1053 2345 verum
1069 2277 1111 2346 nd
1121 2299 1193 2346 ouu-

82 2387 178 2452 telam
204 2384 282 2453 dieti
308 2385 492 2454 Communis
516 2387 665 2470 tragurij
682 2384 741 2455 hoo
757 2387 950 2472 protestatio
967 2393 999 2456 et
1014 2387 1194 2455 sommissio

81 2493 169 2563 foeta
183 2494 314 2582 publice
329 2503 361 2562 et
375 2493 557 2562 introducta
572 2502 630 2561 est.

186 2603 257 2688 Ego
272 2602 422 2670 Albertus
439 2599 599 2686 quondum
616 2601 735 2669 domini
751 2602 878 2669 Milleni
894 2602 936 2670 de
946 2603 1058 2690 Budua
1073 2601 1193 2673 domiui

80 2709 165 2778 Petri
191 2709 291 2778 (lunis
316 2708 400 2777 (lom.
428 2709 593 2796 Imperioli
618 2711 808 2778 auotoritute
833 2711 989 2780 Notarius
1004 2712 1145 2800 interfui,
1160 2720 1192 2780 et

81 2817 129 2883 his
145 2818 229 2885 visis
245 2825 276 2886 et
291 2815 410 2886 auditis
425 2818 549 2905 scripsi.

80 3071 202 3136 (Lusius,
222 3071 352 3124 Memorio
375 3074 491 3125 storiehe
515 3074 542 3125 tii
555 3075 627 3126 Trou
644 3078 701 3127 114.
718 3077 753 3140 1.;
775 3079 851 3130 rllvid
870 3072 1013 3130 kivonaltt
1027 3073 1099 3128 ionii
1112 3075 1192 3142 ster

393 3163 457 3216 eod.
472 3165 546 3230 Dipl.
559 3165 621 3218 vn.
636 3168 693 3221 kot.
706 3169 731 3221 4.
743 3184 765 3220 r.
780 3169 840 3220 189.
853 3167 882 3234 l.)
