3080 5160
558 269 709 378 -..aa

76 463 213 536 Proinde
227 465 270 536 ad
285 465 505 538 uniuersorum
521 477 586 538 taur
606 470 809 558 presencium
828 491 925 556 quam
941 469 1122 542 futurorum
1138 491 1195 540 no·

76 575 184 644 tiniam
199 577 313 645 barum
330 580 414 648 serie
429 581 579 647 uolumus
595 581 783 668 peruenire:
811 581 897 666 quod
912 579 1115 651 attendentes
1131 601 1195 649 me-

78 684 188 753 ritoria
213 688 352 758 seruicia
377 697 409 756 et
433 688 607 757 fidelitates
632 691 768 758 Nemhiz
784 691 843 775 filij
862 688 965 775 Made,
982 697 1013 757 et
1029 688 1196 756 Ramacba

76 793 132 882 filij
161 796 324 884 eiusdem
349 799 425 867 item
450 799 572 882 Tekus,
598 798 719 887 Maruy,
735 799 896 886 Symonis,
914 798 1080 868 Benedicti
1095 805 1128 865 et
1143 797 1196 868 Jo-

75 901 191 970 bannis
216 904 352 972 filiorum
374 905 556 992 Theodory,
582 927 621 974 ac
646 908 748 974 eciam
774 908 923 993 Nycolay
947 907 1005 990 lilij
1030 905 1134 994 Nade,
1163 914 1194 974 et

75 1009 233 1079 lobannis
259 1013 318 1100 filij
346 1014 440 1081 Pauli
466 1011 506 1080 de
525 1014 675 1100 Feresne,
693 1014 900 1097 iobngionnm
916 1011 1022 1082 Castri
1039 1013 1139 1082 nostri
1156 1012 1197 1080 de

75 1119 229 1206 Borsood,
256 1141 319 1204 que
343 1121 437 1190 nobie
461 1122 494 1188 in
521 1123 660 1190 diuersis
686 1121 949 1208 expedicionibus
975 1121 1080 1208 Regni
1096 1122 1197 1190 nostri

74 1223 209 1294 fideliter
225 1228 441 1314 inpenderunt
456 1237 489 1298 et
503 1230 677 1318 indefesse,
694 1229 834 1298 maxime
844 1230 877 1298 in
892 1229 1040 1296 examine
1050 1229 1128 1296 belli
1139 1249 1198 1298 seu

76 1335 309 1422 expedicionis,
336 1357 430 1422 quern
455 1345 567 1405 contra
591 1341 711 1423 Regem
727 1338 867 1424 Boemie,
884 1343 1027 1405 nostrum
1043 1342 1076 1404 et
1090 1337 1197 1422 Regni

77 1443 176 1509 nostri
192 1445 368 1530 capitalem
385 1445 560 1532 inimicum,
570 1446 752 1532 babuimus,
764 1447 816 1512 rel
835 1481 1192 1496 -------

76 1550 167 1620 ubuit
191 1574 299 1620 coram
326 1561 435 1622 nostre
460 1556 639 1622 Maiestatis
666 1555 768 1622 oculis
789 1553 929 1640 proprijs
946 1554 1111 1622 cruoribus
1128 1551 1196 1621 lau-

77 1661 229 1730 dabiliter
245 1661 430 1730 dimicando
446 1684 523 1730 suas
538 1663 712 1730 fidelitates
729 1661 1036 1730 demonstrauemnt.
1054 1664 1095 1728 Et
1111 1663 1197 1730 insu·

77 1787 131 1851 per
157 1770 291 1853 qnidam
316 1770 416 1840 frater
432 1772 574 1856 ipsorum
591 1771 675 1838 Mlek
691 1771 703 1836 i
720 1806 759 1816 -
781 1807 819 1817 —
842 1809 878 1820 -
900 1807 959 1853 -,
977 1789 1070 1852 quem
1086 1776 1198 1838 contra

76 1877 223 1944 Saxones
238 1877 482 1964 Transiluanos,
499 1879 555 1961 qui
572 1885 686 1946 contra
700 1884 842 1944 nostram
862 1874 1035 1962 procedere
1051 1877 1197 1948 niteban-

77 1993 127 2053 tur
143 1985 360 2072 Maiestatem,
379 1986 559 2074 habuimus,
577 2004 685 2053 cornm
701 1992 811 2054 nostre
821 1986 1000 2052 Maiestatis
1017 1985 1117 2054 oculis
1128 1985 1196 2053 lau·

77 2092 229 2161 debiliter
254 2092 392 2162 dimicas
408 2129 451 2142 -
469 2130 507 2141 -
529 2132 569 2144 -
587 2102 671 2180 ptus.
696 2095 737 2160 Et
762 2095 839 2162 licet
854 2094 952 2178 ijdem
967 2094 1001 2160 in
1017 2112 1198 2178 recompen·
1232 2141 1239 2152 ,

76 2200 241 2269 racionem
264 2199 447 2270 huiusmodi
473 2203 680 2270 seruiciorum
705 2214 737 2272 et
761 2202 953 2270 fidelitatem
979 2201 1197 2270 eorundema
1290 2247 1294 2255 ·

76 2317 190 2379 nostra
214 2310 387 2380 Maiestate
411 2311 513 2380 multa
538 2319 570 2380 et
595 2333 713 2398 magna
738 2311 854 2379 mereri
871 2309 1073 2378 debuissent:
1089 2315 1198 2378 tamen

77 2439 133 2488 nos
152 2419 321 2506 paruis-
343 2458 381 2470 -
401 2458 445 2470 -
460 2419 555 2488 modo
581 2420 669 2508 ipsos
693 2421 727 2488 in
752 2420 1067 2506 reeompesauionem
1093 2419 1197 2486 serui·

79 2529 202 2596 ciorum
230 2527 404 2598 eorundem
429 2547 561 2616 prorsus
586 2528 810 2596 munificencia
827 2527 932 2610 Regia
947 2545 968 2592 a
985 2526 1197 2609 iobagionatu

78 2634 183 2706 (lustri
209 2637 447 2724 Borsodiensis,
474 2645 507 2704 et
529 2659 551 2705 a
577 2635 774 2724 quibuslibet
798 2634 971 2704 honeribus
998 2641 1031 2702 et
1047 2631 1195 2718 seruicijs

79 2743 225 2814 eiusdem
243 2783 283 2794 -
303 2787 340 2798 -
363 2783 402 2794 -·
422 2767 494 2814 cum
509 2745 605 2815 terris
621 2765 732 2814 eorum
748 2743 935 2830 eximentes,
951 2743 986 2809 in
1006 2747 1121 2830 cetum,
1140 2763 1198 2810 nu·

78 2873 199 2920 merum
226 2860 258 2921 et
282 2854 457 2940 collegium
480 2853 586 2939 Regni
610 2853 709 2922 nostri
736 2853 892 2920 nobilium
917 2850 1068 2919 duximus
1085 2869 1200 2938 aggre-

78 2963 213 3048 gandos,
230 2982 287 3029 seu
303 2963 405 3030 eciam
422 2960 633 3032 extollendos.
659 2961 822 3047 Volentes,
840 2967 874 3028 vt
890 2959 990 3045 ijdem
1007 2966 1040 3026 et
1054 2959 1196 3044 ipsorum

76 3067 225 3156 heredes,
251 3069 469 3157 heredumque
493 3090 623 3139 suorum
640 3088 852 3153 successores,
869 3069 929 3139 illa
945 3075 977 3137 et
993 3069 1106 3136 endem
1123 3087 1200 3154 gau-

76 3178 173 3246 deant
188 3185 223 3246 et
238 3179 383 3247 fruantur
398 3174 560 3264 libertate,
584 3197 648 3262 qua
664 3185 773 3264 cetery
789 3178 858 3245 ueri
873 3177 979 3262 Regni
995 3175 1097 3246 nostri
1111 3177 1199 3244 nobi·

76 3287 122 3356 les
146 3287 356 3374 gratulantur
381 3289 442 3356 sub
467 3287 589 3355 uexillo
615 3293 728 3356 nostre
750 3284 931 3354 Maiestatis
955 3284 1141 3352 militantes
1160 3285 1198 3353 ln

78 3397 165 3465 cuius
180 3417 241 3484 rey
256 3395 444 3464 memoriam
460 3403 715 3483 perpetuamque
736 3394 918 3466 firmitatem
935 3399 1104 3482 presentes
1121 3411 1199 3460 con·

79 3507 233 3576 cessimus
258 3505 421 3592 dupplieis
444 3505 546 3589 sigilli
570 3505 674 3572 nostri
690 3505 871 3574 munimine
887 3505 1064 3574 roboratas.
1081 3501 1201 3569 Datum

80 3633 132 3697 per
146 3633 264 3682 manns
281 3613 409 3680 disereti
426 3613 489 3678 uiri
503 3614 652 3699 Magistri
666 3613 876 3702 Bartolomey
893 3615 966 3682 aule
981 3618 1091 3681 nostre
1106 3610 1196 3679 Vice-

81 3717 271 3806 Cancellarij
299 3720 408 3790 dilecti
434 3727 467 3788 et
492 3721 599 3788 fidelis
624 3723 736 3810 nostri,
757 3743 842 3792 anno
857 3721 990 3790 Domini
1003 3721 1049 3790 M⁰
1066 3717 1133 3788 00⁰
1149 3739 1200 3788 oe·

80 3831 255 3912 tuagesirnc
272 3827 428 3917 seeundo,
446 3828 691 3914 quartodecimo
706 3829 869 3898 kalendas
883 3829 1034 3919 Augusti,
1045 3825 1196 3897 indiccio-

81 3954 118 4001 ne
132 3935 270 4026 deoimu,
286 3937 392 4024 Regni
409 3943 517 4006 autem
532 3935 637 4006 nostri
652 3956 736 4004 auno
752 3934 931 4006 undecimo.
1013 3925 1017 3932 ’

84 4147 211 4216 (Eredotis
223 4149 400 4220 bbrbtrtytn,
410 4154 523 4220 melyrbl
532 4168 549 4205 a
557 4151 649 4220 peestt
658 4153 788 4208 tbredtlre
798 4161 878 4209 veros
887 4153 1108 4224 sslyemnsindron
1118 4154 1195 4224 tilggq

216 4235 235 4300 'a
248 4242 324 4296 malt.
338 4241 404 4297 bairo
417 4242 533 4310 Pertnyi
547 4241 641 4296 osaltd
654 4247 834 4312 nagyszb'llb'si
847 4243 1056 4320 levolrtrlmn.)

529 4549 742 4574 m
