3118 5158
852 331 1011 433 js..

367 529 493 616 miensi,
520 526 596 595 aule
620 535 728 596 nestre
744 528 967 614 Consultatio,
992 527 1120 595 Brieoie
1145 525 1385 612 Gheuadiensi,
1406 529 1466 612 Phy·

365 641 457 726 lippe
473 637 624 706 Veniensi
645 638 719 704 sule
735 637 865 706 demine
880 637 1003 720 Regino
1024 637 1181 704 consertis
1196 644 1307 704 nostre
1322 636 1469 703 karissime

367 746 588 832 cancellarie,
613 746 806 814 Lodomerie
828 747 1030 832 Verudiensi,
1053 747 1116 814 Jeb
1141 739 1468 830 Quinqueeeelesiensi

367 854 547 944 Tymethee
562 853 766 941 ngrebieni‚
793 855 951 940 Dyenisio
969 855 1136 922 Jauriensi
1161 863 1193 920 et
1218 856 1314 924 Petro
1333 849 1469 922 irruent

366 981 452 1031 uene
477 963 651 1050 Episeopis
676 962 843 1032 Ecclesiae
860 964 921 1031 Dei
947 963 1083 1032 feliciter
1108 962 1382 1047 gubernantibus;
1402 961 1470 1044 Dye·

366 1071 451 1138 nisio
481 1073 655 1158 Palatino,
686 1071 810 1140 Gemite
840 1071 881 1140 de
912 1069 1033 1140 Oelueh
1065 1077 1097 1137 et
1126 1068 1239 1138 Judiee
1271 1071 1468 1144 Cumauemu,

365 1179 501 1248 Herriee
526 1182 619 1247 Bene
645 1181 748 1248 teeius
768 1179 962 1266 Selenenie,
987 1178 1123 1247 Nioolee
1143 1177 1304 1264 Veyueda
1332 1173 1468 1246 Transsii·

365 1309 454 1356 uano
469 1289 594 1359 Gemite
620 1291 661 1358 de
684 1289 819 1376 Zenuk,
841 1288 944 1357 Paule
960 1289 1050 1356 Bene
1076 1289 1116 1355 de
1141 1289 1312 1373 Zeuryno‚
1335 1281 1468 1352 June-hine

364 1398 521 1483 Magistro
537 1397 790 1466 Tauarnieorum
806 1405 1008 1482 nostrerum,
1034 1394 1202 1482 Reynelde
1218 1395 1375 1479 Magistro
1388 1388 1468 1473 Depi-

365 1506 505 1576 fererum
520 1514 714 1592 nostrerum,
730 1507 855 1576 Gemite
865 1505 1142 1590 Zulgsgeuriensi,
1157 1502 1328 1571 Herberdo
1337 1499 1468 1585 Magistro

365 1620 552 1700 Agssonum
578 1624 758 1684 nestrorum
785 1615 908 1682 Comite
934 1615 975 1682 de
1000 1615 1144 1698 Barsnu,
1170 1613 1308 1680 Nieelue
1333 1611 1469 1694 Magistro

366 1725 594 1792 Pineernerum
619 1731 818 1809 nestrorum,
842 1723 979 1792 Nieolae
995 1721 1112 1788 Judiee
1127 1719 1226 1787 Curie
1243 1727 1352 1787 nostre
1368 1715 1470 1784 Gemite

364 1829 405 1898 de
429 1832 581 1919 Gueeke,
615 1833 705 1918 Moys
730 1833 886 1916 Magistro
911 1832 1165 1898 Tauarnieerum
1190 1828 1333 1897 eiusdem
1364 1822 1471 1890 demine

364 1941 488 2026 Regino
521 1941 645 2009 Gemite
676 1941 893 2026 symigiensi,
932 1939 1081 2008 Jehanne
1113 1939 1237 2006 Gemite
1271 1927 1471 2021 Supruniens'r,

367 2048 497 2116 Dedaio
523 2049 648 2117 Gemite
668 2049 857 2117 Zelediensi
867 2101 877 2136 ,
903 2057 935 2116 et
950 2049 1025 2134 alijs
1051 2047 1298 2134 quampluribus
1313 2043 1471 2110 Comitatus

364 2158 467 2243 Regni
488 2160 671 2228 tenentibus
687 2165 720 2225 et
734 2159 883 2226 honores.

365 2339 504 2404 (Eredetio
523 2335 709 2404 berhtrtyin,
729 2339 839 2405 melyriil
859 2335 980 2404 nkiritiy
993 2337 1113 2406 poesetje
1131 2335 1286 2388 verus-zeid
1305 2328 1471 2400 eelpemssint-
1534 2371 1535 2414 ᾖ

362 2445 410 2481 ron
424 2429 539 2496 tuggon,
559 2445 576 2480 s
595 2430 684 2494 Rumy
699 2427 790 2482 emite
810 2426 1010 2492 lertlttrtbam
1030 2426 1162 2481 misolete
1184 2442 1200 2476 s
1220 2421 1472 2492 msgysrakedemir
1534 2421 1535 2462 i

730 2519 843 2571 herirati
857 2515 1124 2585 gyiijterntnyeben.)

819 2790 1031 2802 *ᾀ-

832 3161 836 3168 ’
898 3147 952 3215 38.

360 3350 383 3412 Ι
386 3348 419 3414 V.
444 3349 557 3414 Ldszle
571 3346 748 3432 kircilyouk
767 3344 930 3432 Ciersefelde'
954 3345 1095 3410 birtokeit
1115 3347 1273 3432 tctrpyase
1293 3346 1478 3428 adoomuye,

397 3476 506 3541 suppare
522 3455 637 3522 Leiezlo
653 3456 684 3520 6³
700 3455 830 3536 neuter,
847 3454 965 3519 unuin
980 3476 1078 3518 correers
1087 3453 1155 3535 fiai
1169 3458 1326 3518 szdrudra.
1351 3455 1447 3518 12⁷4

466 3667 641 3734 Ledizlaus
674 3669 737 3736 Dei
769 3668 883 3752 graeie
914 3668 1100 3754 Hungarie,
1123 3668 1314 3752 Dalmaeie‚
1340 3665 1482 3748 Croaeie,

359 3777 482 3860 Reme,
506 3775 638 3860 Seruie,
663 3776 821 3863 Gellieie,
846 3775 1055 3862 Lodomerie,
1084 3776 1250 3856 Cumanis
1267 3774 1483 3861 Buigorieque

358 3884 428 3952 Rex
451 3882 599 3952 omuibus
616 3881 736 3953 Christi
752 3885 904 3952 fidelibus
920 3892 1102 3971 presentem
1122 3885 1276 3970 paginam
1292 3881 1485 3970 inspecturis

358 3991 497 4058 sulutem
524 3991 559 4056 irr
585 3991 726 4058 emnium
751 3991 926 4061 saluatore.
960 3991 1052 4058 Lieet
1070 3992 1204 4075 Regalis
1222 3991 1329 4078 pietas
1353 4009 1484 4058 menum

358 4097 541 4165 munificam
566 4099 732 4185 porrigere
759 4095 879 4167 debeat
893 4100 1079 4170 vniuersis:
1104 4101 1182 4168 illes
1198 4109 1308 4167 temen
1325 4098 1486 4186 principe·
1534 4173 1535 4188 χ

357 4205 433 4272 lieri
459 4205 555 4276 debet
579 4209 733 4292 prosequi
758 4228 892 4275 munere
912 4208 1081 4288 ettonem,
1109 4229 1243 4293 querum
1263 4215 1402 4294 experta
1419 4226 1486 4293 pro·

357 4314 442 4381 bites
472 4315 607 4382 laudate
637 4321 688 4381 est
718 4316 751 4383 in
776 4315 939 4402 prosperis
971 4323 1004 4384 et
1031 4315 1191 4403 aduersis,
1217 4323 1252 4382 ut
1284 4317 1343 4404 alij
1377 4300 1488 4384 eorum

356 4421 514 4508 exemplis
546 4423 675 4488 inuitati
710 4421 752 4490 ud
776 4423 941 4490 fidelitatis
977 4444 1075 4512 opera
1099 4422 1219 4494 sorcius
1254 4427 1488 4497 aeeendantnr.

356 4527 497 4596 Proinde
521 4529 564 4596 ud
589 4528 812 4598 vniuersorum
836 4536 903 4598 tem
929 4533 1129 4617 presencium
1157 4553 1253 4617 quam
1281 4541 1490 4620 posterorum

355 4636 509 4704 uetieiem
527 4635 641 4703 herum
666 4639 752 4704 serie
776 4639 925 4706 velumus
948 4641 1143 4725 peruenire:
1169 4641 1256 4728 quod
1280 4643 1491 4715 attendentes
1534 4639 1535 4726 ξ
