3146 5166
857 265 1017 378 Ei..

371 483 467 530 mune
483 459 568 532 dicte
585 457 737 532 Ciuitatis
752 465 902 552 Tragurij
932 468 1076 551 aliquam
1097 467 1358 555 prodictiouem,
1384 461 1481 532 machi·

371 574 541 640 necionem
574 573 626 640 vel
645 574 923 658 conuenticoiam,
953 576 1227 662 conspiracionem
1260 596 1320 642 seu
1344 592 1481 640 eonnect-

370 681 493 747 cionem
519 679 615 746 modo
635 680 746 763 aliquo
773 681 893 748 facient
908 683 961 748 vel
982 685 1211 767 procurabunt,
1229 703 1288 767 per
1305 702 1343 748 se
1358 682 1407 747 uel
1423 700 1478 746 cun

370 787 534 872 aliquibus
551 787 628 870 alijs
644 789 845 873 temporibus
861 789 926 854 vite
937 809 1044 856 eorum
1056 814 1063 872 ς
1075 809 1136 855 nec
1145 789 1278 874 aliquod
1288 789 1435 855 damnum
1444 789 1478 852 sa·

369 897 458 962 cient
484 895 537 961 vel
553 893 622 960 fieri
637 895 758 961 facient
774 897 837 981 ipsi
868 896 1039 964 Oummnui
1071 897 1124 962 vel
1142 896 1288 962 ciuitati.
1320 895 1405 962 Etsi
1419 916 1477 961 ccu-

369 1003 565 1069 trafacerent
580 1001 614 1066 in
625 1001 790 1084 aliquibus
801 1001 1029 1088 predictorum,
1046 1003 1165 1068 cadant
1175 1023 1234 1088 pro
1251 1003 1398 1087 qualibet
1415 1002 1478 1084 viee,

369 1117 400 1176 et
417 1109 564 1176 incidant
575 1110 608 1174 in
628 1130 714 1194 pena
734 1109 953 1195 infrascripta,
973 1119 1040 1176 tam
1059 1109 1122 1194 ipsi
1139 1131 1236 1194 quam
1253 1128 1366 1176 eorum
1383 1109 1479 1174 fidcins

367 1237 475 1302 sores;
509 1224 542 1284 et
572 1217 613 1283 de
628 1219 753 1285 offensa
774 1217 926 1286 iacienda
941 1217 1076 1303 speciali
1109 1216 1303 1284 concedatur
1334 1216 1400 1302 ipsi
1424 1235 1480 1299 spe·

366 1325 443 1392 ciali
459 1326 582 1390 offenso
598 1325 734 1410 prestito
749 1331 968 1408 sacramento;
989 1325 1030 1391 de
1045 1325 1169 1392 offensa
1193 1331 1301 1390 autem
1328 1321 1477 1389 Communi

367 1433 419 1500 voi
435 1430 568 1498 ciuitati
585 1429 737 1499 facienda
753 1433 953 1500 concedatur
979 1450 1116 1517 persone
1140 1431 1284 1514 legitime
1309 1441 1477 1516 procurato·

368 1539 423 1620 ris,
439 1557 510 1602 cum
527 1535 614 1604 dicto
630 1545 769 1621 quatuor
784 1539 927 1606 testium.
959 1539 1001 1606 Et
1033 1559 1092 1625 pro
1123 1540 1188 1624 hijs
1220 1537 1426 1605 attendendis
1453 1544 1478 1602 et

369 1643 503 1710 firmiter
534 1644 747 1712 obseruandis
770 1644 893 1713 dabunt
916 1645 1143 1730 infrascriptae
1169 1645 1365 1712 securitates
1390 1646 1479 1710 boum

366 1757 399 1817 et
414 1750 588 1837 indoncas;
606 1751 758 1819 videlicet
774 1753 815 1820 dc
830 1755 983 1822 trecentis
993 1754 1135 1821 marchis
1151 1752 1280 1836 argenti
1296 1752 1338 1819 de
1348 1752 1478 1838 Spalcto,

365 1857 406 1923 de
421 1856 570 1925 ducentis
585 1857 723 1926 marchis
739 1861 864 1942 argenti
880 1859 921 1926 de
952 1861 1095 1928 Briberio
1111 1860 1151 1927 de
1167 1857 1316 1925 ducentis
1348 1858 1476 1924 marchis

368 1969 496 2048 argenti
514 1988 534 2033 a
549 1965 678 2033 domino
694 1966 919 2034 ComiteZanc
946 1967 988 2035 de
1003 1967 1117 2052 Vegla,
1127 1967 1168 2032 de
1184 1967 1334 2034 ducentis
1351 1967 1478 2032 marchis

363 2073 489 2155 argenti
505 2073 546 2140 da
561 2071 684 2158 Jadria,
701 2081 734 2141 et
749 2075 791 2141 de
806 2073 952 2142 ducentis
969 2073 1107 2142 marchis
1123 2075 1252 2158 argenti
1268 2074 1310 2140 de
1326 2074 1472 2157 Sibinioo,

362 2187 393 2247 et
409 2181 450 2246 de
466 2181 610 2246 ducentis
626 2181 766 2248 marchis
782 2179 824 2246 de
839 2183 1007 2265 Tragurio.
1025 2181 1096 2259 Que
1119 2203 1224 2269 pena,
1248 2182 1277 2248 si
1293 2187 1409 2248 contra
1433 2180 1448 2244 f
1465 2215 1473 2226 ·

363 2293 447 2354 ctum
462 2287 561 2356 fucrit
576 2289 672 2356 modo
690 2289 810 2373 aliquo,
826 2309 884 2373 pro
899 2290 1046 2372 qualibet
1062 2292 1134 2356 vice
1148 2290 1333 2374 applicetur
1369 2287 1476 2354 medie-

363 2401 414 2460 tas
430 2394 648 2480 denuncianti,
668 2403 699 2462 et
716 2395 785 2462 elia
799 2395 956 2465 medietas
972 2397 1141 2465 Communi
1158 2397 1322 2479 iungunt
1340 2403 1373 2461 et
1397 2396 1476 2462 dam-

363 2520 461 2584 pnum
477 2503 622 2586 pacienti
638 2502 837 2570 emendetur.

596 2699 716 2764 (Lucius,
731 2701 858 2753 Memorio
871 2697 988 2753 storiche
999 2701 1026 2752 di
1039 2701 1121 2760 Trau,
1137 2701 1195 2752 lat.
1210 2701 1242 2764 1.)

821 2948 1028 2962 nunu-*w

881 3393 956 3462 373.

356 3578 476 3665 Rikolf
488 3578 647 3645 Lomoitzc‘
662 3577 733 3641 otro
748 3575 895 3659 dizoayos
912 3575 1012 3640 Rada
1038 3577 1291 3664 aduersaeque
1308 3587 1347 3668 aj
1363 3585 1477 3668 salapit-

355 3693 434 3774 vday
449 3690 546 3774 adpeti.
577 3683 795 3748 Mirttoactbot
810 3683 884 3748 calo
903 3681 1151 3748 Theudosianas
1169 3687 1201 3750 ds
1216 3687 1384 3772 Lajoeaelc
1408 3691 1478 3754 ado.

797 3793 941 3874 mdoyoz.
975 3789 1074 3854 1289.

1545 3585 1546 3644 i

462 3990 500 4056 In
516 3985 647 4054 nomine
664 3984 793 4051 Domini
809 3985 924 4050 Amen.
956 3981 1062 4060 Quum
1079 3987 1188 4054 omnia
1212 4007 1276 4071 que
1292 4001 1437 4078 aguntur
1452 3993 1482 4058 iu

354 4107 519 4183 tempore,
545 4095 699 4161 labuntur
730 4111 802 4158 oum
819 4098 980 4176 tempore,
1008 4101 1041 4158 et
1065 4113 1128 4176 que
1144 4095 1186 4162 ab
1218 4095 1408 4166 hominibus
1425 4101 1483 4164 rite

357 4207 602 4291 componuntur,
620 4205 766 4268 uetustas
782 4198 878 4275 delet,
897 4197 1017 4266 obliuio
1034 4201 1136 4286 redit;
1162 4201 1236 4270 ideo
1252 4205 1485 4290 scripturarum
1545 4239 1546 4250 κ

353 4310 505 4379 memorie
521 4305 795 4376 commendantur.
812 4303 897 4369 Hinc
912 4311 981 4392 est,
1005 4305 1093 4392 quod
1118 4313 1228 4374 notum
1245 4329 1318 4377 esse
1336 4313 1483 4380 uolumus

354 4417 500 4485 omuibus
515 4415 663 4482 fidelibus
679 4413 884 4498 presentibus
902 4415 934 4476 et
949 4411 1076 4496 futuris,
1093 4411 1136 4480 ad
1152 4433 1232 4496 quos
1248 4435 1383 4501 presens
1401 4417 1477 4485 seri·

353 4530 442 4614 ptum
467 4521 667 4607 peruenerit:
695 4521 780 4604 quod
805 4539 864 4586 nos
889 4517 1079 4606 Rycolphus
1104 4519 1219 4589 Comes
1243 4522 1284 4589 de
1309 4523 1481 4608 Lumpnia,
