3146 5166
613 377 770 476 Q

124 593 170 642 ex
185 573 282 642 nobis
296 574 493 640 mitteremus
512 571 641 638 fidetem
661 591 719 658 pro
735 572 929 658 testimonio,
947 591 1135 659 coramque
1161 572 1255 641 homo

124 689 237 749 uester
252 678 426 747 Parcasius
441 677 529 746 filius
545 677 699 766 Decimys
724 681 944 746 reambntaret
964 686 1083 747 terram
1110 678 1255 747 retifsro·

125 809 200 855 rum
217 791 404 854 nestrorum.
422 786 515 851 Vnde
529 786 676 852 misimus
693 806 792 852 unum
808 808 848 852 ex
864 786 965 872 nobis,
981 786 1035 871 qui
1052 785 1096 852 ad
1121 805 1181 854 nos
1206 805 1253 854 re·

123 895 222 962 diens
240 893 351 960 retulit
364 893 459 962 nobis
475 893 612 959 fideliter
643 893 722 959 nina
752 913 841 978 uoce,
868 898 987 960 terram
1018 893 1268 960 reamanatam.

124 1022 196 1070 una
211 1021 284 1068 cum
299 1001 433 1068 homine
464 1008 583 1084 nestro,
604 1001 735 1086 penitus
766 1003 799 1067 in
831 1001 920 1066 nullo
951 999 1205 1084 contradicente,
1222 1006 1256 1066 et

123 1115 249 1175 terram
264 1114 475 1174 memoratam
493 1107 599 1173 cidem
616 1105 734 1173 Oomiti
751 1105 861 1174 Ochus
877 1113 1042 1173 statutam.
1068 1105 1173 1193 Super
1189 1125 1253 1190 quo

123 1215 280 1300 quicquid
297 1236 370 1284 esse
385 1215 509 1299 deceat,
524 1215 642 1282 Uestra
657 1215 814 1282 Maiestas
831 1213 1003 1282 discernat.

236 1322 371 1390 Kivut
387 1323 670 1389 Excellentissimo
686 1322 818 1388 domino
835 1341 895 1389 sno
911 1321 949 1388 L.
982 1322 1045 1389 Dei
1071 1320 1187 1408 gracia
1212 1321 1254 1390 Il·

124 1429 223 1496 lustri
235 1428 323 1518 ¹Regi
339 1429 517 1514 Hungarie.
860 1427 864 1436 '

120 1641 265 1708 (Eredetie
278 1639 454 1709 tartesson,
469 1659 485 1694 a
499 1631 639 1710 strpecset
652 1645 798 1709 elveeaett;
812 1658 829 1694 a
842 1643 927 1696 nudat
948 1643 1001 1694 kir.
1026 1644 1148 1696 kamaraci
1170 1641 1254 1696 lersi-

600 1744 602 1750 '
629 1730 746 1799 ttrbttn.)
802 1773 805 1779 .

583 1993 792 2012 Ἢ

652 2500 729 2567 366.

116 2695 149 2763 Α
164 2696 376 2784 acqycdrudi
391 2647 585 2764 konceatask
609 2697 887 2786 bkonysciplcvele,
919 2701 1002 2786 kopp
1019 2695 1116 2765 Stant
1130 2699 1252 2766 Jdaorr'

116 2805 445 2871 Parnaomurodeicu
463 2806 598 2871 iturae
624 2814 704 2870 aaut
720 2805 908 2873 birtolcukat
925 2807 1094 2894 Raphaya
1108 2807 1238 2878 tenuat

309 2911 311 2916 ⁸
564 2911 705 2978 eladtdk.
722 2913 822 2979 1289.

227 3105 394 3172 iohannes
410 3106 534 3176 Diuina
559 3105 771 3194 prouidencia
801 3107 990 3194 Propositus
1016 3113 1048 3173 et
1063 3104 1250 3180 conuentus

112 3213 307 3298 Monasterij
344 3214 456 3281 Sancti
487 3213 644 3301 Stephani
668 3213 935 3282 Prothomartiris
968 3213 1009 3280 de
1024 3213 1249 3283 Promontorio

112 3317 326 3388 Waradiensi
357 3321 505 3388 omnibns
530 3321 650 3388 Christi
666 3321 817 3388 fidelihus
842 3327 909 3416 tam
925 3321 1133 3410 presentibus
1149 3341 1249 3407 quam

110 3429 233 3498 futuris
249 3446 382 3512 presens
398 3427 555 3514 scriptum
591 3429 788 3513 inspecturis
804 3429 944 3496 salutem
960 3429 995 3496 in
1011 3427 1131 3496 salutis
1147 3428 1248 3513 largi·

111 3544 196 3604 tore.
213 3533 317 3620 Igitur
333 3535 377 3602 ad
392 3535 614 3604 vniusrsorum
633 3537 788 3604 noticiam
808 3544 922 3605 tenore
939 3536 1144 3624 presencium
1161 3537 1252 3607 volu·

113 3663 188 3711 mus
204 3644 394 3730 peruenire:
420 3645 600 3728 quodcum
632 3646 717 3714 Ders
732 3645 800 3714 filio
825 3647 971 3714 Parmani
1000 3646 1041 3715 de
1056 3646 1176 3714 Sancto
1192 3643 1248 3713 Jo·
1331 3701 1333 3707 Α

115 3753 247 3836 hanna,
275 3751 476 3820 etPaanano
507 3751 576 3820 filio
591 3753 712 3841 ipsius,
744 3772 784 3821 ac
809 3754 968 3822 Michaele
984 3773 1042 3838 pro
1060 3773 1105 3840 se,
1123 3741 1249 3822 Gemite

111 3858 258 3926 Zabolch
274 3867 368 3945 patre
384 3879 452 3947 sno,
470 3866 503 3926 et
518 3859 655 3927 Alberto
672 3860 775 3927 fratre
797 3881 856 3928 sno
883 3860 953 3949 (de)
971 3861 1186 3946 generacione
1201 3859 1249 3928 dt·
1351 3876 1357 3884 ·

111 3966 159 4033 cti
177 3963 321 4034 Pannani
337 3967 380 4032 ab
397 3985 462 4035 rna
477 3971 580 4053 parte,
596 3968 757 4053 Raphayn
773 3969 864 4035 Bano
887 3971 928 4036 ab
945 3970 1051 4037 altera
1067 3987 1176 4035 coram
1193 3987 1247 4035 no·

110 4075 166 4140 bis
184 4073 399 4160 personaliter
415 4075 608 4163 constitutis,
640 4073 761 4142 dictum
779 4076 888 4144 extitit
904 4097 962 4163 per
977 4076 1063 4145 Ders
1081 4083 1113 4142 et
1128 4075 1248 4142 Pazna·

112 4199 194 4247 num
209 4179 313 4246 filium
330 4178 432 4267 ipsius
449 4187 482 4248 et
507 4181 665 4265 relatum,
694 4183 779 4266 quod
797 4203 869 4251 cum
886 4182 1053 4268 quandam
1069 4182 1247 4269 possessio·

109 4305 189 4354 nem
206 4304 298 4354 suam
330 4287 561 4380 hereditariam
587 4289 722 4357 Thema
748 4297 900 4358 vocatam
923 4293 958 4358 in
981 4289 1156 4359 Prouincia
1178 4287 1250 4374 Nyr

112 4393 318 4479 existentem,
349 4394 384 4462 in
406 4395 554 4462 vicinatu
578 4397 869 4464 commetaneitatis
901 4397 1114 4484 possessionis
1146 4396 1249 4482 ipsius

110 4500 278 4587 Raphayn
295 4503 379 4568 Bani
410 4501 578 4569 Debrecen
595 4507 718 4588 vocate,
750 4503 784 4568 in
808 4523 873 4587 qna
892 4504 1044 4573 Ecclesia
1075 4504 1248 4572 inhonore

111 4609 217 4676 Beate
232 4607 379 4692 Virginis
395 4607 545 4678 Gloriose
571 4616 620 4677 est
636 4616 829 4697 consumta,
846 4631 945 4694 quam
963 4612 1068 4680 eidem
1084 4611 1248 4700 Rophayn
