3124 5158
582 307 740 412 me

96 531 149 577 ras
165 509 285 576 elutum
312 509 354 576 de
379 508 540 596 Suprunio
560 517 592 575 et
608 510 847 596 sagitariorum
872 508 983 594 ibique
998 519 1088 577 terra
1103 510 1226 580 Mathei

95 619 298 704 terminatur,
322 624 355 684 et
371 617 417 686 ibi
433 624 483 684 est
498 637 585 685 noue
601 623 706 704 meta3
732 615 849 684 deinde
875 616 1023 686 aseendit
1043 618 1165 688 direete
1184 621 1227 688 ad

95 723 295 792 occidentem
312 745 369 811 per
386 731 488 794 metus
502 745 606 810 usque
623 725 710 792 ulum
727 726 990 812 Supruniensem‚
1011 727 1059 794 ibi
1075 735 1152 795 sunt
1163 728 1227 798 due

96 841 190 916 mete,
217 853 278 918 que
294 839 447 918 separant
463 839 567 900 terras
583 833 701 900 ciuium
717 841 749 900 et
764 833 993 918 sugitariornm
1008 835 1226 920 predictorum

95 940 228 1008 aterris
258 940 374 1034 Deagp
411 939 528 1007 deinde
559 939 675 1008 iterato
702 938 806 1008 tendit
831 940 874 1008 ud
900 941 1100 1009 occidentem
1125 963 1226 1027 usque

97 1053 201 1114 metas
215 1047 402 1130 angulares,
428 1067 491 1130 que
511 1056 665 1132 separant
681 1047 771 1132 ipses
787 1053 854 1114 tres
870 1055 975 1116 terras
992 1051 1101 1117 statim
1111 1071 1224 1135 supre-

98 1158 223 1236 dietns;
247 1152 381 1240 postheu
406 1153 498 1220 uadit
523 1155 566 1220 ad
592 1155 758 1221 meridiem
784 1175 886 1238 usque
914 1155 1083 1224 ecelesiam
1115 1159 1224 1226 Seneti

99 1263 241 1348 Georgij,
266 1268 298 1327 et
315 1260 359 1328 ibi
376 1263 462 1328 ultre
477 1261 563 1328 uiam
589 1269 663 1329 sunt
688 1262 751 1328 due
776 1269 861 1329 mete
879 1264 1076 1351 angulares,
1101 1285 1163 1350 que
1178 1264 1225 1330 di·
1247 1283 1255 1294 ⁸

97 1372 241 1456 stingunt
257 1369 346 1454 ipsus
363 1375 429 1436 tres
446 1377 570 1454 terrus;
587 1368 705 1437 deiude
722 1369 824 1438 tendit
841 1369 884 1436 ad
894 1372 1063 1438 meridiem
1073 1371 1116 1438 ad
1127 1394 1225 1440 unum

96 1481 212 1562 riuum,
237 1477 292 1544 ubi
320 1498 377 1564 per
394 1485 460 1544 tres
485 1485 589 1545 metas
615 1485 700 1544 mete
725 1477 868 1563 predicte
893 1485 976 1545 terre
991 1478 1224 1566 Supruniensis

80 1595 125 1655 et
143 1584 373 1671 sagitariorum
390 1584 603 1652 terminentur
627 1607 648 1652 a
665 1586 760 1652 terris
776 1588 872 1670 Daag
887 1587 1092 1672 nuncupatis,
1116 1587 1225 1671 ibique

94 1694 299 1761 terminatur.
334 1692 578 1760 Siluasrautem
606 1701 807 1780 eumentes,
839 1702 934 1779 prout
958 1695 992 1760 in
1012 1694 1129 1760 litteris
1146 1693 1223 1760 dieti

95 1801 241 1888 Capituli
257 1801 415 1868 contineri
432 1798 592 1886 uidimus,
626 1803 720 1868 metis
746 1802 958 1885 reliquissent
982 1823 1047 1868 nen
1066 1801 1225 1869 distietas.

95 1913 136 1978 Vt
152 1910 253 1996 igitur
277 1909 374 1977 huius
390 1913 499 1977 nostre
516 1909 704 1978 eollaeiouis
722 1910 822 1976 series
838 1905 934 1976 robur
951 1912 1096 1996 optineat
1111 1929 1224 1996 perpe-

93 2025 147 2085 tue
171 2018 353 2106 firmitatis,
394 2038 452 2086 nee
477 2016 582 2103 possit
608 2017 675 2084 vlle
702 2037 843 2101 unquam
869 2025 1014 2103 ternpore
1043 2017 1076 2082 in
1097 2019 1223 2085 irritum

94 2126 273 2212 retraetari,
299 2130 464 2210 presentes
481 2124 585 2190 eidem
605 2125 762 2208 Magistro
777 2123 925 2192 Dionisio
942 2124 1157 2192 uoneessimus
1172 2125 1223 2192 lit·

93 2243 182 2302 teras
197 2233 363 2320 dupplieis
380 2231 483 2316 sigilli
499 2231 602 2298 nostri
618 2232 794 2300 munimine
810 2231 1002 2300 roborando.
1027 2233 1149 2300 Datum
1166 2251 1224 2317 per

94 2363 211 2410 munus
226 2340 424 2409 venerabilis
443 2337 505 2432 viri
520 2339 668 2422 Magistri
684 2339 813 2410 Nieulai
830 2342 905 2406 aule
925 2347 1034 2406 nostre
1049 2340 1224 2408 Vim-Oen·

94 2451 220 2520 ceruus
240 2449 349 2518 ruem
370 2456 402 2515 et
419 2448 524 2516 finem
540 2450 655 2530 noste,
672 2431 899 2516 antonomum
912 2447 1091 2516 urrunnu
1107 2447 1222 2517 rucen-

93 2559 209 2624 lesimo
224 2556 468 2645 septuagesimo
485 2566 589 2643 nunu,
612 2558 714 2642 Regni
739 2564 847 2626 autem
873 2557 975 2625 nostri
992 2579 1077 2625 anno
1094 2565 1219 2626 oetauo.

94 2740 235 2805 (Eredetie
248 2736 425 2806 btirhurtytn,
452 2756 469 2792 s
494 2738 646 2806 stega-zum
673 2739 901 2806 selyemzsintlron
921 2741 1030 2805 lttggtttt
1048 2737 1139 2805 peestt
1151 2739 1224 2790 elre-

348 2835 433 2892 metu
453 2829 565 2881 studui
585 2831 634 2882 kir.
649 2830 769 2880 lrsnrsrui
783 2826 974 2894 lertltirbun.)

553 3099 765 3111 nn———m——o-

628 3409 878 3508 reu.-¹

96 3642 152 3708 IV.
169 3641 289 3708 Lsszut
305 3640 416 3726 kirtly
441 3661 462 3704 a
486 3661 530 3703 uz.
547 3639 660 3726 Epyed
684 3641 824 3725 eomopyi
839 3639 1004 3722 konueutje
1028 3639 1100 3706 etuu
1118 3630 1222 3704 Jdnos

95 3755 189 3837 iepciu
205 3751 237 3816 te
253 3773 274 3814 a
286 3751 490 3834 eemoppuctm
498 3745 681 3833 jobba'pyole
698 3749 801 3813 tuzuu
811 3747 960 3838 Meyer-ey
968 3745 1050 3832 fatu
1065 3748 1153 3811 irctut
1163 3748 1224 3812 lectt

451 3857 620 3944 eppesstqet
634 3858 749 3942 dtirja.
775 3857 871 3922 1279.

202 4052 392 4140 Ladynlaus
412 4053 473 4119 Dei
488 4051 601 4136 grauia
615 4047 802 4139 Hungarie,
831 4050 1022 4137 Dalmanie,
1048 4050 1222 4132 Croweeie,

95 4163 214 4249 Reme,
239 4162 373 4248 Seruie,
397 4159 557 4248 Gallieie,
587 4161 793 4246 Ledomerie,
823 4158 981 4228 Cumanie
1002 4155 1224 4244 Bulgnrieque

94 4271 164 4337 Rex
179 4271 330 4338 omnibus
355 4267 475 4336 Christi
490 4268 643 4352 ,fidelibus
662 4263 844 4356 presentem
861 4268 1016 4354 paginam
1032 4267 1223 4354 inspecturis

95 4380 234 4446 sulutem
252 4379 287 4445 in
305 4398 352 4464 eo,
372 4379 426 4462 qui
442 4379 584 4462 Regibus
601 4375 657 4444 dut
673 4379 822 4444 salutem.
847 4377 899 4445 Au
919 4377 1141 4445 uniuersorum
1158 4382 1223 4442 tum

94 4488 301 4571 presencium
328 4507 422 4570 quum
449 4486 629 4554 futurorum
655 4488 808 4553 noticiam
833 4485 947 4554 hurum
973 4486 1058 4554 serie
1076 4485 1224 4554 volumus

94 4593 287 4680 peruenire,
313 4595 400 4676 quud
427 4595 541 4662 Comes
567 4596 732 4664 lohannes
758 4594 842 4662 lilius
867 4594 964 4680 Iseph
983 4597 1025 4662 ab
1041 4616 1105 4662 unu
1121 4599 1224 4682 parte,

140 4730 243 4768 norun.
260 4729 342 4768 uuus.
359 4729 427 4768 nrsr.
446 4741 484 4750 -
504 4731 613 4770 nrrsou.
644 4725 679 4772 lt.
1022 4707 1062 4774 15
