3140 5150
823 237 981 342 Q-

336 431 390 518 trij
406 431 568 518 Prepesiti
583 431 747 513 Albensis,
771 429 895 498 domini
910 432 1000 516 Pape
1015 430 1188 516 Capeliani
1205 437 1237 499 et
1253 431 1457 517 subdiaconi,

337 540 413 607 anie
441 547 552 608 nostre
576 539 865 626 Viae-Onuoellarij
902 539 1014 608 dilecti
1040 545 1072 607 et
1095 540 1203 608 fidelis
1231 539 1345 622 nostri,
1379 559 1457 606 anno

336 647 467 715 Domini
498 647 674 716 millesimo
691 647 755 715 00⁰
771 647 1012 733 septuagesimo
1042 648 1188 736 septimo,
1220 649 1327 734 Regni
1352 653 1456 715 antem

336 757 438 824 nostri
453 776 540 824 anno
556 754 680 840 quinto.
1401 779 1404 786 ·

336 937 451 1002 (Robart
476 933 580 1002 Klroiy
601 933 747 1003 kiriiynak
773 937 913 991 1330.1x.
927 937 1065 989 Kalendas
1090 938 1155 988 Maii
1175 937 1284 989 kiadott
1297 934 1457 1003 megerdsitd

336 1023 585 1094 priuilegiumtbtl,
605 1023 709 1091 meiyet
734 1023 796 1078 kern
822 1026 971 1096 „Magister
984 1026 1077 1078 Geben
1092 1025 1163 1077 tilius
1179 1025 1320 1088 Gabrianr',
1349 1025 1457 1078 Vieeea-
1558 1031 1559 1054 ³

433 1115 567 1169 atellanus
580 1115 613 1167 de
626 1111 822 1179 Boloudueh“;
841 1131 858 1167 a
870 1117 952 1168 budai
966 1117 1016 1175 kin,
1030 1117 1155 1167 kamarai
1168 1112 1365 1182 lentitirban.)

859 1705 933 1775 118.

333 1905 389 1974 JV.
411 1907 528 1974 Maelo
542 1905 717 1995 kirdlyooie
745 1906 921 1972 Tanemois
934 1908 1087 1995 helyatyet
1103 1912 1258 1994 tdrpyaad
1272 1909 1453 1992 admnooya

508 2038 529 2079 o
544 2015 735 2100 oydisziqeti
753 2017 981 2104 apdozoedrdo
996 2021 1154 2084 emmona.
1181 2018 1276 2085 1277.

438 2211 505 2278 Nos
523 2210 699 2279 Ladinlans
715 2212 779 2281 Dei
796 2213 909 2298 grauia
924 2213 994 2280 Rex
1011 2211 1176 2296 Hungarie
1196 2219 1308 2280 tenore
1324 2233 1455 2299 presen-

331 2321 416 2386 oium
432 2319 653 2403 significamus
670 2321 788 2405 quibus
806 2321 940 2407 expedit
953 2322 1135 2408 uniuersis,
1161 2321 1247 2405 quod
1266 2341 1327 2389 nos
1346 2324 1388 2388 ob
1404 2319 1457 2386 de·
1558 2359 1559 2362 =

330 2426 508 2512 uooionem,
526 2447 623 2511 qnam
639 2425 797 2495 habemus
822 2449 900 2514 erga
923 2430 1059 2496 Beatam
1075 2429 1251 2516 Virginem,
1271 2437 1304 2496 et
1318 2428 1456 2496 salutem
1558 2419 1559 2496 t

330 2535 438 2601 anime
454 2539 573 2623 nostre,
591 2535 756 2617 quandam
769 2542 890 2603 terram
906 2535 1093 2604 Tawamuk
1108 2543 1274 2620 vocatam,
1299 2539 1333 2602 in
1350 2533 1455 2603 medio
1558 2557 1559 2586 r

328 2641 568 2728 possessionum
584 2642 715 2710 domine
731 2642 902 2710 Elinabeth
917 2644 1039 2712 sororis
1062 2651 1173 2711 nostre
1198 2644 1239 2713 de
1264 2646 1381 2713 Insula
1395 2645 1450 2710 Be·
1558 2643 1559 2656 ¹

328 2754 381 2816 ate
396 2749 543 2833 Virginis
560 2748 783 2836 adiaoentem,
809 2770 907 2835 quam
932 2751 1082 2820 Thornok
1107 2752 1251 2820 Comauo
1275 2753 1452 2820 contulera-
1558 2767 1559 2810 t

329 2877 409 2944 mus,
433 2857 476 2922 ab
493 2857 605 2925 eodem
622 2859 754 2944 penitus
780 2859 962 2927 renouando
972 2911 981 2947 ,
1007 2867 1039 2928 et
1057 2879 1133 2929 suas
1149 2861 1276 2927 litteras
1293 2858 1453 2928 irritando

328 2971 359 3031 et
374 2966 569 3054 renouando,
592 2965 696 3035 eidem
716 2964 845 3034 domine
868 2967 1040 3036 Elisabeth
1055 2975 1088 3036 et
1104 2967 1248 3035 Eoolesie
1265 2969 1369 3036 Beate
1385 2969 1452 3034 Vir·
1558 2957 1559 3012 i

208 3140 212 3146 ,
325 3073 412 3157 ginis
429 3071 594 3156 dedimus,
617 3072 811 3141 donauimus
842 3081 874 3141 et
898 3075 1093 3144 eontulimus
1112 3081 1267 3161 perpetuo
1283 3075 1453 3161 possiden·
1558 3113 1559 3170 r

326 3179 412 3245 darn.
436 3178 530 3254 Vnde
545 3179 701 3264 volumus,
725 3179 811 3264 quod
827 3175 936 3247 nulius
952 3187 1019 3248 tam
1035 3182 1077 3249 de
1093 3183 1258 3267 Hunganis
1274 3203 1375 3267 quam
1395 3183 1451 3249 co-
1558 3171 1559 3210 ³

325 3285 429 3353 mauis
446 3285 583 3354 eandem
612 3306 754 3354 sororem
786 3293 929 3355 nostram
956 3289 1009 3356 vel
1026 3288 1184 3358 officiales
1216 3310 1293 3358 suos
1323 3291 1451 3358 raoione
1558 3317 1559 3374 n

325 3392 430 3478 ipsius
446 3400 532 3460 terre
548 3393 670 3460 audeat
685 3394 736 3461 vel
752 3400 917 3481 presumat
942 3396 1126 3464 molestare.
1150 3397 1253 3482 Super
1269 3418 1333 3481 qno
1351 3400 1450 3466 eniam
1558 3429 1559 3440 ³

324 3497 429 3565 eidem
444 3505 588 3566 nostrum
615 3499 824 3586 priuilegium
850 3503 1062 3590 conferemus,
1087 3523 1159 3572 oum
1175 3511 1341 3590 presentes
1359 3503 1449 3572 nobis
1558 3489 1559 3570 ?

326 3605 447 3673 tuerint
462 3611 632 3690 reportate.
651 3605 770 3674 Datum
786 3609 878 3676 Bnde
894 3610 992 3678 toreio
1009 3611 1063 3677 die
1079 3611 1173 3677 Beati
1190 3611 1359 3678 Fraooisei
1373 3612 1450 3678 Con·

324 3709 468 3798 ferroris,
491 3731 577 3780 anno
601 3712 732 3780 Domini
758 3713 930 3784 millesimo
962 3716 1182 3785 ducentesimo
1209 3721 1449 3805 septuagesimo

322 3819 469 3906 septimo.
1558 3819 1559 3822 ’

322 3996 380 4064 (tv.
393 3996 491 4053 Ltozlt
504 3997 651 4067 kutlynak
676 4017 768 4071 ugyan
795 4005 906 4059 latr-ki
927 4005 1090 4074 megordsittt
1115 4005 1365 4075 privilegiumtbti
1384 4010 1448 4058 mint
1558 4039 1559 4086 3

465 4089 576 4142 ientebb
591 4090 650 4142 115.
670 4107 707 4146 en.
721 4108 765 4158 a.;
784 4109 802 4146 a
814 4094 896 4148 budai
909 4097 960 4150 kir.
973 4097 1098 4150 kamarsi
1111 4094 1305 4164 leneltdrban.)

781 4357 987 4379 d--u—-n-
