3118 5158
666 323 711 390 db

607 415 758 424 -—-—-.--

117 536 200 600 mus,
217 517 368 583 dedimus
384 524 417 583 et
433 517 637 606 denauimus,
657 541 728 587 cnm
745 519 894 588 omnibns
911 521 979 587 suis
996 522 1204 606 pertinencijs
1221 531 1253 590 et

116 625 327 708 utssinutus,
342 633 375 691 et
391 626 451 692 sub
467 627 605 710 hijsdem
622 629 717 696 metis
733 648 772 696 ae
787 628 944 708 terminis,
963 630 1079 713 quibus
1096 651 1153 714 per
1169 630 1252 716 prie-

117 751 171 799 rcs
188 751 395 818 possessores
421 732 562 802 limitata
577 735 684 803 iuerat
709 745 741 804 et
757 755 919 822 possessa,
945 745 1102 822 perpetue
1128 744 1161 804 et
1176 739 1253 805 irre·

117 840 311 908 ueeabiliter
336 840 580 927 possidendam,
603 845 750 930 predicte
769 844 923 912 Mereueh
948 863 1048 930 super
1070 845 1144 929 ipsa
1164 851 1253 912 terra

116 955 311 1034 perpetuum
328 949 497 1016 sileneinm
514 951 710 1040 inponendo,
732 952 908 1038 priuilegia
927 951 1030 1018 ceiam
1048 953 1118 1020 sine
1134 955 1252 1028 instru-

117 1063 230 1121 menta
247 1055 325 1138 alia,
338 1057 366 1122 si
383 1075 447 1139 qua
462 1058 550 1124 idem
562 1059 716 1126 Meroueh
732 1060 831 1127 habet
848 1080 944 1145 snper
955 1060 1133 1126 collacione
1147 1061 1252 1144 ipsius

117 1173 215 1248 terre,
243 1166 439 1232 auctoritate
464 1167 665 1251 presencium
690 1167 856 1234 irritando.
880 1165 1019 1235 Eosdem
1037 1169 1120 1234 Ders
1137 1176 1170 1234 ct
1186 1167 1249 1236 De·

116 1272 268 1340 mettium
293 1272 545 1359 incorporalem
571 1275 808 1361 possessionem
835 1273 920 1342 dicte
945 1282 1030 1342 terre
1046 1277 1175 1361 Dragns
1192 1297 1250 1362 per

114 1381 240 1446 Kemus
258 1381 298 1446 de
315 1381 377 1468 Byl
393 1381 553 1448 hominem
579 1389 723 1449 nostrum
743 1403 814 1450 oum
831 1383 1015 1451 testimonie
1031 1381 1176 1451 fidelium
1196 1404 1250 1450 no·

116 1497 259 1556 strerum
276 1489 510 1574 strigoniensis
528 1489 682 1576 Gapituli,
708 1491 897 1558 conuocatis
914 1490 1064 1558 omnibus
1080 1496 1249 1558 commeta·

116 1597 189 1664 n'eis
217 1605 250 1664 et
266 1599 394 1684 vicinis,
422 1606 454 1665 et
469 1599 599 1665 nemine
615 1598 852 1666 contradictore
868 1599 1039 1684 existente,
1056 1603 1153 1683 prout
1169 1599 1248 1665 uidi·

115 1726 189 1770 mus
209 1705 242 1768 in
261 1704 405 1771 eiusdem
423 1705 566 1792 Gapituli
591 1705 712 1773 litteris
733 1704 897 1788 contineri,
921 1705 1057 1771 fecimus
1074 1705 1248 1772 introduci.

115 1811 158 1877 Vt
173 1810 275 1894 igitur
290 1812 351 1877 heo
362 1819 474 1878 nostra
484 1811 621 1879 donacio
633 1813 731 1879 rebor
747 1817 902 1896 perpetue
918 1811 1079 1877 firmitatis
1092 1811 1248 1894 obtineat,

113 1927 285 2006 presentes
311 1919 529 1986 concessimus
554 1921 680 1987 litteras
705 1918 866 2004 dupplicis
892 1920 993 2002 sigilli
1018 1920 1120 1986 nestri
1145 1920 1247 1986 muni-

113 2027 204 2092 mine
228 2027 409 2094 roboratas.
434 2029 554 2094 Datum
581 2047 639 2111 per
658 2045 772 2092 manus
793 2024 942 2110 Magistri
959 2023 1127 2092 Benedicti
1142 2027 1248 2093 Electi

113 2133 369 2220 Strigcniensis‚
396 2134 543 2220 perpetui
568 2133 701 2200 Gemitis
726 2135 791 2200 loei
818 2131 982 2219 eiusdem,
1007 2134 1168 2218 Prepesiti
1187 2139 1248 2202 Bu·

112 2241 248 2328 densis,
274 2243 351 2310 aule
376 2251 484 2310 nostre
509 2241 777 2326 Vieeeancellarij
811 2240 921 2308 dilecti
946 2261 986 2308 ac
1010 2241 1118 2308 fidelis
1143 2244 1246 2310 nestri

113 2369 202 2414 anno
228 2350 361 2416 Domini
386 2351 606 2418 M⁰GG⁰LXX⁰
622 2356 735 2433 quarte
761 2346 798 2414 V.
816 2349 977 2416 kalendas
995 2349 1126 2434 Aprilis,
1142 2351 1247 2435 Regni

111 2463 227 2523 autem
244 2457 345 2523 nestri
361 2479 447 2524 anno
464 2455 616 2524 secundo.
643 2455 893 2523 Venerabilibus
916 2456 1064 2541 patribus
1081 2457 1246 2544 Stephane

110 2563 285 2632 Gelecensi
311 2571 343 2632 et
367 2565 515 2632 Johanne
542 2563 729 2650 Spelatensi
754 2563 1036 2650 Archiepiseopis;
1071 2567 1246 2653 Lamperte

110 2671 279 2760 Agriensi,
300 2671 426 2739 Briceio
443 2673 674 2761 Ghanadiensi,
698 2674 783 2742 Joub
799 2673 1153 2760 Quinqueeeclesiensi,
1171 2675 1244 2741 Phi·
1328 2717 1331 2724 .

109 2780 204 2864 lippo
220 2765 372 2846 Vaeiensi
390 2781 465 2848 aule
481 2781 610 2847 demine
625 2781 750 2864 Regino
766 2780 981 2864 Ganoellarie,
998 2781 1100 2846 Paule
1116 2782 1244 2867 Vespri-

109 2887 229 2954 mieusi
255 2887 330 2954 aule
355 2893 465 2954 nostre
491 2888 707 2970 Ganeellarie,
731 2887 911 2974 Tymetheo
931 2888 1158 2972 Zagrabiensi,
1182 2889 1244 2956 Lo-

109 2995 258 3061 demerio
275 2995 477 3078 Varadiensi‚
493 2996 652 3081 Dyonisio
669 2994 833 3061 Jauriensi
845 3001 878 3060 et
893 2995 989 3062 Petro
1007 2994 1243 3061 Transsiluane

108 3101 286 3186 Episcopis
319 3104 488 3170 Ecclesiae
512 3101 574 3167 Dei
605 3102 743 3169 feliciter
767 3101 1043 3186 gubernantibus3
1084 3100 1245 3184 Dyonisio

108 3210 265 3276 Palatino
281 3209 405 3276 Gemite
432 3210 473 3275 de
499 3209 615 3277 Oelich
644 3217 676 3276 et
700 3207 816 3276 Judice
842 3207 1077 3290 Cumanorum,
1103 3209 1245 3274 Henriee

109 3319 206 3384 Bane
232 3319 337 3384 tocius
362 3318 557 3404 Selauenie,
583 3317 730 3401 Nyeelae
754 3315 902 3384 Voinoda
927 3316 1164 3382 Transsiluane
1187 3314 1243 3381 Ge·

108 3426 190 3493 mite
217 3426 261 3493 de
285 3425 442 3509 Zounuk,
467 3424 638 3511 Jeaehyne
663 3423 823 3506 Magistro
839 3424 1096 3490 Tauamicorum
1121 3427 1244 3489 nestro·

107 3553 201 3616 rum,
227 3531 378 3616 Nyeoleo
394 3531 510 3599 Judice
526 3527 762 3598 Gurie'·'·nestrc
778 3531 900 3597 Gemite
926 3531 967 3596 de
985 3531 1152 3615 Gracchis,
1180 3531 1245 3614 Ry-

108 3639 210 3706 nelde
242 3639 401 3721 Magistro
433 3637 661 3724 Dapiierorum
694 3645 878 3705 nestrorum
910 3639 1035 3705 Gemite
1066 3639 1249 3721 Zelgageu·

109 3749 233 3832 riensi,
259 3746 427 3814 Herbordo
452 3748 609 3830 Magistro
634 3747 823 3831 Agasonnm
850 3753 1033 3811 nostrorum
1059 3745 1184 3811 Gemite
1204 3741 1244 3809 dc

109 3856 267 3940 Barana,
291 3853 432 3920 Nicolao
448 3853 603 3936 Magistro
620 3853 850 3919 Pincernarum
867 3857 1048 3918 nostrerum
1064 3853 1188 3918 Gemite
1204 3852 1246 3916 de

107 3963 228 4045 Bereg,
251 3959 355 4026 Paulo
372 3961 463 4026 Bane
479 3960 522 4024 de
537 3961 683 4043 Zeurine,
705 3961 797 4046 Moys
814 3960 969 4044 Magistro
985 3957 1243 4024 Tauarnicorum

106 4069 244 4136 domine
270 4068 394 4150 Regino
420 4067 545 4134 Gemite
569 4067 766 4153 Symigicnsi
777 4117 786 4150 ,
823 4066 973 4132 Deudale
999 4063 1123 4130 Gemite
1149 4065 1244 4130 Zala-

107 4175 240 4258 diensi,
262 4173 414 4240 Johanne
430 4173 553 4241 Gemite
570 4173 780 4260 Svprvniensi
791 4225 799 4258 ,
823 4180 856 4240 et
882 4173 958 4257 aliJs
984 4172 1245 4257 quampluribus

106 4283 296 4349 Comitatus
313 4283 416 4366 Regni
433 4283 617 4350 tenentibus
633 4288 666 4348 et
682 4281 828 4348 honores.

105 4445 249 4509 (Eredetie
272 4439 446 4508 berhtrrytn,
470 4460 487 4496 a
507 4442 603 4512 pecsdt
624 4444 799 4504 simonetta
822 4460 856 4493 m.
876 4443 901 4492 b.
915 4437 1008 4506 Nydry
1030 4438 1180 4492 csalddnalr
1194 4441 1241 4492 ba·

277 4534 400 4598 gengnai
414 4530 611 4586 levdltdrdban.
630 4534 707 4586 Kerti
731 4551 766 4584 m.
779 4535 805 4584 b.
818 4529 913 4598 Nydry
923 4532 1019 4584 Albsrt
1031 4529 1082 4594 ur.)

574 4724 784 4737 Ἠ
