3140 5150
786 264 945 371 „paa-

191 527 197 541 ,
297 468 423 529 monete
441 463 597 531 evrrentis
614 463 646 529 in
663 464 842 549 provincie,
870 470 902 530 et
929 463 985 548 qni
1003 463 1036 528 in
1052 463 1178 530 Kedhel
1199 461 1320 530 inerint
1335 481 1429 530 acee-

296 571 436 657 ptabiles
463 579 495 638 et
521 569 638 660 datinj,
671 579 792 642 extunc
822 591 956 640 mansus
982 593 1072 641 mens
1097 570 1141 638 ad
1166 593 1217 638 me
1242 579 1274 638 et
1292 571 1430 638 heredes

298 697 385 746 meos
411 679 513 750 libere
529 686 717 748 reuertatur.
744 682 787 748 Et
803 685 837 749 vt
852 683 914 747 hoc
929 681 1076 749 Ecclesia
1101 687 1208 747 ratnm
1224 687 1429 766 permaneat,

298 793 481 870 presentem
512 788 654 856 litteram
686 786 725 856 de
751 809 909 856 consensu
934 788 1032 874 pleno
1051 787 1160 856 vxoris
1186 808 1257 855 mee
1283 795 1314 854 et
1330 790 1429 854 bene·

296 895 420 980 placito
450 897 572 964 Abbati
613 903 644 964 et
684 897 865 964 Conuentni
901 897 978 963 dadi
1009 897 1112 981 sigilli
1152 898 1216 982 mej
1253 896 1432 964 monimine

298 992 492 1072 roboratam.
525 1005 646 1072 Datum
663 1005 752 1090 apud
767 1007 908 1073 Mentem
925 1005 1045 1071 Sancte
1069 1005 1171 1071 itiarie
1197 1025 1282 1072 anno
1298 1005 1430 1071 Domini

297 1110 560 1178 M⁰OO⁰LXX⁰V⁰
577 1113 612 1180 in
629 1112 683 1180 die
700 1114 893 1182 Sanctorum
910 1115 1134 1180 Innocentum.

300 1288 437 1355 (Eredetie
450 1288 628 1358 bdrhtrtydn,
653 1293 777 1360 malynak
791 1293 912 1360 psesdtje
933 1293 1069 1357 slresnett,
1094 1310 1111 1344 a
1132 1295 1214 1345 budai
1234 1295 1287 1345 kir.
1308 1295 1432 1347 kamarai

769 1382 961 1452 lsvdltdrban.)

757 1653 969 1664 αὴ-ι-ι-σ--ι

836 2099 889 2166 95.

300 2297 358 2362 IV.
375 2298 491 2363 Lanato
506 2300 616 2385 atraty
635 2303 813 2386 meqecdaa'to‘
837 2302 861 2364 I
864 2300 897 2366 V.
917 2299 996 2363 Bac
1014 2297 1190 2382 kirdlpaak
1206 2297 1356 2384 bizoayoa
1372 2300 1435 2384 Ζίρ-

300 2406 450 2493 tdarcpyai
466 2406 573 2489 felda
600 2408 753 2493 ta'rqyozd
777 2409 986 2492 adomdaydt,
1011 2407 1114 2472 Bosr'a
1139 2409 1169 2471 a‘a
1186 2407 1253 2488 fiai
1269 2412 1431 2472 ocdoadae.

817 2519 914 2584 1276.

410 2707 585 2776 Ladizlans
616 2711 679 2776 Dei
713 2712 823 2794 gracia
855 2709 1043 2796 Hungarie,
1072 2711 1260 2793 Dalmacie‚
1288 2711 1434 2796 oroacie,

300 2817 412 2905 Rama,
444 2815 574 2904 Seruio,
608 2817 766 2903 Gallicis,
795 2817 1002 2904 Lodomerie,
1035 2817 1192 2885 Cumania
1208 2817 1432 2904 Bulgarieqne

300 2926 370 2993 Rex
386 2925 534 2993 omnibns
551 2925 672 2992 Christi
696 2925 847 2996 fidelibus
873 2935 941 2994 tarn
965 2926 1172 3012 presentibus
1197 2947 1296 3011 quam
1313 2925 1433 2994 suturis

299 3037 504 3119 presencium
522 3033 676 3101 noticiam
689 3033 847 3103 habituris
864 3033 1018 3120 (salntem
1034 3021 1069 3100 in
1086 3031 1433 3121 omniumsaluatore.)

301 3142 351 3208 Ea
367 3161 429 3227 que
445 3142 524 3210 iuris
541 3139 654 3208 ordine
670 3142 883 3211 terminantur
909 3146 943 3210 in
969 3150 1143 3230 conspectu
1158 3143 1259 3227 Regio
1276 3145 1431 3210 Maiesta-

301 3251 354 3339 tis,
368 3250 552 3320 testimonio
569 3252 749 3319 litterarum
766 3254 874 3322 solent
890 3251 1094 3336 confirmari,
1119 3273 1160 3318 ne
1178 3271 1339 3336 processu
1355 3259 1433 3316 tem·

300 3357 389 3444 poris
405 3359 537 3426 falsitas
553 3359 683 3427 veritati
699 3363 888 3446 prcualeat,
917 3367 950 3427 ct
975 3359 1131 3444 iniqnitas
1146 3359 1327 3446 preiudicet
1343 3361 1431 3442 equi-

299 3466 371 3554 tati,
387 3465 439 3534 vel
453 3465 528 3534 lites
543 3487 584 3533 ex
599 3467 710 3536 litibus
736 3469 868 3537 valeant
893 3468 1053 3537 suscitari.
1077 3466 1219 3536 Proinde
1239 3466 1282 3533 ad
1302 3467 1433 3534 vninsr-

301 3592 410 3640 sorum
426 3579 494 3640 tam
511 3577 714 3658 presencium
730 3597 828 3660 qnam
845 3577 1023 3644 futurorum
1043 3577 1198 3644 noticiam
1215 3577 1331 3641 harnm
1347 3575 1435 3642 serie
1562 3619 1563 3682 p

301 3683 451 3751 volumus
469 3684 658 3772 peruenire,
691 3685 778 3766 qnod
802 3685 917 3771 populi
943 3685 983 3751 de
1006 3683 1125 3769 Liptou
1135 3733 1145 3770 ,
1162 3683 1261 3750 Bosin
1277 3704 1343 3749 vna
1359 3703 1433 3749 oum
1562 3697 1563 3730 r

302 3789 381 3877 fllijs
398 3789 468 3858 suis
485 3791 644 3880 Sevislav,
660 3793 788 3881 Punak,
804 3792 935 3881 Milaeh,
952 3791 1080 3860 Bohnta
1095 3797 1127 3858 at
1143 3791 1296 3875 Bohuret,
1314 3789 1431 3857 dilecti
1562 3791 1563 3794 ’

301 3907 333 3968 et
349 3899 463 3968 fideles
481 3901 597 3987 nostri,
615 3919 687 3968 eum
703 3899 821 3968 litteris
839 3902 983 3986 ipsorum
1003 3899 1187 3966 Maiestatis
1203 3905 1313 3966 nostre
1329 3897 1433 3964 hnmi-

299 4005 375 4073 liter
390 4007 549 4076 adeuntes
569 4007 795 4095 presenciam,
822 4008 1035 4077 exhibuerant
1059 4007 1154 4076 nobis
1179 4007 1307 4074 litteras
1335 4025 1430 4088 qnas-

301 4114 375 4180 dam
392 4114 619 4200 priuilegiales
635 4116 676 4183 de
694 4115 902 4183 ordinacione
920 4122 952 4183 et
968 4115 1187 4201 disposicione
1212 4134 1270 4181 sen
1296 4110 1429 4180 donaci-

301 4243 365 4291 one
389 4223 511 4290 domini
541 4223 622 4290 Belo
648 4223 725 4290 olim
751 4224 850 4308 Regis
877 4222 1047 4308 Hungarie
1072 4220 1227 4302 Illustris,
1259 4219 1429 4287 karissimi
1550 4271 1553 4275 .

301 4330 355 4398 aui
371 4331 471 4398 nostri
488 4331 594 4399 felicis
620 4331 871 4420 recordacionis,
896 4352 992 4418 super
1019 4329 1213 4415 quibasdam
1240 4327 1431 4394 libertatum

300 4438 516 4524 prerogatinis
541 4460 602 4526 per
627 4441 763 4508 eundem
789 4439 869 4526 ipsis
902 4437 1034 4526 populis
1064 4437 1226 4506 concessis
1251 4435 1433 4518 contectas,

299 4553 447 4634 petentes
463 4565 541 4636 nos,
568 4551 602 4618 ot
624 4555 732 4618 nostro
758 4547 897 4617 Culmini
921 4567 1052 4634 procum
1068 4543 1230 4616 instancia
1246 4541 1430 4613 subiectina
