3118 5158
604 350 765 448 ..Q

121 560 257 626 quarum
282 560 348 608 una
363 545 414 608 est
432 546 556 629 terrea,
579 543 723 612 secunda
746 542 781 609 in
806 543 976 612 arboribus
1001 546 1060 629 tot,
1084 541 1188 609 tercia
1211 544 1260 608 ins

121 667 255 734 quercu5
279 645 398 717 deindo
413 648 552 716 flectitur
567 649 610 717 ad
626 648 806 735 meridiem,
821 649 970 736 pemanit
985 646 1030 715 ad
1045 654 1148 717 metas
1165 656 1249 717 terre

118 755 295 840 Mogorod,
320 756 377 822 ubi
392 775 460 824 una
474 763 525 824 est
549 756 584 824 iu
599 757 718 824 arbore
734 755 817 843 piri,
840 756 907 824 alia
930 763 1055 841 terrem
1079 753 1156 824 inde
1179 776 1261 824 uer--

119 861 197 928 titur
212 861 257 930 ad
273 859 483 951 occidentem,
499 861 592 930 uadit
607 883 666 948 per
681 871 785 933 motas
801 863 974 932 continuas
989 863 1030 930 ad
1046 867 1149 930 metas
1164 871 1250 930 terre

121 969 252 1054 Badua3
277 975 311 1036 et
325 967 403 1036 inde
420 969 571 1036 similiter
586 986 645 1056 per
661 975 766 1037 metas
782 969 953 1038 continuas
968 969 1071 1037 currit
1086 968 1131 1037 ad
1146 975 1264 1036 metas-

117 1081 203 1146 terre
219 1075 351 1164 Bilata.,
376 1074 432 1144 ubi
448 1083 498 1144 est
521 1093 589 1144 una
603 1081 693 1144 meta
717 1076 752 1142 iu
776 1076 893 1145 arbore
908 1076 997 1163 totfa
1006 1102 1018 1160 ;
1041 1077 1083 1145 de
1099 1096 1165 1162 qua
1179 1093 1262 1144 uer--

119 1180 227 1268 gendo
258 1183 302 1250 ad
334 1182 540 1272 aquilonem,
572 1184 745 1250 reuertitur
775 1181 819 1250 ad
848 1191 953 1253 metas
984 1191 1069 1252 terre
1098 1182 1261 1250 Ladiniai'
1296 1247 1309 1256 ,

118 1289 322 1378 supradicti,
348 1287 382 1357 e't
404 1289 522 1357 incidit
544 1289 579 1355 in
595 1290 731 1357 fluuium
746 1289 929 1376 Tyliznuk,
953 1293 1045 1358 iuxta
1064 1309 1158 1374 quem
1174 1295 1263 1357 sunt·

118 1393 182 1461 due
197 1402 305 1480 mete,
331 1415 396 1462 vna
420 1395 455 1461 in
470 1395 588 1464 arbore
614 1383 702 1485 eqni,
727 1387 795 1464 alia
813 1398 849 1464 in
864 1399 980 1466 arbore
996 1399 1119 1486 bytfa;
1143 1395 1264 1479 ibique·

117 1499 345 1569 terminantur.
362 1501 405 1570 Vt
419 1501 519 1586 igitur
535 1502 632 1572 huius
647 1509 757 1572 nostre
773 1505 966 1572 collacionis
982 1525 1039 1572 seu
1056 1501 1263 1572 donacionis·

117 1610 220 1678 series
245 1611 345 1678 robur
359 1617 515 1698 perpetue
542 1611 703 1679 firmitatis
728 1612 891 1699 obtineat,
914 1632 974 1680 nee
998 1605 1149 1698 inuocessu
1173 1615 1250 1676 tem·

117 1735 234 1801 porum
260 1737 320 1802 per
338 1718 524 1804 quempiam
543 1719 648 1804 possit
671 1718 706 1786 in
721 1718 848 1787 irritum
865 1720 1054 1803 retraetari,
1079 1722 1264 1803 presentes-

117 1823 339 1892 concessimus
363 1824 488 1894 litteras
514 1825 655 1912 duplicis
680 1825 784 1910 sigilii
808 1826 910 1894 nostri
927 1823 1131 1912 (munimine)
1158 1823 1249 1890 robo-

117 1938 219 1998 ratas.
251 1933 373 1999 Datum
388 1951 448 2017 per
472 1952 587 2000 manus
612 1933 811 2000 venerabilis
835 1933 900 2000 viri
916 1933 1066 2017 Magistri
1081 1929 1261 2000 Benedicti

117 2037 241 2103 Sancte
266 2037 501 2121 Strigoniensis
526 2038 673 2106 Ecclesia
705 2037 827 2125 alecti,
844 2039 1007 2126 Propositi
1031 2037 1194 2106 Budensis
1218 2044 1251 2106 et

117 2143 193 2209 aule
217 2150 329 2212 nostre
354 2144 433 2211 Vioe
449 2144 643 2231 Cancellarij
677 2145 789 2214 dilecti
820 2157 854 2214 et
879 2147 985 2216 fidelis
1009 2149 1132 2232 nostri,
1164 2165 1261 2212 anno·

117 2249 252 2318 Domini
275 2248 497 2317 M⁰OO⁰LXX⁰
514 2251 645 2338 quinto,
668 2253 773 2338 Regni
791 2261 900 2322 autem
916 2253 1019 2322 nostri
1039 2273 1124 2320 anno
1139 2253 1250 2322 tercio.

118 2355 371 2424 venerabilibus
397 2357 544 2442 patribus
569 2356 734 2444 Stephano
760 2360 930 2427 Colocensi
955 2367 986 2426 et
1002 2357 1153 2427 Johanne
1169 2359 1250 2443 Spa·

117 2461 238 2530 latensi
253 2461 533 2552 Archiepiscopis3
558 2465 620 2531 Joh
636 2463 992 2552 Quinqueecclesiensi,
1006 2465 1157 2554 Philippo
1172 2467 1257 2532 We·-

119 2571 220 2639 ciensi
236 2571 314 2639 aule
330 2571 459 2640 domine
474 2571 599 2657 Regine
621 2573 794 2642 karissime
819 2575 975 2653 consortis
990 2579 1100 2644 nostre
1116 2573 1251 2642 Cancel-

118 2678 214 2764 lario,
231 2677 435 2764 Thymotheo
449 2679 672 2768 Zagrabiensi‚
696 2680 845 2748 Diouisio
860 2681 1038 2768 Jauriensi,
1058 2679 1263 2748 Lodomorio-

123 2785 344 2868 Waradiensi,
367 2785 463 2851 Petro
482 2787 728 2873 Transsiluano‚
752 2795 784 2854 et
799 2789 931 2856 Andrea
946 2787 1100 2872 Agriensi
1115 2786 1251 2872 Episco-

119 2892 181 2977 pis,
206 2892 377 2961 Ecclesiae
394 2892 456 2959 Dei
481 2891 619 2961 feliciter
634 2895 900 2977 gubernantibus.
931 2895 1068 2962 Nicolao
1085 2894 1262 2981 Palatino,.

120 2997 244 3065 Comite
270 2996 487 3083 Supruniensi
521 3007 553 3067 et
577 2999 695 3068 Judioe
720 3000 954 3087 Cumanorum,
986 3001 1135 3069 Johauue
1157 3001 1252 3067 Bano
1346 2993 1349 2997 ’

121 3105 221 3172 totius
232 3103 413 3192 Sclauouie,
423 3104 561 3174 Nicolao
571 3107 663 3173 Bono
673 3107 834 3175 maritimo
849 3115 882 3174 et
891 3107 1015 3175 Comits
1030 3107 1072 3173 de
1082 3104 1260 3195 (iuechiue,v

121 3211 289 3279 Iwachiuo
314 3213 474 3296 Magistro
498 3213 752 3280 Tauaruicorum
779 3221 972 3296 nostrorum,
998 3213 1135 3280 Niooiao
1151 3213 1250 3301 Woy·

121 3316 206 3386 noda
220 3318 339 3386 Judioe
355 3317 450 3388 cnrie
474 3326 601 3404 nostre,
622 3320 755 3388 Matheo
771 3321 942 3406 Woyuoda
958 3319 1194 3389 Transsiluano
1218 3327 1252 3388 et

121 3425 245 3493 comite
271 3423 312 3492 de
337 3425 472 3512 Zonuk,
493 3426 643 3494 Dionisio
668 3427 823 3512 Magistro
838 3427 1091 3496 Tauarnicorum
1117 3425 1261 3496 domine

121 3533 245 3616 Regino
269 3531 443 3599 karissime
468 3533 627 3601 consortis
651 3540 761 3600 nostre
785 3533 909 3600 Gemite
934 3532 1140 3621 Zaladieusi,
1166 3534 1251 3622 Roy-

121 3637 220 3705 noldo
246 3639 403 3722 Magistro
428 3640 658 3726 Dapiierorum
683 3647 884 3727 nostrorum,
909 3647 941 3707 et
965 3638 1043 3725 alijs
1068 3661 1164 3724 quam
1180 3642 1261 3728 plu·

120 3746 209 3814 ribus
228 3745 411 3814 Comitatus
427 3747 530 3832 Regni
548 3747 734 3816 tenentibus
751 3753 783 3816 et
798 3748 950 3817 honores.

120 3923 258 3987 (Eredetie
283 3923 457 3992 bb'rhirtyin,
474 3915 588 3994 melyro'i
610 3925 786 3994 apecsitnek
802 3892 935 3980 ἲδτεᾱόὶωΙ
953 3923 1197 3994 sirga-uiolasuinii
1210 3939 1262 3978 se·

266 4011 465 4079 tyemasinoron
479 4017 563 4084 itigg3
582 4032 600 4068 a
618 4017 702 4068 budai
714 4017 767 4072 irir.
780 4018 903 4070 kamarai
914 4013 1106 4080 lereitirban.)
