3118 5158
585 343 745 444 „roa

101 537 211 606 decem
229 538 271 604 de
292 537 416 606 eisdem
443 537 584 606 deterre
610 539 712 606 fertiri
731 540 818 626 (igy)
845 547 877 606 et
902 547 1079 610 stercorata
1104 543 1229 630 iugera,

102 665 250 712 necnon
277 654 308 713 et
335 652 454 712 terram
489 646 584 713 vuius
609 668 741 716 mausus
774 649 988 716 vendiderunt
1016 667 1074 736 pro
1102 650 1230 718 duabus

103 753 219 822 marcis
245 753 495 840 inperpetuum
522 755 773 841 possidendam
807 757 868 822 tali
893 763 1003 824 tamen
1028 759 1228 844 condicione,

103 861 233 944 quodsi
258 861 422 947 predictus
446 863 603 950 Zhunda,
628 884 686 930 seu
711 864 798 932 filius
817 865 998 949 lohannes,
1022 868 1075 934 vel
1092 865 1227 934 heredes

103 969 275 1062 eorundem
300 968 463 1055 prefatam
487 977 607 1036 terram
623 967 763 1038 vendere
790 971 954 1038 volueriut
979 991 1174 1058 quacunque
1190 973 1230 1041 de

104 1096 207 1162 eausa,
227 1077 408 1145 laurencio
426 1083 458 1143 et
473 1075 605 1163 Thema,
630 1077 805 1146 Vincenoio
831 1077 1027 1164 supradictis
1058 1086 1115 1146 aut
1139 1078 1228 1146 here·

105 1184 196 1250 dibus
214 1184 391 1252 eorundem
417 1203 475 1269 pro
490 1185 619 1252 duabus
642 1188 760 1252 mareis
777 1186 918 1255 vendere
934 1187 1148 1272 tenebuntur3
1171 1187 1229 1256 sed

104 1291 129 1358 si
144 1290 290 1376 prefatus
305 1290 443 1359 Zhunda
459 1299 491 1358 et
507 1292 673 1360 Johannes
698 1293 785 1362 filius
812 1314 898 1379 suus,
923 1301 981 1361 aut
1005 1292 1142 1361 heredes
1167 1293 1228 1377 sui,

104 1419 178 1486 sepo
204 1389 326 1466 dictam
352 1405 472 1467 terram
498 1406 610 1468 tenere
632 1401 815 1487 woluerint,
840 1403 966 1487 absque
992 1403 1076 1468 omni
1103 1408 1230 1468 contra·

106 1506 250 1574 diceione
280 1513 436 1592 perpetuo
467 1507 693 1594 possidebunt.
733 1509 771 1576 In
796 1509 889 1576 euius
914 1510 1103 1575 memoriam
1129 1509 1176 1576 rei
1194 1515 1229 1574 et

106 1621 291 1698 perpetuam
315 1614 499 1682 firmitatem
529 1625 699 1700 presentes
725 1615 942 1684 concessimus
968 1616 1010 1683 ad
1035 1616 1228 1700 peticionem

106 1722 268 1806 utriusque
293 1721 398 1810 partis
414 1723 516 1806 sigilli
541 1723 642 1792 nostri
667 1724 845 1792 munimine
861 1724 1011 1790 munitas.
1037 1725 1153 1791 Actum
1168 1741 1226 1808 pu·

108 1831 191 1914 plico
215 1832 249 1896 in
267 1830 435 1898 Obikador
460 1852 545 1898 anno
566 1829 697 1899 Domini
721 1831 1032 1916 M⁰OO⁰LXX⁰IIII⁰5
1049 1831 1141 1898 uobis
1157 1851 1227 1915 pre·

107 1937 272 2023 sentibus,
306 1944 338 2004 et
353 1937 389 2004 0.
406 1938 519 2006 Priore
534 1943 654 2024 nostro,
680 1944 712 2004 et
726 1938 765 2004 A.
781 1939 967 2025 subpriore,
988 1946 1021 2005 ot
1036 1938 1067 2003 S.
1083 1937 1229 2004 Plebano
1344 1967 1347 1972 ·

105 2044 248 2114 Ecclesio
263 2052 395 2132 nostre,
419 2045 455 2112 L'.
471 2045 594 2114 Ouriali
612 2046 738 2114 Comite
753 2053 873 2115 nostro.

106 2225 237 2288 (Eredstie
259 2223 434 2291 berhta-tyrio,
454 2222 680 2294 bdrtyazsinogen
702 2227 785 2293 ltiggr'i
807 2225 901 2294 posset
912 2227 1000 2292 alatt;
1018 2242 1035 2278 a
1057 2223 1229 2278 dimilthsr-

384 2332 450 2381 czog
462 2312 626 2380 Esaterhday
640 2313 734 2367 csalr'sd
753 2313 949 2379 levelctrtban,

565 2585 773 2596 m--e--ae—

639 2938 692 3004 (id.

101 3139 129 3202 ,1
151 3141 245 3224 aripti
269 3139 463 3202 boaoeotoclo
487 3136 759 3223 bizcoyodpleoelo‚
783 3141 864 3224 bopy
890 3135 1024 3203 Soron-i
1049 3137 1177 3202 Anao-clo
1198 3139 1229 3200 ess

103 3247 304 3312 esi-detruncat
329 3244 478 3330 Gyerbeo
503 3246 568 3309 te‘oo
592 3244 774 3310 circulator
799 3247 914 3311 Loaalo'
937 3257 1047 3310 orosto-r
1070 3246 1158 3308 boati
1174 3244 1229 3330 fii-

435 3352 626 3436 espereatoek
642 3351 780 3416 otodtot.
806 3355 902 3418 1274.

212 3547 278 3613 Nos
302 3545 504 3612 Laureuoius
530 3545 716 3630 Propositus
743 3553 774 3610 ot
799 3544 982 3614 Conuentus
1004 3547 1150 3612 Fratrum
1172 3545 1230 3613 Or-

99 3655 194 3721 dinis
211 3653 521 3720 l'remonstratcnsis
546 3653 587 3718 de
603 3653 692 3735 Saag
717 3652 940 3738 significamus
967 3661 1077 3720 tenore
1103 3673 1229 3738 presen-

96 3765 187 3828 cium
214 3761 398 3844 uniuersis,
422 3759 509 3841 quod
534 3758 767 3827 accedentibus
792 3757 834 3825 ad
859 3761 1062 3845 presenciam
1089 3769 1230 3826 nostram

95 3867 260 3953 Magistro
285 3868 443 3933 Ladizlao
467 3865 703 3934 Archidiacono
719 3866 883 3934 Hunteusi
910 3888 950 3933 ox
970 3887 1036 3932 una
1061 3874 1174 3952 parte,
1199 3875 1231 3932 et

95 3975 267 4042 Homodoo
286 3975 412 4040 Comite
436 3973 478 4040 de
493 3973 598 4041 Saron
625 3993 697 4040 cum
714 3973 790 4058 filijs
806 3977 875 4040 suis
892 3975 999 4060 Petro,
1025 3975 1173 4060 Nyoolao
1198 3984 1231 4042 et

92 4082 267 4164 Luehaok,
290 4084 415 4149 Lazaro
434 4088 466 4148 et
481 4081 672 4149 Alexandro
697 4081 774 4165 filijs
797 4081 884 4148 Luco
904 4081 1038 4148 Comitis
1062 4083 1102 4149 de
1118 4081 1232 4150 eadem

93 4193 186 4257 villa
206 4191 316 4275 Soron,
343 4209 383 4255 ex
400 4189 514 4274 altera,
530 4189 631 4275 ijdem
647 4188 836 4256 Homodeus
852 4189 968 4257 Comes
988 4210 1059 4256 oum
1077 4189 1230 4272 predictis

92 4303 155 4386 filij
176 4299 264 4381 suis,
288 4309 321 4364 et
336 4299 493 4385 Lazarus,
511 4297 686 4386 Luchack,
711 4319 749 4365 ao
776 4296 964 4365 Alexander
987 4299 1048 4382 filij
1070 4299 1157 4364 Luce
1173 4297 1232 4364 Oo-

91 4411 193 4475 mitis
219 4407 383 4473 iamdicti
409 4425 518 4473 coram
546 4407 639 4473 nobis
666 4405 830 4472 constituti
855 4411 957 4472 totam
985 4411 1103 4470 terram
1128 4425 1231 4489 suam,

91 4538 203 4602 quam
221 4516 353 4582 invilla
368 4512 492 4598 Gerqui
518 4521 550 4580 et
574 4513 738 4580 territorio
765 4512 833 4580 eius
860 4513 1043 4580 habuerunt
1068 4512 1102 4575 in
1118 4513 1230 4599 pratis,

90 4625 208 4706 siluis,
231 4623 324 4690 terris
340 4622 530 4709 arabilibus,
548 4630 581 4690 et
596 4621 717 4703 teneto,
743 4628 776 4688 et
791 4617 902 4688 lundis
921 4619 1094 4704 curiarum,
1120 4618 1231 4686 uendi-
