3080 5160
685 363 696 386 .
789 291 948 400 ...te-

303 487 395 574 scopi
419 485 612 570 Wneiensis,
637 486 711 554 culo
735 493 844 583 nostre
869 487 1063 573 Ocneellarij
1082 495 1113 555 et
1130 486 1265 557 (lomitie
1281 490 1324 558 de
1340 491 1425 578 Plps,

303 593 412 662 tidelis
427 594 549 679 nosni3
565 613 651 662 enno
668 593 797 662 Domini
814 595 859 662 Μο
875 594 940 662 OO⁰
956 593 1175 680 octuagesimo
1190 603 1324 680 quarto.

283 838 287 844 .
302 791 353 856 (Ar
366 792 466 845 eredeti
491 788 559 844 utin
581 792 679 843 Kneur
692 787 810 855 Neuter,
823 793 938 862 Mngyur
952 794 1015 846 Sion
1028 793 1081 844 111.
1096 792 1151 846 lrbt
1166 793 1226 846 547.
1240 795 1268 860 l.;
1284 791 1426 850 kiromtit

516 879 626 964 kbnitlte
640 879 722 946 Fejer
734 880 798 934 coc.
811 882 884 952 Dipl.
900 883 975 935 VIII.
988 883 1016 932 k.
1030 885 1055 933 u.
1074 898 1095 932 r.
1109 883 1169 934 214.
1182 881 1216 948 l.)

760 1167 972 1186 m

821 1685 896 1757 tel.

302 1881 360 1950 IV.
371 1867 632 1970 Mdrtoupclpco
641 1885 760 1968 judoci
776 1887 922 1954 credule
939 1887 1147 1974 meptupyjo,
1163 1888 1246 1973 tupy
1261 1882 1426 1952 Gelonem

302 1989 606 2070 denticulatae
630 1993 744 2057 medon
770 2017 792 2058 a
824 1993 1000 2064 eburdouuc'
1014 1993 1228 2081 pitopbltedpet
1243 1991 1424 2079 eljoplalta,

434 2118 455 2158 u
476 2095 640 2162 touonolci
655 2099 826 2184 tbi-ctnpelt
841 2099 1020 2164 tmtmtbou
1035 2099 1183 2184 eljdrjou.
1201 2097 1298 2162 1284.

409 2307 565 2374 Martinus
597 2307 777 2396 Episcopus
809 2329 922 2378 servus
953 2327 1117 2379 servorum
1153 2309 1214 2377 Dei
1246 2306 1425 2376 venerabili

301 2414 394 2484 tratri
410 2465 418 2481 .
436 2466 469 2484 ..
494 2415 743 2502 Arcbiepiscopo
775 2416 932 2485 chrensi
963 2417 1111 2484 scludem
1142 2417 1175 2484 in
1206 2413 1426 2502 Apostolicem

302 2521 566 2590 benedictionem.
592 2521 723 2590 Dudum
748 2524 843 2592 nobis
867 2523 1030 2609 quondum
1055 2521 1155 2591 lrutm
1178 2523 1347 2591 Jobenneu
1361 2523 1426 2589 llu-

302 2629 403 2713 gister
419 2627 551 2696 Ordinis
566 2629 714 2696 Fratrum
731 2629 973 2698 Predicutorum
990 2629 1172 2714 significare
1188 2630 1327 2714 curevit,
1343 2627 1425 2714 qued

300 2735 378 2802 licet
388 2735 578 2820 perlitteras
589 2734 685 2804 Sedis
701 2737 888 2823 Apostolice
898 2738 942 2804 sit
957 2737 1139 2822 inhibitum,
1157 2742 1193 2803 ut
1208 2735 1293 2804 nulli
1306 2737 1426 2804 iratres

299 2841 403 2930 ipsius
432 2839 574 2931 Ordinis,
599 2843 627 2910 si
653 2863 707 2911 eos
732 2845 765 2910 in
793 2843 972 2931 Episcopus
997 2845 1075 2931 eligi
1096 2850 1154 2912 aut
1168 2844 1328 2929 postulari
1346 2842 1427 2911 forte

300 2947 482 3034 contigerit,
505 2950 656 3020 electioni
681 2966 739 3019 seu
760 2950 972 3036 postulationi
989 2951 1029 3018 de
1044 2971 1081 3018 se
1098 2949 1342 3026 sucte.uudeunt
1355 2969 1426 3018 eon·

298 3058 429 3143 sentire,
457 3076 519 3124 nec
549 3057 710 3146 Prolatus,
737 3059 790 3126 vel
811 3059 914 3150 'etiem
930 3059 1073 3143 chutus
1088 3058 1184 3128 Sedis
1200 3057 1305 3143 ipsius
1320 3056 1425 3125 dictos

298 3163 423 3250 boues,
433 3163 497 3230 nisi
506 3163 547 3230 de
563 3165 712 3250 Magistri
722 3165 843 3234 eisdem
858 3165 912 3232 uel
929 3167 1077 3234 Priorum
1093 3162 1358 3244 Provinnmltnm,
1373 3163 1425 3249 qul

300 3291 358 3356 pro
369 3279 512 3357 tempore
527 3270 655 3357 fuerint,
665 3269 842 3340 licenticet
856 3291 1026 3360 consensu,
1044 3278 1102 3339 unt
1120 3269 1257 3360 speciali
1273 3269 1424 3342 mundule

299 3375 396 3446 Sedis
416 3377 572 3459 eiusdem,
588 3377 632 3446 ud
648 3377 872 3466 Episcopatus,
888 3379 943 3446 vel
958 3379 1045 3448 elius
1062 3377 1227 3466 quaslibet
1243 3378 1423 3466 dignitates

299 3492 394 3556 extre
409 3485 529 3552 dictum
546 3483 701 3552 Ordinem
717 3504 883 3581 assumere
902 3485 955 3554 rel
972 3485 1123 3554 ordlnure
1137 3492 1348 3575 presumunt3
1364 3505 1419 3572 per

298 3591 427 3660 easdem
438 3611 566 3676 quoque
576 3592 704 3662 litteras
720 3593 764 3664 eit
775 3590 942 3662 decretum
957 3594 1086 3662 irritum
1101 3599 1136 3662 et
1149 3593 1420 3682 inuue,quicqnid

298 3704 412 3768 contre
437 3699 658 3766 inhibitionem
683 3697 866 3768 huiusmodi
890 3699 1171 3786 equibuscunqne
1190 3698 1364 3786 contigerit
1379 3704 1422 3769 nt·

298 3808 463 3891 temptari,
485 3808 679 3874 auctoritate
704 3807 896 3894 Apostolieu
919 3826 1047 3895 semper
1074 3807 1187 3876 selue:
1203 3813 1314 3876 temen
1324 3805 1423 3874 freter

300 3913 467 3980 Galunnus
493 3913 711 4000 Dalmatinus,
728 3914 895 4000 professus
913 3913 991 3982 dicti
1006 3913 1148 4000 Ordinis,
1164 3913 1353 3999 prouisione
1369 3933 1423 3982 seu

297 4019 452 4088 electione
474 4019 513 4086 de
538 4020 607 4105 ipso
624 4019 667 4086 nd
683 4019 916 4107 Episcoputum
934 4021 1193 4090 scardonensem
1210 4020 1297 4090 fecte
1311 4029 1423 4091 contre

296 4127 520 4197 inhibitionem
545 4134 576 4194 et
600 4127 762 4196 decretum
788 4127 973 4198 huiusmodi
999 4137 1120 4199 temere
1145 4129 1331 4198 consentire
1355 4147 1422 4217 pre·

299 4238 446 4320 sumpsit.
464 4233 573 4313 Quare
603 4235 707 4304 dictus
730 4236 887 4320 Magister
914 4235 991 4306 fecit
1015 4235 1153 4306 anobis
1177 4258 1250 4306 cum
1270 4236 1424 4304 metentis

297 4343 467 4428 postulari,
495 4349 530 4408 ut
554 4341 725 4428 providere
751 4362 849 4428 super
863 4343 926 4412 boc
941 4342 1080 4432 paterno
1096 4341 1320 4412 sollieitudine
1336 4362 1423 4410 cure·
1525 4343 1526 4348 ’

298 4455 415 4517 remus.
441 4449 538 4520 Unde
562 4467 604 4516 ne
619 4447 786 4537 predictus
803 4447 975 4518 Oclronne
992 4451 1140 4520 detento
1155 4448 1347 4520 ambitionis
1358 4449 1424 4536 gie
1525 4483 1526 4486 ¹

298 4555 377 4620 riori
393 4562 504 4641 posset
517 4573 664 4644 excessu,
681 4557 744 4625 tibi
760 4575 818 4644 per
833 4557 918 4627 ulios
933 4565 1061 4628 nostrus
1079 4559 1140 4628 sub
1157 4557 1356 4627 certclormn
1371 4556 1423 4623 de·
