3146 5166
350 1163 409 1234 IV.
427 1167 541 1234 Laide
549 1169 660 1253 kirtly
672 1167 847 1234 Beszterczc
858 1165 1009 1256 (erdeiyi)
1026 1174 1124 1236 cdros
1138 1170 1306 1256 oddjduaic
1321 1171 1373 1234 be‘t
1384 1173 1482 1236 retra
1571 1153 1572 1240 3

739 1275 850 1362 auffert
865 1277 901 1340 u.
921 1277 1016 1344 1290.

456 1487 632 1557 Ladinlaus
656 1489 718 1556 Dei
749 1489 861 1573 grecia
890 1489 1058 1574 Hungarie
1068 1536 1078 1575 ,
1104 1487 1295 1575 Dalmacie,
1327 1489 1482 1577 Croucie,

350 1600 462 1684 Reme,
480 1595 603 1682 Seruio,
620 1595 770 1681 Gallicie,
785 1596 986 1683 Lodomerie,
1004 1592 1160 1664 Cumanie
1175 1596 1484 1682 BelgariequeBex

350 1705 497 1774 omnibus
515 1701 635 1772 Christi
649 1703 800 1772 fidelibus
817 1722 953 1788 presens
964 1703 1119 1788 scriptum
1131 1705 1483 1788 inspecturissalutem
1571 1687 1572 1728 3

350 1813 384 1881 in
399 1811 541 1882 omnium
557 1813 734 1879 saluatore.
753 1811 796 1877 Vt
812 1831 860 1897 ea,
879 1810 985 1895 quein
996 1817 1139 1896 tempore
1159 1819 1325 1898 geruntur,
1341 1833 1386 1880 ne
1402 1834 1484 1881 cum
1571 1869 1572 1890 ,

350 1927 496 2006 tempore
512 1919 654 1987 defluant
679 1925 711 1985 et
744 1918 913 2001 labantur,
955 1917 1133 1985 litterarum
1158 1918 1264 1984 solent
1287 1919 1485 1988 testimonio
1571 1891 1572 1916 3

350 2027 539 2095 communiri
565 2047 623 2095 seu
640 2025 886 2112 perhempuari;
904 2026 1130 2092 inconcussum
1147 2025 1268 2112 quippe
1293 2035 1485 2115 permanet,

351 2134 439 2220 quod
454 2134 557 2218 Regio
573 2133 634 2201 fuit
657 2132 840 2216 patrocinio
857 2133 1097 2199 communitum.
1113 2131 1253 2198 Proinde
1278 2133 1321 2198 ad
1347 2135 1488 2202 uniuer-

352 2261 459 2310 sorum
476 2238 632 2308 noticiam
648 2240 763 2306 barum
779 2241 865 2308 serie
880 2241 1031 2307 nolumus
1056 2240 1246 2325 peruenire:
1271 2238 1357 2322 quod
1382 2261 1484 2308 acce

350 2346 466 2416 dentes
482 2349 525 2417 ad
539 2355 683 2416 nostram
698 2349 900 2434 presenciam
916 2348 1005 2415 ciues
1017 2347 1057 2413 de
1067 2347 1249 2436 Byzturche
1259 2347 1488 2416 exbibuerunt

351 2455 444 2523 nobis
476 2461 626 2540 patentes
656 2455 783 2522 litteras
813 2461 942 2523 nostras
973 2473 1072 2540 super
1104 2453 1308 2521 relexacione
1339 2453 1488 2524 duarum
1571 2487 1572 2550 j

352 2563 499 2650 parcium
515 2561 627 2630 tributi
644 2561 684 2630 de
700 2562 901 2649 Byztwrche,
917 2569 951 2628 et
965 2563 1182 2648 petiuerunta
1199 2561 1292 2628 nobis
1308 2561 1488 2630 humiliter
1571 2563 1572 2598 ³

230 2651 237 2659 ¹
350 2667 554 2758 suplicando,
570 2677 605 2738 vt
620 2669 709 2756 ipsas
726 2675 815 2738 ratas
833 2669 963 2756 habere,
980 2677 1013 2735 et
1029 2674 1140 2736 nostro
1157 2669 1313 2736 inuouure
1341 2676 1375 2735 et
1405 2692 1487 2737 con-

352 2778 479 2845 firmare
495 2777 667 2864 priuilegio
684 2776 725 2844 de
741 2777 944 2862 benignitate
958 2778 1062 2862 Regia
1077 2777 1297 2862 dignaremur.
1322 2777 1482 2856 Quarum

352 2887 480 2972 quidem
497 2887 682 2972 patencium
697 2887 880 2954 litterarum
896 2895 988 2953 tenor
998 2887 1074 2958 talis
1085 2895 1132 2954 est
1145 2913 1153 2956 :

458 2995 526 3062 Nos
541 2993 720 3060 Ladizlaus
735 2995 797 3061 Dei
828 2995 942 3077 gracia
973 2995 1043 3065 Rex
1074 2993 1217 3077 Vngarie
1250 2993 1488 3077 significamus

312 3164 316 3172 .
352 3101 469 3188 quibus
487 3101 617 3189 expedit
627 3108 737 3170 tenore
755 3103 956 3187 presencium
972 3101 1154 3169 uniuersis:
1180 3099 1266 3185 quod
1291 3103 1371 3185 quia
1388 3106 1491 3176 ciues
1571 3097 1572 3154 i

240 3277 242 3282 .
354 3211 457 3276 nostri
474 3209 514 3278 de
529 3210 702 3298 Byntwrch
719 3231 778 3296 per
794 3219 904 3278 vastus
921 3216 953 3276 et
968 3209 1121 3277 incendia
1137 3211 1351 3276 Tartarorum
1378 3213 1491 3296 pluri·

351 3315 685 3384 mumsuntdestructi
702 3323 733 3384 et
748 3316 972 3404 depauperati,
991 3315 1115 3384 eisdem
1127 3316 1311 3383 huiusmodi
1322 3321 1489 3402 graciam
1571 3317 1572 3368 i

351 3423 503 3492 duximus
518 3423 711 3512 faciendam,
728 3433 762 3492 vt
777 3427 911 3491 terciam
928 3431 1053 3510 partem
1073 3424 1185 3490 tributi
1216 3425 1256 3491 dc
1272 3425 1493 3513 Byztwrehe,

352 3540 385 3602 et
400 3554 465 3601 non
480 3534 576 3618 vltra,
593 3533 674 3600 dare
691 3539 723 3599 et
738 3533 925 3618 persoluere
947 3539 1137 3618 teneantur3
1154 3535 1201 3600 ita
1225 3541 1259 3600 vt
1285 3531 1327 3599 de
1352 3533 1498 3603 duabus
1571 3591 1572 3620 p

352 3641 498 3728 partibus
515 3639 626 3706 tributi
643 3641 708 3707 sint
724 3639 870 3725 expediti
886 3647 919 3706 ct
935 3641 1095 3727 absoluti5
1111 3643 1218 3709 nullus
1241 3647 1351 3708 autem
1378 3641 1495 3710 homi-
1571 3645 1572 3648 ’

352 3768 429 3815 uum
447 3747 532 3814 vltra
547 3747 581 3813 id
596 3747 727 3815 eosdem
744 3747 918 3813 molestare
934 3747 1054 3816 audeat
1079 3749 1132 3815 vel
1157 3755 1333 3832 presumat.
1359 3749 1500 3819 Datum
1571 3737 1572 3804 3

353 3855 524 3923 Waradini
539 3856 573 3922 in
590 3849 672 3923 festo
689 3857 789 3922 Beate
804 3855 906 3923 Marie
916 3855 1122 3941 Magdalene.
1402 3898 1405 3902 -

460 3965 527 4031 Nos
543 3963 653 4048 itaque
669 3964 763 4032 iustis
778 3967 810 4029 et
824 3963 993 4049 legittimis
1026 3963 1241 4049 peticionibus
1257 3965 1499 4050 predictorum

352 4074 471 4140 ciuium
486 4077 669 4142 nostrornm
684 4072 833 4139 inclinati
849 4071 952 4157 Regio
968 4091 1039 4138 cum
1056 4070 1178 4158 fanore,
1207 4073 1296 4157 ipsas
1328 4081 1503 4156 patentes
1571 4153 1572 4160 ἵ

352 4181 476 4248 litteras
491 4183 621 4246 nostras
637 4199 701 4245 non
718 4181 866 4262 abrasas,
894 4199 958 4246 non
983 4178 1191 4262 cancellatas,
1218 4197 1278 4244 nec
1303 4177 1339 4243 in
1367 4183 1503 4266 aliqua

353 4287 404 4356 sui
420 4293 514 4372 parte
529 4286 676 4373 viciatus,
694 4287 751 4355 sed
777 4288 994 4366 omnimodam
1012 4287 1210 4356 continentes
1227 4285 1420 4374 ueritatem,
1461 4291 1507 4356 de
1571 4293 1572 4380 J

353 4395 452 4462 verbo
467 4393 510 4460 ad
527 4397 658 4462 verbum
674 4397 880 4482 presentibus
896 4397 997 4464 inseri
1013 4395 1180 4481 facientes,
1196 4393 1400 4464 auctoritate
1422 4419 1505 4485 pre·

353 4500 497 4567 cencium
514 4501 666 4570 duximus
683 4503 930 4573 innodandas-et
939 4505 1041 4570 eciam
1051 4501 1300 4569 confirmandas.
1319 4503 1363 4569 vt
1374 4513 1508 4574 autem
1571 4543 1572 4548 κ

356 4604 539 4676 huiusmodi
555 4609 668 4694 gracia
683 4612 840 4696 predictis
857 4611 982 4680 ciuibus
999 4631 1134 4698 pernes
1151 4609 1241 4681 edita
1266 4615 1299 4678 ct
1327 4631 1512 4684 concessa
