3118 5158
306 421 450 480 nostrum
467 413 628 480 hostiliter
647 413 856 500 destinasset,
874 413 979 480 dictus
996 397 1150 501 Magister
1166 414 1284 480 Petrus
1300 431 1431 496 gressus

306 523 473 589 fidelitatis
498 543 562 588 non
588 523 750 608 deserens,
775 529 888 588 eontra
903 523 1021 588 molem
1046 521 1166 588 milicie
1182 522 1306 588 dictum
1327 522 1433 604 Erney

306 629 532 716 potencialiter
557 631 748 716 captiuauit,
774 632 828 698 ubi
854 631 958 698 eciam
984 629 1100 698 letalia
1125 630 1273 697 iuewrrit
1298 630 1431 712 wlnera,

306 758 371 823 qne
395 759 453 822 pro
468 740 560 825 Regij
579 738 702 806 fauoris
727 737 893 806 commodo
918 738 1085 825 pacienter
1109 737 1242 804 sustulit
1257 745 1290 805 ct
1304 744 1431 824 gratan-

307 853 365 912 ter.
398 847 480 913 Item
506 867 578 913 eum
603 847 638 912 iu
665 848 798 932 Irsazeg
824 855 895 931 post
919 848 1030 932 plures
1057 844 1271 929 fatigacioucs
1297 845 1432 914 eundem

307 963 431 1039 patrem
447 961 592 1023 nostrum
608 956 715 1024 adhuc
731 956 961 1025 inestimabilis
986 955 1086 1022 moles
1107 955 1268 1022 exercitus
1285 954 1365 1020 dicti
1381 953 1433 1016 aul

307 1063 410 1130 nostri
427 1067 680 1150 constrinxisset,
697 1065 863 1151 predictus
875 1065 1030 1149 Magister
1046 1066 1161 1132 Petms
1177 1081 1295 1149 passus
1312 1062 1432 1138 faciens

308 1169 457 1237 efficaces
472 1170 643 1239 aduersam
670 1174 772 1240 aciem
793 1172 966 1259 preliornm
992 1171 1204 1238 varietatibus
1222 1170 1386 1255 inpulsam
1402 1169 1432 1232 iu

308 1277 419 1362 lugam
436 1281 596 1347 conuertit
620 1281 802 1348 mirabilem
828 1286 860 1347 et
877 1279 1058 1348 orrendam.
1087 1279 1170 1347 Item
1187 1301 1260 1345 cum
1278 1279 1364 1346 idem
1381 1277 1432 1342 do-

308 1387 414 1453 minus
430 1393 524 1471 pater
539 1394 649 1455 noster
665 1395 777 1455 contra
793 1387 997 1473 repentinum
1016 1387 1171 1454 insultum
1186 1387 1286 1471 Regis
1302 1388 1433 1454 Boemo-

310 1513 378 1558 mm
404 1494 464 1560 sub
488 1502 595 1562 castro
619 1495 813 1563 Posouiensi
836 1490 1048 1564 dimicaturus
1074 1496 1339 1582 progrederetur,
1367 1497 1434 1580 ipse

309 1601 465 1687 Magister
488 1603 604 1671 Petrus
630 1611 745 1691 peetus
771 1625 889 1690 gerens
914 1605 1079 1672 leoninum
1104 1625 1258 1690 maguam
1287 1603 1328 1668 de
1344 1601 1431 1667 iuml-

310 1711 399 1777 nenti
432 1713 501 1778 acie
532 1719 658 1797 partem
687 1715 804 1781 strauit
835 1733 933 1801 nece,
967 1721 1000 1780 et
1030 1712 1145 1780 funera
1175 1712 1433 1796 interemptomm

309 1819 425 1885 rostris
442 1819 607 1886 voluerum
632 1820 761 1905 prebuit
785 1820 973 1887 laceranda.
1006 1819 1101 1906 (Slub
1128 1826 1233 1887 castro
1250 1820 1354 1885 eciam
1370 1817 1432 1882 Mu·

310 1925 455 1992 suniensi
471 1926 636 1994 dominnm
651 1928 765 1995 Belam
776 1928 899 1997 Ducem
914 1928 1122 1996 karissimum
1138 1927 1274 1994 fratrem
1290 1931 1431 1991 nostrum

311 2054 369 2117 pro
400 2053 496 2118 posse
527 2035 720 2120 preliantem
751 2039 901 2105 liberauit
933 2038 974 2104 de
999 2037 1148 2106 manibus
1178 2034 1383 2102 inimicorum
1403 2031 1433 2096 iu

309 2141 412 2226 ipsius
429 2163 540 2210 necem
556 2142 776 2212 inhumaniter
793 2147 995 2214 seuiencium
1013 2153 1079 2213 toto
1097 2146 1181 2212 uisu.
1207 2142 1309 2230 (H)ijs
1327 2143 1432 2226 itaque
1536 2149 1537 2194 ῐ

312 2257 344 2315 et
360 2248 436 2335 alijs
461 2252 612 2319 omnibus
638 2252 705 2320 suis
721 2254 896 2340 meritorijs
922 2254 1074 2339 seruicijs
1100 2251 1352 2338 circumspectis,
1376 2269 1435 2333 que
1536 2259 1537 2318 ἒ

312 2377 370 2440 peu
386 2358 515 2442 singula
540 2379 709 2445 possemus
734 2361 952 2430 tediosissime
977 2363 1154 2447 replicare3
1178 2361 1342 2444 quandam
1366 2377 1433 2442 pos·

311 2465 489 2532 sessionem
505 2467 635 2552 Zyntha
660 2475 828 2552 uocatam,
854 2476 978 2536 curtem
995 2468 1148 2535 videlicet
1167 2466 1348 2534 Comitatus
1364 2465 1434 2532 Zul·

313 2575 553 2660 gagcurieusis,
580 2596 653 2642 eum
679 2575 828 2646 omnibus
852 2576 1063 2662 pertinencijs
1087 2577 1165 2660 suis,
1195 2595 1292 2658 quam
1318 2574 1435 2640 dudum

312 2679 417 2747 eidem
434 2680 474 2746 de
490 2703 649 2750 consensu
675 2683 804 2751 domine
821 2684 945 2770 Regino
960 2683 1134 2751 karissime
1150 2684 1262 2750 matris
1278 2687 1390 2748 nostre
1407 2689 1436 2746 et

313 2788 456 2854 omnium
472 2790 633 2857 Beronum
659 2799 841 2859 nostrorum
868 2793 1123 2874 contuleramus,
1147 2789 1237 2860 etad
1254 2797 1380 2874 tempus
1396 2789 1435 2852 ab
1528 2795 1537 2872 ¹l

313 2895 426 2962 eodem
451 2896 556 2964 suerat
580 2899 735 2986 alienata,
765 2900 966 2966 reddidimus
992 2907 1025 2966 et
1050 2899 1251 2966 restituimus
1276 2897 1382 2963 cidem
1399 2895 1437 2960 de

314 3004 448 3088 speciali
474 3007 717 3094 nostragraeia,
742 3027 781 3074 eo
807 3009 889 3091 iure,
907 3007 1085 3090 codemque
1106 3007 1210 3092 titulo,
1235 3007 1351 3090 quibus
1376 3003 1435 3088 pri·

314 3111 385 3176 dem
402 3113 558 3196 Magister
573 3115 749 3183 Mauricius
766 3115 904 3182 eandem
922 3116 1065 3182 noscitur
1080 3115 1233 3182 tenuisse.
1254 3110 1327 3200 (U)t
1343 3111 1437 3195 igitur
1536 3101 1537 3142 i

313 3227 381 3284 tam
397 3221 468 3304 ipse
484 3241 581 3304 quam
598 3223 648 3290 sui
667 3223 801 3290 heredes
816 3222 1035 3307 heredumque
1059 3241 1259 3289 successores
1277 3220 1310 3286 in
1328 3239 1434 3304 corpo-
1536 3227 1537 3306 l

259 3349 261 3358 ·
315 3329 375 3393 rali
393 3329 599 3412 possessione
623 3329 770 3416 predicte
794 3330 986 3398 collacionis
1011 3335 1119 3396 nostre
1145 3329 1272 3396 illibate
1289 3345 1437 3412 persone·

314 3428 404 3520 rent,
429 3456 489 3502 nec
515 3439 642 3520 possint
668 3439 797 3506 excludi
823 3439 1031 3522 aliquatenus
1058 3436 1100 3503 de
1125 3435 1248 3518 eadem,
1272 3441 1437 3520 presentes

316 3542 533 3609 concessimus
550 3543 676 3611 litteras
693 3544 860 3630 dupplicis
877 3545 977 3629 sigilli
1002 3543 1106 3611 nostri
1123 3543 1299 3608 munimine
1314 3544 1438 3608 robora·

315 3657 376 3714 tas.
411 3644 560 3735 (Dictum
586 3671 643 3735 per
670 3671 785 3717 manus
812 3651 1008 3718 uenerabilis
1033 3651 1095 3717 uiri
1111 3649 1259 3734 Magistri
1273 3648 1439 3716 Benedicti
1536 3637 1537 3652 ²

315 3757 435 3823 Sancte
451 3756 683 3842 Strigoniensir
701 3759 847 3826 Ecclesia
862 3759 966 3825 Electi
990 3758 1204 3842 perpetuique
1223 3756 1355 3822 Comitis
1380 3755 1438 3820 loci
1536 3841 1537 3844 Ἴ

315 3863 470 3948 eiusdem,
480 3865 637 3950 Prepesiti
649 3867 816 3950 Budensis,
827 3865 901 3932 aule
911 3873 1020 3933 nostre
1031 3863 1320 3948 Viae-Cancellarij
1331 3863 1439 3930 dilecti
1536 3845 1537 3910 l

315 3977 347 4036 et
362 3971 466 4038 tidelis
483 3975 596 4058 nostri;
616 3993 702 4040 anno
713 3974 844 4039 Domini
860 3972 1079 4040 M⁰GO⁰LXX⁰
1089 3979 1203 4055 quarto
1216 3971 1321 4052 Regni
1331 3978 1438 4036 autem
1536 3971 1537 3996 ³

315 4075 1440 4165 nostriannosecundo.VenerabilibuspatribusStcphanoColoeensi

315 4191 347 4252 et
372 4187 522 4255 Johanne
554 4187 744 4271 Spalateusi
772 4186 1054 4273 Archiepiscopis;
1078 4186 1252 4269 Lamperto
1278 4183 1438 4270 Agriensi,

315 4292 440 4358 Briccio
458 4289 688 4380 Chanadiensi,
715 4296 800 4362 Jouu
818 4292 1168 4377 Quinqueecelcsieusi,
1185 4293 1350 4378 Phylippo
1366 4292 1439 4357 Wa·
1536 4377 1537 4382 ἵ

316 4399 416 4466 cieusi
441 4401 516 4466 aule
533 4401 661 4468 domine
677 4403 804 4486 Regina
820 4401 993 4469 karissime
1008 4399 1168 4468 consortis
1183 4406 1292 4467 nostre
1308 4397 1440 4466 Cancel-

315 4506 407 4596 lario,
425 4509 606 4594 Tymotheo
622 4507 845 4597 Zagrabiensi,
861 4510 964 4576 Paulo
980 4509 1226 4594 Wesprimieusi
1244 4509 1319 4575 aule
1335 4513 1443 4573 nostre
