<?xml version="1.0" encoding="UTF-8"?>
<!DOCTYPE html PUBLIC "-//W3C//DTD XHTML 1.0 Transitional//EN"
    "http://www.w3.org/TR/xhtml1/DTD/xhtml1-transitional.dtd">
<html xmlns="http://www.w3.org/1999/xhtml" xml:lang="en" lang="en">
 <head>
  <title>
</title>
<meta http-equiv="Content-Type" content="text/html;charset=utf-8" />
  <meta name='ocr-system' content='tesseract 3.04.00' />
  <meta name='ocr-capabilities' content='ocr_page ocr_carea ocr_par ocr_line ocrx_word'/>
</head>
<body>
  <div class='ocr_page' id='page_1' title='image "./codexdiplomatic12wenzgoog_0196.png"; bbox 0 0 3140 5150; ppageno 0'>
   <div class='ocr_carea' id='block_1_1' title="bbox 780 255 938 354">
    <p class='ocr_par' dir='ltr' id='par_1_1' title="bbox 780 255 938 354">
     <span class='ocr_line' id='line_1_1' title="bbox 780 255 938 354; baseline 0 -32"><span class='ocrx_word' id='word_1_1' title='bbox 780 255 938 354; x_wconf 46' lang='lat'>-1—54-</span> 
     </span>
    </p>
   </div>
   <div class='ocr_carea' id='block_1_2' title="bbox 291 447 1434 4643">
    <p class='ocr_par' dir='ltr' id='par_1_2' title="bbox 291 447 1434 4643">
     <span class='ocr_line' id='line_1_2' title="bbox 293 447 1425 538; baseline 0.004 -22"><span class='ocrx_word' id='word_1_2' title='bbox 293 449 389 533; x_wconf 83' lang='lat' dir='ltr'><strong>equis</strong></span> <span class='ocrx_word' id='word_1_3' title='bbox 405 455 437 517; x_wconf 90' lang='lat' dir='ltr'><strong>ot</strong></span> <span class='ocrx_word' id='word_1_4' title='bbox 455 447 657 537; x_wconf 78' lang='lat' dir='ltr'>molendinis,</span> <span class='ocrx_word' id='word_1_5' title='bbox 682 451 714 516; x_wconf 91' lang='lat' dir='ltr'><strong>in</strong></span> <span class='ocrx_word' id='word_1_6' title='bbox 731 451 796 536; x_wconf 87' lang='lat' dir='ltr'><strong>vijs</strong></span> <span class='ocrx_word' id='word_1_7' title='bbox 813 457 845 520; x_wconf 90' lang='lat' dir='ltr'><strong>ct</strong></span> <span class='ocrx_word' id='word_1_8' title='bbox 861 451 996 538; x_wconf 88' lang='lat' dir='ltr'><strong>semitis,</strong></span> <span class='ocrx_word' id='word_1_9' title='bbox 1023 455 1056 518; x_wconf 88' lang='lat' dir='ltr'><strong>et</strong></span> <span class='ocrx_word' id='word_1_10' title='bbox 1071 451 1219 518; x_wconf 90' lang='lat' dir='ltr'><strong>omuibus</strong></span> <span class='ocrx_word' id='word_1_11' title='bbox 1236 451 1311 537; x_wconf 87' lang='lat' dir='ltr'><strong>alijs</strong></span> <span class='ocrx_word' id='word_1_12' title='bbox 1328 453 1425 521; x_wconf 85' lang='lat' dir='ltr'><strong>libcr-</strong></span> 
     </span>
     <span class='ocr_line' id='line_1_3' title="bbox 292 544 1427 648; baseline 0.007 -24"><span class='ocrx_word' id='word_1_13' title='bbox 292 559 414 626; x_wconf 83' lang='lat' dir='ltr'><strong>tatibus</strong></span> <span class='ocrx_word' id='word_1_14' title='bbox 430 567 463 628; x_wconf 93' lang='lat' dir='ltr'><strong>et</strong></span> <span class='ocrx_word' id='word_1_15' title='bbox 478 544 734 626; x_wconf 90' lang='lat' dir='ltr'><strong>immunitatibus</strong></span> <span class='ocrx_word' id='word_1_16' title='bbox 750 560 829 626; x_wconf 87' lang='lat' dir='ltr'><strong>suis.</strong></span> <span class='ocrx_word' id='word_1_17' title='bbox 853 560 939 626; x_wconf 87' lang='lat' dir='ltr'><strong>Saue</strong></span> <span class='ocrx_word' id='word_1_18' title='bbox 964 559 1130 626; x_wconf 88' lang='lat' dir='ltr'><strong>noualium</strong></span> <span class='ocrx_word' id='word_1_19' title='bbox 1146 566 1334 648; x_wconf 86' lang='lat' dir='ltr'><strong>uestrarum,</strong></span> <span class='ocrx_word' id='word_1_20' title='bbox 1361 583 1427 646; x_wconf 85' lang='lat' dir='ltr'><strong>que</strong></span> 
     </span>
     <span class='ocr_line' id='line_1_4' title="bbox 292 665 1426 754; baseline 0.004 -20"><span class='ocrx_word' id='word_1_21' title='bbox 292 665 435 752; x_wconf 89' lang='lat' dir='ltr'><strong>proprijs</strong></span> <span class='ocrx_word' id='word_1_22' title='bbox 467 667 648 754; x_wconf 82' lang='lat' dir='ltr'><strong>sumptibus</strong></span> <span class='ocrx_word' id='word_1_23' title='bbox 681 669 809 754; x_wconf 90' lang='lat' dir='ltr'><strong>colitis,</strong></span> <span class='ocrx_word' id='word_1_24' title='bbox 842 669 882 736; x_wconf 89' lang='lat' dir='ltr'><strong>do</strong></span> <span class='ocrx_word' id='word_1_25' title='bbox 908 669 1025 752; x_wconf 87' lang='lat' dir='ltr'><strong>quibus</strong></span> <span class='ocrx_word' id='word_1_26' title='bbox 1041 668 1162 753; x_wconf 88' lang='lat' dir='ltr'><strong>aliquis</strong></span> <span class='ocrx_word' id='word_1_27' title='bbox 1184 668 1341 738; x_wconf 84' lang='lat' dir='ltr'><strong>hactenus</strong></span> <span class='ocrx_word' id='word_1_28' title='bbox 1358 693 1426 739; x_wconf 90' lang='lat' dir='ltr'><strong>non</strong></span> 
     </span>
     <span class='ocr_line' id='line_1_5' title="bbox 293 775 1427 864; baseline 0.002 -20"><span class='ocrx_word' id='word_1_29' title='bbox 293 775 446 863; x_wconf 80' lang='lat' dir='ltr'><strong>percepit,</strong></span> <span class='ocrx_word' id='word_1_30' title='bbox 471 775 542 842; x_wconf 89' lang='lat' dir='ltr'><strong>siue</strong></span> <span class='ocrx_word' id='word_1_31' title='bbox 558 775 598 844; x_wconf 90' lang='lat' dir='ltr'><strong>dc</strong></span> <span class='ocrx_word' id='word_1_32' title='bbox 614 781 793 844; x_wconf 87' lang='lat' dir='ltr'><strong>uestrorum</strong></span> <span class='ocrx_word' id='word_1_33' title='bbox 811 777 1002 844; x_wconf 88' lang='lat' dir='ltr'><strong>animalium</strong></span> <span class='ocrx_word' id='word_1_34' title='bbox 1028 776 1254 864; x_wconf 85' lang='lat' dir='ltr'><strong>nutrimentis,</strong></span> <span class='ocrx_word' id='word_1_35' title='bbox 1278 779 1386 846; x_wconf 86' lang='lat' dir='ltr'><strong>nullus</strong></span> <span class='ocrx_word' id='word_1_36' title='bbox 1403 801 1427 846; x_wconf 86' lang='lat' dir='ltr'><strong>a</strong></span> 
     </span>
     <span class='ocr_line' id='line_1_6' title="bbox 294 883 1424 972; baseline 0.004 -22"><span class='ocrx_word' id='word_1_37' title='bbox 294 883 388 950; x_wconf 89' lang='lat' dir='ltr'><strong>nobis</strong></span> <span class='ocrx_word' id='word_1_38' title='bbox 405 884 551 952; x_wconf 87' lang='lat' dir='ltr'><strong>decimes</strong></span> <span class='ocrx_word' id='word_1_39' title='bbox 576 883 709 968; x_wconf 81' lang='lat' dir='ltr'><strong>exigere</strong></span> <span class='ocrx_word' id='word_1_40' title='bbox 730 885 784 952; x_wconf 88' lang='lat' dir='ltr'><strong>uel</strong></span> <span class='ocrx_word' id='word_1_41' title='bbox 802 891 995 969; x_wconf 87' lang='lat' dir='ltr'><strong>extorquere</strong></span> <span class='ocrx_word' id='word_1_42' title='bbox 1020 890 1195 972; x_wconf 89' lang='lat' dir='ltr'><strong>presumat.</strong></span> <span class='ocrx_word' id='word_1_43' title='bbox 1219 885 1330 952; x_wconf 82' lang='lat' dir='ltr'><strong>Liceat</strong></span> <span class='ocrx_word' id='word_1_44' title='bbox 1346 906 1424 970; x_wconf 89' lang='lat' dir='ltr'><strong>quo·</strong></span> 
     </span>
     <span class='ocr_line' id='line_1_7' title="bbox 294 991 1425 1078; baseline 0.003 -18"><span class='ocrx_word' id='word_1_45' title='bbox 294 1011 358 1076; x_wconf 85' lang='lat' dir='ltr'><strong>que</strong></span> <span class='ocrx_word' id='word_1_46' title='bbox 374 993 467 1060; x_wconf 89' lang='lat' dir='ltr'><strong>uobis</strong></span> <span class='ocrx_word' id='word_1_47' title='bbox 483 993 787 1078; x_wconf 81' lang='lat' dir='ltr'><strong>personasliberas</strong></span> <span class='ocrx_word' id='word_1_48' title='bbox 814 1001 845 1060; x_wconf 90' lang='lat' dir='ltr'><strong>et</strong></span> <span class='ocrx_word' id='word_1_49' title='bbox 871 995 1040 1060; x_wconf 82' lang='lat' dir='ltr'><strong>absolutas</strong></span> <span class='ocrx_word' id='word_1_50' title='bbox 1065 991 1106 1059; x_wconf 87' lang='lat' dir='ltr'><strong>de</strong></span> <span class='ocrx_word' id='word_1_51' title='bbox 1130 992 1241 1060; x_wconf 88' lang='lat' dir='ltr'><strong>seculo</strong></span> <span class='ocrx_word' id='word_1_52' title='bbox 1260 992 1425 1077; x_wconf 83' lang='lat' dir='ltr'><strong>fugientes</strong></span> 
     </span>
     <span class='ocr_line' id='line_1_8' title="bbox 294 1099 1426 1187; baseline 0.004 -21"><span class='ocrx_word' id='word_1_53' title='bbox 294 1101 338 1168; x_wconf 85' lang='lat' dir='ltr'><strong>ad</strong></span> <span class='ocrx_word' id='word_1_54' title='bbox 355 1100 598 1169; x_wconf 87' lang='lat' dir='ltr'><strong>conuersionem</strong></span> <span class='ocrx_word' id='word_1_55' title='bbox 614 1102 769 1187; x_wconf 88' lang='lat' dir='ltr'><strong>recipere,</strong></span> <span class='ocrx_word' id='word_1_56' title='bbox 787 1107 819 1169; x_wconf 88' lang='lat' dir='ltr'><strong>et</strong></span> <span class='ocrx_word' id='word_1_57' title='bbox 835 1122 891 1170; x_wconf 88' lang='lat' dir='ltr'><strong>eus</strong></span> <span class='ocrx_word' id='word_1_58' title='bbox 914 1104 1038 1184; x_wconf 86' lang='lat' dir='ltr'><strong>absque</strong></span> <span class='ocrx_word' id='word_1_59' title='bbox 1048 1099 1302 1168; x_wconf 85' lang='lat' dir='ltr'><strong>contradictione</strong></span> <span class='ocrx_word' id='word_1_60' title='bbox 1312 1103 1426 1186; x_wconf 82' lang='lat' dir='ltr'><strong>aliqua</strong></span> 
     </span>
     <span class='ocr_line' id='line_1_9' title="bbox 294 1206 1424 1295; baseline 0.002 -21"><span class='ocrx_word' id='word_1_61' title='bbox 294 1206 443 1274; x_wconf 89' lang='lat' dir='ltr'><strong>retinere.</strong></span> <span class='ocrx_word' id='word_1_62' title='bbox 468 1207 683 1276; x_wconf 89' lang='lat' dir='ltr'><strong>Prohibemus</strong></span> <span class='ocrx_word' id='word_1_63' title='bbox 708 1209 860 1295; x_wconf 85' lang='lat' dir='ltr'><strong>iusuper,</strong></span> <span class='ocrx_word' id='word_1_64' title='bbox 895 1215 931 1274; x_wconf 90' lang='lat' dir='ltr'><strong>ut</strong></span> <span class='ocrx_word' id='word_1_65' title='bbox 959 1207 1043 1274; x_wconf 89' lang='lat' dir='ltr'><strong>nulli</strong></span> <span class='ocrx_word' id='word_1_66' title='bbox 1069 1228 1213 1274; x_wconf 86' lang='lat' dir='ltr'><strong>sororum</strong></span> <span class='ocrx_word' id='word_1_67' title='bbox 1241 1217 1424 1277; x_wconf 86' lang='lat' dir='ltr'><strong>uestrarum</strong></span> 
     </span>
     <span class='ocr_line' id='line_1_10' title="bbox 292 1315 1425 1404; baseline 0.002 -22"><span class='ocrx_word' id='word_1_68' title='bbox 292 1322 367 1402; x_wconf 87' lang='lat' dir='ltr'><strong>post</strong></span> <span class='ocrx_word' id='word_1_69' title='bbox 383 1315 502 1382; x_wconf 84' lang='lat' dir='ltr'><strong>tactam</strong></span> <span class='ocrx_word' id='word_1_70' title='bbox 528 1316 562 1382; x_wconf 92' lang='lat' dir='ltr'><strong>in</strong></span> <span class='ocrx_word' id='word_1_71' title='bbox 587 1317 786 1384; x_wconf 86' lang='lat' dir='ltr'><strong>Monasterio</strong></span> <span class='ocrx_word' id='word_1_72' title='bbox 812 1323 920 1384; x_wconf 90' lang='lat' dir='ltr'><strong>uestro</strong></span> <span class='ocrx_word' id='word_1_73' title='bbox 944 1317 1179 1403; x_wconf 82' lang='lat' dir='ltr'><strong>professionem</strong></span> <span class='ocrx_word' id='word_1_74' title='bbox 1205 1317 1255 1386; x_wconf 85' lang='lat' dir='ltr'><strong>sas</strong></span> <span class='ocrx_word' id='word_1_75' title='bbox 1271 1319 1324 1404; x_wconf 90' lang='lat' dir='ltr'><strong>sit,</strong></span> <span class='ocrx_word' id='word_1_76' title='bbox 1351 1321 1425 1386; x_wconf 89' lang='lat' dir='ltr'><strong>sinc</strong></span> 
     </span>
     <span class='ocr_line' id='line_1_11' title="bbox 294 1425 1423 1510; baseline 0.004 -21"><span class='ocrx_word' id='word_1_77' title='bbox 294 1425 457 1493; x_wconf 89' lang='lat' dir='ltr'><strong>Priorisse</strong></span> <span class='ocrx_word' id='word_1_78' title='bbox 474 1445 532 1491; x_wconf 92' lang='lat' dir='ltr'><strong>sue</strong></span> <span class='ocrx_word' id='word_1_79' title='bbox 547 1425 688 1510; x_wconf 88' lang='lat' dir='ltr'><strong>lieentia,</strong></span> <span class='ocrx_word' id='word_1_80' title='bbox 705 1425 769 1492; x_wconf 89' lang='lat' dir='ltr'><strong>nisi</strong></span> <span class='ocrx_word' id='word_1_81' title='bbox 785 1425 917 1493; x_wconf 83' lang='lat' dir='ltr'><strong>artioris</strong></span> <span class='ocrx_word' id='word_1_82' title='bbox 927 1425 1093 1510; x_wconf 80' lang='lat' dir='ltr'><strong>religionis</strong></span> <span class='ocrx_word' id='word_1_83' title='bbox 1104 1425 1237 1492; x_wconf 89' lang='lat' dir='ltr'><strong>obtentu</strong></span> <span class='ocrx_word' id='word_1_84' title='bbox 1255 1425 1296 1492; x_wconf 90' lang='lat' dir='ltr'><strong>de</strong></span> <span class='ocrx_word' id='word_1_85' title='bbox 1308 1427 1423 1494; x_wconf 89' lang='lat' dir='ltr'><strong>codem</strong></span> 
     </span>
     <span class='ocr_line' id='line_1_12' title="bbox 293 1530 1420 1619; baseline 0.002 -20"><span class='ocrx_word' id='word_1_86' title='bbox 293 1534 363 1601; x_wconf 89' lang='lat' dir='ltr'><strong>loco</strong></span> <span class='ocrx_word' id='word_1_87' title='bbox 380 1530 565 1617; x_wconf 90' lang='lat' dir='ltr'><strong>discedere;</strong></span> <span class='ocrx_word' id='word_1_88' title='bbox 590 1533 810 1605; x_wconf 82' lang='lat' dir='ltr'><strong>discedentem</strong></span> <span class='ocrx_word' id='word_1_89' title='bbox 836 1555 912 1602; x_wconf 89' lang='lat' dir='ltr'><strong>uero</strong></span> <span class='ocrx_word' id='word_1_90' title='bbox 931 1535 1054 1619; x_wconf 88' lang='lat' dir='ltr'><strong>absquo</strong></span> <span class='ocrx_word' id='word_1_91' title='bbox 1065 1533 1281 1600; x_wconf 90' lang='lat' dir='ltr'><strong>communium</strong></span> <span class='ocrx_word' id='word_1_92' title='bbox 1296 1535 1420 1603; x_wconf 86' lang='lat' dir='ltr'><strong>littera·</strong></span> 
     </span>
     <span class='ocr_line' id='line_1_13' title="bbox 293 1640 1425 1729; baseline 0.002 -20"><span class='ocrx_word' id='word_1_93' title='bbox 293 1662 363 1709; x_wconf 88' lang='lat' dir='ltr'><strong>rum</strong></span> <span class='ocrx_word' id='word_1_94' title='bbox 379 1648 561 1709; x_wconf 87' lang='lat' dir='ltr'><strong>uestrarum</strong></span> <span class='ocrx_word' id='word_1_95' title='bbox 578 1643 730 1709; x_wconf 86' lang='lat' dir='ltr'><strong>cautione</strong></span> <span class='ocrx_word' id='word_1_96' title='bbox 755 1643 866 1710; x_wconf 91' lang='lat' dir='ltr'><strong>nullus</strong></span> <span class='ocrx_word' id='word_1_97' title='bbox 884 1640 1011 1710; x_wconf 85' lang='lat' dir='ltr'><strong>&#39;audeat</strong></span> <span class='ocrx_word' id='word_1_98' title='bbox 1036 1643 1190 1729; x_wconf 87' lang='lat' dir='ltr'><strong>recipere.</strong></span> <span class='ocrx_word' id='word_1_99' title='bbox 1213 1643 1295 1710; x_wconf 84' lang='lat' dir='ltr'><strong>Cum</strong></span> <span class='ocrx_word' id='word_1_100' title='bbox 1314 1651 1425 1711; x_wconf 86' lang='lat' dir='ltr'><strong>autem</strong></span> 
     </span>
     <span class='ocr_line' id='line_1_14' title="bbox 294 1748 1423 1838; baseline 0.004 -22"><span class='ocrx_word' id='word_1_101' title='bbox 294 1751 447 1832; x_wconf 80' lang='lat' dir='ltr'><strong>generale</strong></span> <span class='ocrx_word' id='word_1_102' title='bbox 463 1748 670 1816; x_wconf 90' lang='lat' dir='ltr'><strong>interdictum</strong></span> <span class='ocrx_word' id='word_1_103' title='bbox 687 1756 774 1818; x_wconf 89' lang='lat' dir='ltr'><strong>terre</strong></span> <span class='ocrx_word' id='word_1_104' title='bbox 790 1749 897 1838; x_wconf 84' lang='lat' dir='ltr'><strong>tuerit,</strong></span> <span class='ocrx_word' id='word_1_105' title='bbox 921 1751 1019 1816; x_wconf 87' lang='lat' dir='ltr'><strong>liceat</strong></span> <span class='ocrx_word' id='word_1_106' title='bbox 1045 1750 1138 1816; x_wconf 88' lang='lat' dir='ltr'><strong>uobis</strong></span> <span class='ocrx_word' id='word_1_107' title='bbox 1164 1751 1286 1818; x_wconf 78' lang='lat' dir='ltr'><strong>eleusis</strong></span> <span class='ocrx_word' id='word_1_108' title='bbox 1303 1751 1423 1838; x_wconf 64' lang='lat' dir='ltr'><strong>ianuiS,</strong></span> 
     </span>
     <span class='ocr_line' id='line_1_15' title="bbox 294 1857 1420 1946; baseline 0.003 -22"><span class='ocrx_word' id='word_1_109' title='bbox 294 1857 436 1924; x_wconf 77' lang='lat' dir='ltr'><strong>exclusis</strong></span> <span class='ocrx_word' id='word_1_110' title='bbox 457 1859 743 1926; x_wconf 86' lang='lat' dir='ltr'><strong>excommunicatis</strong></span> <span class='ocrx_word' id='word_1_111' title='bbox 765 1865 798 1924; x_wconf 91' lang='lat' dir='ltr'><strong>et</strong></span> <span class='ocrx_word' id='word_1_112' title='bbox 812 1857 1002 1946; x_wconf 85' lang='lat' dir='ltr'><strong>interdictis,</strong></span> <span class='ocrx_word' id='word_1_113' title='bbox 1029 1863 1093 1924; x_wconf 91' lang='lat' dir='ltr'><strong>non</strong></span> <span class='ocrx_word' id='word_1_114' title='bbox 1120 1858 1260 1944; x_wconf 81' lang='lat' dir='ltr'><strong>pulsatis</strong></span> <span class='ocrx_word' id='word_1_115' title='bbox 1288 1880 1420 1946; x_wconf 84' lang='lat' dir='ltr'><strong>campa-</strong></span> 
     </span>
     <span class='ocr_line' id='line_1_16' title="bbox 292 1965 1423 2052; baseline 0.003 -20"><span class='ocrx_word' id='word_1_116' title='bbox 292 1966 353 2048; x_wconf 89' lang='lat' dir='ltr'><strong>nis,</strong></span> <span class='ocrx_word' id='word_1_117' title='bbox 376 1985 551 2051; x_wconf 87' lang='lat' dir='ltr'><strong>suppressa</strong></span> <span class='ocrx_word' id='word_1_118' title='bbox 567 1986 646 2032; x_wconf 90' lang='lat' dir='ltr'><strong>uoce</strong></span> <span class='ocrx_word' id='word_1_119' title='bbox 665 1966 788 2032; x_wconf 86' lang='lat' dir='ltr'><strong>Dinina</strong></span> <span class='ocrx_word' id='word_1_120' title='bbox 803 1965 921 2033; x_wconf 83' lang='lat' dir='ltr'><strong>officie</strong></span> <span class='ocrx_word' id='word_1_121' title='bbox 946 1967 1133 2052; x_wconf 77' lang='lat' dir='ltr'><strong>celebrare,</strong></span> <span class='ocrx_word' id='word_1_122' title='bbox 1157 1966 1331 2034; x_wconf 90' lang='lat' dir='ltr'><strong>dummodo</strong></span> <span class='ocrx_word' id='word_1_123' title='bbox 1347 1989 1423 2035; x_wconf 85' lang='lat' dir='ltr'><strong>cau·</strong></span> 
     </span>
     <span class='ocr_line' id='line_1_17' title="bbox 294 2073 1425 2161; baseline 0.002 -21"><span class='ocrx_word' id='word_1_124' title='bbox 294 2093 364 2140; x_wconf 87' lang='lat' dir='ltr'><strong>sam</strong></span> <span class='ocrx_word' id='word_1_125' title='bbox 391 2094 454 2140; x_wconf 92' lang='lat' dir='ltr'><strong>non</strong></span> <span class='ocrx_word' id='word_1_126' title='bbox 474 2073 630 2142; x_wconf 89' lang='lat' dir='ltr'><strong>dederitis</strong></span> <span class='ocrx_word' id='word_1_127' title='bbox 655 2073 838 2142; x_wconf 89' lang='lat' dir='ltr'><strong>interdicto.</strong></span> <span class='ocrx_word' id='word_1_128' title='bbox 863 2073 989 2142; x_wconf 77' lang='lat' dir='ltr'><strong>Orisma</strong></span> <span class='ocrx_word' id='word_1_129' title='bbox 1014 2095 1102 2161; x_wconf 88' lang='lat' dir='ltr'><strong>uero,</strong></span> <span class='ocrx_word' id='word_1_130' title='bbox 1129 2077 1235 2142; x_wconf 88' lang='lat' dir='ltr'><strong>oleum</strong></span> <span class='ocrx_word' id='word_1_131' title='bbox 1261 2083 1425 2161; x_wconf 86' lang='lat' dir='ltr'><strong>sanctum,</strong></span> 
     </span>
     <span class='ocr_line' id='line_1_18' title="bbox 294 2181 1424 2269; baseline 0.003 -21"><span class='ocrx_word' id='word_1_132' title='bbox 294 2181 552 2250; x_wconf 85' lang='lat' dir='ltr'><strong>consecrationes</strong></span> <span class='ocrx_word' id='word_1_133' title='bbox 569 2183 720 2250; x_wconf 87' lang='lat' dir='ltr'><strong>altarium</strong></span> <span class='ocrx_word' id='word_1_134' title='bbox 736 2203 794 2250; x_wconf 89' lang='lat' dir='ltr'><strong>seu</strong></span> <span class='ocrx_word' id='word_1_135' title='bbox 810 2183 1031 2269; x_wconf 82' lang='lat' dir='ltr'><strong>basilicarum,</strong></span> <span class='ocrx_word' id='word_1_136' title='bbox 1052 2187 1085 2250; x_wconf 91' lang='lat' dir='ltr'><strong>et</strong></span> <span class='ocrx_word' id='word_1_137' title='bbox 1100 2182 1343 2252; x_wconf 85' lang='lat' dir='ltr'><strong>benedictiones</strong></span> <span class='ocrx_word' id='word_1_138' title='bbox 1359 2207 1424 2251; x_wconf 92' lang='lat' dir='ltr'><strong>mo·</strong></span> 
     </span>
     <span class='ocr_line' id='line_1_19' title="bbox 293 2289 1423 2382; baseline 0.004 -27"><span class='ocrx_word' id='word_1_139' title='bbox 293 2289 472 2358; x_wconf 88' lang='lat' dir='ltr'><strong>noaliuma</strong></span> <span class='ocrx_word' id='word_1_140' title='bbox 490 2290 663 2358; x_wconf 87' lang='lat' dir='ltr'><strong>diocesano</strong></span> <span class='ocrx_word' id='word_1_141' title='bbox 679 2291 867 2377; x_wconf 89' lang='lat' dir='ltr'><strong>suscipiatis</strong></span> <span class='ocrx_word' id='word_1_142' title='bbox 885 2292 1058 2382; x_wconf 81' lang='lat' dir='ltr'><strong>Episcopo,</strong></span> <span class='ocrx_word' id='word_1_143' title='bbox 1084 2291 1112 2358; x_wconf 93' lang='lat' dir='ltr'><strong>si</strong></span> <span class='ocrx_word' id='word_1_144' title='bbox 1128 2292 1259 2375; x_wconf 87' lang='lat' dir='ltr'><strong>quidem</strong></span> <span class='ocrx_word' id='word_1_145' title='bbox 1280 2293 1423 2361; x_wconf 83' lang='lat' dir='ltr'><strong>Catholi-</strong></span> 
     </span>
     <span class='ocr_line' id='line_1_20' title="bbox 294 2398 1423 2484; baseline 0.004 -19"><span class='ocrx_word' id='word_1_146' title='bbox 294 2417 351 2466; x_wconf 88' lang='lat' dir='ltr'><strong>eus</strong></span> <span class='ocrx_word' id='word_1_147' title='bbox 362 2398 468 2483; x_wconf 85' lang='lat' dir='ltr'><strong>tuerit,</strong></span> <span class='ocrx_word' id='word_1_148' title='bbox 480 2405 513 2466; x_wconf 93' lang='lat' dir='ltr'><strong>et</strong></span> <span class='ocrx_word' id='word_1_149' title='bbox 523 2398 660 2484; x_wconf 82' lang='lat' dir='ltr'><strong>gratiam</strong></span> <span class='ocrx_word' id='word_1_150' title='bbox 672 2407 704 2466; x_wconf 87' lang='lat' dir='ltr'><strong>ct</strong></span> <span class='ocrx_word' id='word_1_151' title='bbox 714 2402 1037 2468; x_wconf 87' lang='lat' dir='ltr'><strong>communicationem</strong></span> <span class='ocrx_word' id='word_1_152' title='bbox 1047 2399 1260 2468; x_wconf 84' lang='lat' dir='ltr'><strong>Sacrosunote</strong></span> <span class='ocrx_word' id='word_1_153' title='bbox 1273 2402 1423 2470; x_wconf 90' lang='lat' dir='ltr'><strong>Romane</strong></span> 
     </span>
     <span class='ocr_line' id='line_1_21' title="bbox 294 2505 1422 2596; baseline 0.007 -24"><span class='ocrx_word' id='word_1_154' title='bbox 294 2505 388 2574; x_wconf 83' lang='lat' dir='ltr'><strong>Sedis</strong></span> <span class='ocrx_word' id='word_1_155' title='bbox 405 2507 565 2595; x_wconf 88' lang='lat' dir='ltr'><strong>babuerit,</strong></span> <span class='ocrx_word' id='word_1_156' title='bbox 584 2516 616 2576; x_wconf 92' lang='lat' dir='ltr'><strong>et</strong></span> <span class='ocrx_word' id='word_1_157' title='bbox 632 2529 671 2576; x_wconf 90' lang='lat' dir='ltr'><strong>ea</strong></span> <span class='ocrx_word' id='word_1_158' title='bbox 687 2509 780 2576; x_wconf 91' lang='lat' dir='ltr'><strong>uobis</strong></span> <span class='ocrx_word' id='word_1_159' title='bbox 796 2511 936 2576; x_wconf 87' lang='lat' dir='ltr'><strong>uoluerit</strong></span> <span class='ocrx_word' id='word_1_160' title='bbox 960 2509 1030 2576; x_wconf 89' lang='lat' dir='ltr'><strong>sine</strong></span> <span class='ocrx_word' id='word_1_161' title='bbox 1055 2511 1217 2595; x_wconf 87' lang='lat' dir='ltr'><strong>prauitute</strong></span> <span class='ocrx_word' id='word_1_162' title='bbox 1234 2511 1348 2596; x_wconf 88' lang='lat' dir='ltr'><strong>aliqua</strong></span> <span class='ocrx_word' id='word_1_163' title='bbox 1365 2533 1422 2580; x_wconf 89' lang='lat' dir='ltr'><strong>ex·</strong></span> 
     </span>
     <span class='ocr_line' id='line_1_22' title="bbox 294 2613 1421 2708; baseline 0.008 -30"><span class='ocrx_word' id='word_1_164' title='bbox 294 2613 413 2682; x_wconf 89' lang='lat' dir='ltr'><strong>hibere.</strong></span> <span class='ocrx_word' id='word_1_165' title='bbox 437 2615 648 2684; x_wconf 89' lang='lat' dir='ltr'><strong>Prohibemus</strong></span> <span class='ocrx_word' id='word_1_166' title='bbox 663 2617 814 2703; x_wconf 88' lang='lat' dir='ltr'><strong>insuper,</strong></span> <span class='ocrx_word' id='word_1_167' title='bbox 841 2625 876 2684; x_wconf 90' lang='lat' dir='ltr'><strong>ut</strong></span> <span class='ocrx_word' id='word_1_168' title='bbox 901 2617 986 2684; x_wconf 84' lang='lat' dir='ltr'><strong>intra</strong></span> <span class='ocrx_word' id='word_1_169' title='bbox 1012 2620 1091 2685; x_wconf 88' lang='lat' dir='ltr'><strong>fines</strong></span> <span class='ocrx_word' id='word_1_170' title='bbox 1111 2619 1281 2704; x_wconf 89' lang='lat' dir='ltr'><strong>parrochie</strong></span> <span class='ocrx_word' id='word_1_171' title='bbox 1299 2631 1421 2708; x_wconf 84' lang='lat' dir='ltr'><strong>nestre,</strong></span> 
     </span>
     <span class='ocr_line' id='line_1_23' title="bbox 294 2722 1426 2814; baseline 0.007 -28"><span class='ocrx_word' id='word_1_172' title='bbox 294 2722 324 2786; x_wconf 85' lang='lat' dir='ltr'><strong>si</strong></span> <span class='ocrx_word' id='word_1_173' title='bbox 351 2741 423 2788; x_wconf 91' lang='lat' dir='ltr'><strong>eam</strong></span> <span class='ocrx_word' id='word_1_174' title='bbox 440 2722 577 2811; x_wconf 89' lang='lat' dir='ltr'><strong>habetis,</strong></span> <span class='ocrx_word' id='word_1_175' title='bbox 604 2724 711 2791; x_wconf 87' lang='lat' dir='ltr'><strong>nullus</strong></span> <span class='ocrx_word' id='word_1_176' title='bbox 743 2725 813 2793; x_wconf 88' lang='lat' dir='ltr'><strong>sine</strong></span> <span class='ocrx_word' id='word_1_177' title='bbox 838 2744 976 2792; x_wconf 85' lang='lat' dir='ltr'><strong>assensu</strong></span> <span class='ocrx_word' id='word_1_178' title='bbox 1007 2726 1185 2794; x_wconf 85' lang='lat' dir='ltr'><strong>Diocesani</strong></span> <span class='ocrx_word' id='word_1_179' title='bbox 1213 2725 1366 2814; x_wconf 81' lang='lat' dir='ltr'><strong>Episcopi</strong></span> <span class='ocrx_word' id='word_1_180' title='bbox 1393 2735 1426 2796; x_wconf 91' lang='lat' dir='ltr'><strong>ct</strong></span> 
     </span>
     <span class='ocr_line' id='line_1_24' title="bbox 293 2831 1423 2919; baseline 0.006 -23"><span class='ocrx_word' id='word_1_181' title='bbox 293 2835 403 2898; x_wconf 86' lang='lat' dir='ltr'><strong>uestro</strong></span> <span class='ocrx_word' id='word_1_182' title='bbox 419 2831 581 2916; x_wconf 89' lang='lat' dir='ltr'><strong>capellam</strong></span> <span class='ocrx_word' id='word_1_183' title='bbox 609 2851 666 2899; x_wconf 90' lang='lat' dir='ltr'><strong>seu</strong></span> <span class='ocrx_word' id='word_1_184' title='bbox 692 2831 867 2898; x_wconf 86' lang='lat' dir='ltr'><strong>oratorium</strong></span> <span class='ocrx_word' id='word_1_185' title='bbox 895 2834 936 2900; x_wconf 88' lang='lat' dir='ltr'><strong>de</strong></span> <span class='ocrx_word' id='word_1_186' title='bbox 961 2853 1046 2900; x_wconf 89' lang='lat' dir='ltr'><strong>nouo</strong></span> <span class='ocrx_word' id='word_1_187' title='bbox 1071 2840 1261 2900; x_wconf 85' lang='lat' dir='ltr'><strong>construere</strong></span> <span class='ocrx_word' id='word_1_188' title='bbox 1280 2835 1423 2919; x_wconf 70' lang='lat' dir='ltr'><strong>audeat,</strong></span> 
     </span>
     <span class='ocr_line' id='line_1_25' title="bbox 294 2937 1426 3023; baseline 0.004 -19"><span class='ocrx_word' id='word_1_189' title='bbox 294 2937 395 3004; x_wconf 89' lang='lat' dir='ltr'><strong>saluis</strong></span> <span class='ocrx_word' id='word_1_190' title='bbox 422 2939 606 3023; x_wconf 84' lang='lat' dir='ltr'><strong>priuilegijs</strong></span> <span class='ocrx_word' id='word_1_191' title='bbox 633 2940 822 3006; x_wconf 88' lang='lat' dir='ltr'><strong>Pontificum</strong></span> <span class='ocrx_word' id='word_1_192' title='bbox 847 2941 1072 3008; x_wconf 87' lang='lat' dir='ltr'><strong>Romanorum.</strong></span> <span class='ocrx_word' id='word_1_193' title='bbox 1096 2941 1148 3006; x_wconf 81' lang='lat' dir='ltr'><strong>Ad</strong></span> <span class='ocrx_word' id='word_1_194' title='bbox 1176 2942 1237 3008; x_wconf 89' lang='lat' dir='ltr'><strong>bec</strong></span> <span class='ocrx_word' id='word_1_195' title='bbox 1261 2963 1364 3010; x_wconf 82' lang='lat' dir='ltr'><strong>nouas</strong></span> <span class='ocrx_word' id='word_1_196' title='bbox 1392 2949 1426 3009; x_wconf 89' lang='lat' dir='ltr'><strong>et</strong></span> 
     </span>
     <span class='ocr_line' id='line_1_26' title="bbox 293 3045 1424 3136; baseline 0.004 -24"><span class='ocrx_word' id='word_1_197' title='bbox 293 3045 456 3112; x_wconf 83' lang='lat' dir='ltr'><strong>indebitas</strong></span> <span class='ocrx_word' id='word_1_198' title='bbox 474 3048 664 3116; x_wconf 88' lang='lat' dir='ltr'><strong>exactiones</strong></span> <span class='ocrx_word' id='word_1_199' title='bbox 689 3049 732 3114; x_wconf 90' lang='lat' dir='ltr'><strong>ab</strong></span> <span class='ocrx_word' id='word_1_200' title='bbox 760 3049 1021 3135; x_wconf 81' lang='lat' dir='ltr'><strong>Arobiepisoopis</strong></span> <span class='ocrx_word' id='word_1_201' title='bbox 1042 3056 1075 3115; x_wconf 91' lang='lat' dir='ltr'><strong>et</strong></span> <span class='ocrx_word' id='word_1_202' title='bbox 1092 3049 1281 3136; x_wconf 77' lang='lat' dir='ltr'><strong>Episcopis,</strong></span> <span class='ocrx_word' id='word_1_203' title='bbox 1307 3051 1424 3118; x_wconf 85' lang='lat' dir='ltr'><strong>Archi·</strong></span> 
     </span>
     <span class='ocr_line' id='line_1_27' title="bbox 296 3152 1425 3242; baseline 0.005 -24"><span class='ocrx_word' id='word_1_204' title='bbox 296 3152 444 3222; x_wconf 86' lang='lat' dir='ltr'><strong>diaconis</strong></span> <span class='ocrx_word' id='word_1_205' title='bbox 459 3175 517 3223; x_wconf 90' lang='lat' dir='ltr'><strong>sen</strong></span> <span class='ocrx_word' id='word_1_206' title='bbox 533 3157 686 3242; x_wconf 88' lang='lat' dir='ltr'><strong>Decanis,</strong></span> <span class='ocrx_word' id='word_1_207' title='bbox 712 3156 854 3240; x_wconf 83' lang='lat' dir='ltr'><strong>alijsqne</strong></span> <span class='ocrx_word' id='word_1_208' title='bbox 869 3157 1019 3225; x_wconf 90' lang='lat' dir='ltr'><strong>omnibns</strong></span> <span class='ocrx_word' id='word_1_209' title='bbox 1045 3158 1278 3226; x_wconf 87' lang='lat' dir='ltr'><strong>ecclesiasticis</strong></span> <span class='ocrx_word' id='word_1_210' title='bbox 1298 3159 1425 3226; x_wconf 89' lang='lat' dir='ltr'><strong>secula·</strong></span> 
     </span>
     <span class='ocr_line' id='line_1_28' title="bbox 292 3260 1425 3354; baseline 0.009 -30"><span class='ocrx_word' id='word_1_211' title='bbox 292 3260 446 3345; x_wconf 88' lang='lat' dir='ltr'><strong>ribusque</strong></span> <span class='ocrx_word' id='word_1_212' title='bbox 462 3263 611 3350; x_wconf 86' lang='lat' dir='ltr'><strong>personis</strong></span> <span class='ocrx_word' id='word_1_213' title='bbox 635 3287 656 3332; x_wconf 89' lang='lat' dir='ltr'><strong>a</strong></span> <span class='ocrx_word' id='word_1_214' title='bbox 681 3264 774 3334; x_wconf 90' lang='lat' dir='ltr'><strong>uobis</strong></span> <span class='ocrx_word' id='word_1_215' title='bbox 791 3267 920 3332; x_wconf 90' lang='lat' dir='ltr'><strong>omnino</strong></span> <span class='ocrx_word' id='word_1_216' title='bbox 940 3266 1010 3334; x_wconf 87' lang='lat' dir='ltr'><strong>fieri</strong></span> <span class='ocrx_word' id='word_1_217' title='bbox 1035 3265 1250 3352; x_wconf 88' lang='lat' dir='ltr'><strong>prohibemus.</strong></span> <span class='ocrx_word' id='word_1_218' title='bbox 1274 3267 1425 3354; x_wconf 89' lang='lat' dir='ltr'><strong>Sepultu-</strong></span> 
     </span>
     <span class='ocr_line' id='line_1_29' title="bbox 293 3373 1422 3459; baseline 0.008 -27"><span class='ocrx_word' id='word_1_219' title='bbox 293 3388 362 3434; x_wconf 88' lang='lat' dir='ltr'><strong>ram</strong></span> <span class='ocrx_word' id='word_1_220' title='bbox 380 3390 507 3456; x_wconf 91' lang='lat' dir='ltr'><strong>quoque</strong></span> <span class='ocrx_word' id='word_1_221' title='bbox 523 3373 625 3458; x_wconf 90' lang='lat' dir='ltr'><strong>ipsius</strong></span> <span class='ocrx_word' id='word_1_222' title='bbox 649 3373 712 3440; x_wconf 91' lang='lat' dir='ltr'><strong>loci</strong></span> <span class='ocrx_word' id='word_1_223' title='bbox 736 3374 874 3442; x_wconf 90' lang='lat' dir='ltr'><strong>liberam</strong></span> <span class='ocrx_word' id='word_1_224' title='bbox 903 3395 975 3441; x_wconf 91' lang='lat' dir='ltr'><strong>esse</strong></span> <span class='ocrx_word' id='word_1_225' title='bbox 1001 3375 1217 3459; x_wconf 87' lang='lat' dir='ltr'><strong>decernimus,</strong></span> <span class='ocrx_word' id='word_1_226' title='bbox 1247 3383 1281 3442; x_wconf 93' lang='lat' dir='ltr'><strong>ut</strong></span> <span class='ocrx_word' id='word_1_227' title='bbox 1307 3395 1422 3442; x_wconf 90' lang='lat' dir='ltr'><strong>eorum</strong></span> 
     </span>
     <span class='ocr_line' id='line_1_30' title="bbox 294 3475 1425 3568; baseline 0.005 -28"><span class='ocrx_word' id='word_1_228' title='bbox 294 3475 459 3544; x_wconf 89' lang='lat' dir='ltr'><strong>deuotioni</strong></span> <span class='ocrx_word' id='word_1_229' title='bbox 484 3487 517 3547; x_wconf 84' lang='lat' dir='ltr'><strong>et</strong></span> <span class='ocrx_word' id='word_1_230' title='bbox 542 3488 684 3548; x_wconf 82' lang='lat' dir='ltr'><strong>extreme</strong></span> <span class='ocrx_word' id='word_1_231' title='bbox 701 3482 872 3562; x_wconf 88' lang='lat' dir='ltr'><strong>uoluntati,</strong></span> <span class='ocrx_word' id='word_1_232' title='bbox 901 3481 1008 3566; x_wconf 87' lang='lat' dir='ltr'><strong>quise</strong></span> <span class='ocrx_word' id='word_1_233' title='bbox 1025 3483 1094 3548; x_wconf 91' lang='lat' dir='ltr'><strong>illio</strong></span> <span class='ocrx_word' id='word_1_234' title='bbox 1111 3481 1240 3568; x_wconf 90' lang='lat' dir='ltr'><strong>sepeliri</strong></span> <span class='ocrx_word' id='word_1_235' title='bbox 1258 3481 1425 3550; x_wconf 85' lang='lat' dir='ltr'><strong>delibera·</strong></span> 
     </span>
     <span class='ocr_line' id='line_1_31' title="bbox 293 3583 1428 3672; baseline 0.005 -24"><span class='ocrx_word' id='word_1_236' title='bbox 293 3583 408 3668; x_wconf 89' lang='lat' dir='ltr'><strong>uerint,</strong></span> <span class='ocrx_word' id='word_1_237' title='bbox 442 3585 504 3652; x_wconf 90' lang='lat' dir='ltr'><strong>nisi</strong></span> <span class='ocrx_word' id='word_1_238' title='bbox 537 3583 618 3654; x_wconf 85' lang='lat' dir='ltr'><strong>sorte</strong></span> <span class='ocrx_word' id='word_1_239' title='bbox 643 3585 913 3654; x_wconf 85' lang='lat' dir='ltr'><strong>excommunicati</strong></span> <span class='ocrx_word' id='word_1_240' title='bbox 938 3587 991 3654; x_wconf 90' lang='lat' dir='ltr'><strong>uel</strong></span> <span class='ocrx_word' id='word_1_241' title='bbox 1016 3587 1181 3654; x_wconf 89' lang='lat' dir='ltr'><strong>interdicti</strong></span> <span class='ocrx_word' id='word_1_242' title='bbox 1210 3588 1338 3672; x_wconf 83' lang='lat' dir='ltr'><strong>suerint,</strong></span> <span class='ocrx_word' id='word_1_243' title='bbox 1364 3598 1428 3656; x_wconf 82' lang='lat' dir='ltr'><strong>aut</strong></span> 
     </span>
     <span class='ocr_line' id='line_1_32' title="bbox 293 3692 1430 3782; baseline 0.004 -24"><span class='ocrx_word' id='word_1_244' title='bbox 293 3692 395 3758; x_wconf 88' lang='lat' dir='ltr'><strong>ceiam</strong></span> <span class='ocrx_word' id='word_1_245' title='bbox 412 3692 540 3777; x_wconf 91' lang='lat' dir='ltr'><strong>publice</strong></span> <span class='ocrx_word' id='word_1_246' title='bbox 557 3695 707 3782; x_wconf 88' lang='lat' dir='ltr'><strong>usurarij,</strong></span> <span class='ocrx_word' id='word_1_247' title='bbox 731 3695 842 3762; x_wconf 91' lang='lat' dir='ltr'><strong>nullus</strong></span> <span class='ocrx_word' id='word_1_248' title='bbox 859 3695 1015 3780; x_wconf 71' lang='lat' dir='ltr'><strong>obsistat,</strong></span> <span class='ocrx_word' id='word_1_249' title='bbox 1045 3695 1139 3762; x_wconf 85' lang='lat' dir='ltr'><strong>selua</strong></span> <span class='ocrx_word' id='word_1_250' title='bbox 1163 3702 1271 3760; x_wconf 87' lang='lat' dir='ltr'><strong>temen</strong></span> <span class='ocrx_word' id='word_1_251' title='bbox 1297 3695 1430 3764; x_wconf 84' lang='lat' dir='ltr'><strong>iustitia</strong></span> 
     </span>
     <span class='ocr_line' id='line_1_33' title="bbox 293 3799 1426 3889; baseline 0.005 -25"><span class='ocrx_word' id='word_1_252' title='bbox 293 3799 424 3867; x_wconf 90' lang='lat' dir='ltr'><strong>illarum</strong></span> <span class='ocrx_word' id='word_1_253' title='bbox 441 3801 659 3889; x_wconf 85' lang='lat' dir='ltr'><strong>ecelesiarum,</strong></span> <span class='ocrx_word' id='word_1_254' title='bbox 685 3825 705 3869; x_wconf 85' lang='lat' dir='ltr'><strong>a</strong></span> <span class='ocrx_word' id='word_1_255' title='bbox 726 3805 843 3887; x_wconf 91' lang='lat' dir='ltr'><strong>quibus</strong></span> <span class='ocrx_word' id='word_1_256' title='bbox 869 3811 1067 3870; x_wconf 88' lang='lat' dir='ltr'><strong>mortuorum</strong></span> <span class='ocrx_word' id='word_1_257' title='bbox 1091 3823 1227 3888; x_wconf 88' lang='lat' dir='ltr'><strong>corpora</strong></span> <span class='ocrx_word' id='word_1_258' title='bbox 1251 3821 1426 3870; x_wconf 87' lang='lat' dir='ltr'><strong>assumun-</strong></span> 
     </span>
     <span class='ocr_line' id='line_1_34' title="bbox 293 3909 1428 3998; baseline 0.003 -24"><span class='ocrx_word' id='word_1_259' title='bbox 293 3915 353 3975; x_wconf 89' lang='lat' dir='ltr'><strong>tur.</strong></span> <span class='ocrx_word' id='word_1_260' title='bbox 378 3911 532 3978; x_wconf 69' lang='lat' dir='ltr'><strong>Decimus</strong></span> <span class='ocrx_word' id='word_1_261' title='bbox 564 3917 713 3996; x_wconf 86' lang='lat' dir='ltr'><strong>preterea</strong></span> <span class='ocrx_word' id='word_1_262' title='bbox 744 3919 776 3978; x_wconf 93' lang='lat' dir='ltr'><strong>et</strong></span> <span class='ocrx_word' id='word_1_263' title='bbox 806 3913 1029 3998; x_wconf 89' lang='lat' dir='ltr'><strong>possessiones</strong></span> <span class='ocrx_word' id='word_1_264' title='bbox 1055 3909 1099 3976; x_wconf 86' lang='lat' dir='ltr'><strong>ad</strong></span> <span class='ocrx_word' id='word_1_265' title='bbox 1125 3911 1176 3978; x_wconf 89' lang='lat' dir='ltr'><strong>ius</strong></span> <span class='ocrx_word' id='word_1_266' title='bbox 1202 3911 1428 3978; x_wconf 84' lang='lat' dir='ltr'><strong>Ecclesiarum</strong></span> 
     </span>
     <span class='ocr_line' id='line_1_35' title="bbox 294 4016 1431 4106; baseline 0.005 -26"><span class='ocrx_word' id='word_1_267' title='bbox 294 4023 472 4082; x_wconf 84' lang='lat' dir='ltr'><strong>uestrarum</strong></span> <span class='ocrx_word' id='word_1_268' title='bbox 497 4023 703 4106; x_wconf 86' lang='lat' dir='ltr'><strong>spectantes,</strong></span> <span class='ocrx_word' id='word_1_269' title='bbox 731 4037 795 4101; x_wconf 86' lang='lat' dir='ltr'><strong>que</strong></span> <span class='ocrx_word' id='word_1_270' title='bbox 810 4038 831 4084; x_wconf 84' lang='lat' dir='ltr'><strong>a</strong></span> <span class='ocrx_word' id='word_1_271' title='bbox 847 4018 942 4084; x_wconf 86' lang='lat' dir='ltr'><strong>laicis</strong></span> <span class='ocrx_word' id='word_1_272' title='bbox 975 4016 1171 4102; x_wconf 86' lang='lat' dir='ltr'><strong>detinentur,</strong></span> <span class='ocrx_word' id='word_1_273' title='bbox 1193 4016 1371 4086; x_wconf 89' lang='lat' dir='ltr'><strong>redimendi</strong></span> <span class='ocrx_word' id='word_1_274' title='bbox 1392 4028 1431 4086; x_wconf 89' lang='lat' dir='ltr'><strong>et</strong></span> 
     </span>
     <span class='ocr_line' id='line_1_36' title="bbox 292 4121 1426 4210; baseline 0.005 -22"><span class='ocrx_word' id='word_1_275' title='bbox 292 4121 435 4205; x_wconf 78' lang='lat' dir='ltr'><strong>legitime</strong></span> <span class='ocrx_word' id='word_1_276' title='bbox 451 4122 613 4191; x_wconf 89' lang='lat' dir='ltr'><strong>liberandi</strong></span> <span class='ocrx_word' id='word_1_277' title='bbox 645 4125 684 4191; x_wconf 91' lang='lat' dir='ltr'><strong>de</strong></span> <span class='ocrx_word' id='word_1_278' title='bbox 716 4126 865 4192; x_wconf 89' lang='lat' dir='ltr'><strong>manibus</strong></span> <span class='ocrx_word' id='word_1_279' title='bbox 896 4145 1017 4210; x_wconf 91' lang='lat' dir='ltr'><strong>eorum,</strong></span> <span class='ocrx_word' id='word_1_280' title='bbox 1049 4133 1081 4192; x_wconf 90' lang='lat' dir='ltr'><strong>et</strong></span> <span class='ocrx_word' id='word_1_281' title='bbox 1106 4125 1149 4191; x_wconf 87' lang='lat' dir='ltr'><strong>ad</strong></span> <span class='ocrx_word' id='word_1_282' title='bbox 1173 4124 1348 4210; x_wconf 82' lang='lat' dir='ltr'><strong>Ecclesiae,</strong></span> <span class='ocrx_word' id='word_1_283' title='bbox 1373 4127 1426 4194; x_wconf 81' lang='lat' dir='ltr'><strong>ad</strong></span> 
     </span>
     <span class='ocr_line' id='line_1_37' title="bbox 293 4230 1431 4320; baseline 0.002 -26"><span class='ocrx_word' id='word_1_284' title='bbox 293 4248 373 4312; x_wconf 84' lang='lat' dir='ltr'><strong>quas</strong></span> <span class='ocrx_word' id='word_1_285' title='bbox 389 4230 562 4316; x_wconf 91' lang='lat' dir='ltr'><strong>pertinent,</strong></span> <span class='ocrx_word' id='word_1_286' title='bbox 588 4231 774 4316; x_wconf 91' lang='lat' dir='ltr'><strong>reuocandi,</strong></span> <span class='ocrx_word' id='word_1_287' title='bbox 799 4231 903 4299; x_wconf 86' lang='lat' dir='ltr'><strong>libera</strong></span> <span class='ocrx_word' id='word_1_288' title='bbox 927 4233 971 4301; x_wconf 90' lang='lat' dir='ltr'><strong>sit</strong></span> <span class='ocrx_word' id='word_1_289' title='bbox 990 4234 1082 4300; x_wconf 88' lang='lat' dir='ltr'><strong>uobis</strong></span> <span class='ocrx_word' id='word_1_290' title='bbox 1100 4233 1146 4320; x_wconf 80' lang='lat' dir='ltr'><strong>¹de</strong></span> <span class='ocrx_word' id='word_1_291' title='bbox 1162 4236 1272 4299; x_wconf 89' lang='lat' dir='ltr'><strong>nostra</strong></span> <span class='ocrx_word' id='word_1_292' title='bbox 1289 4233 1431 4298; x_wconf 87' lang='lat' dir='ltr'><strong>auctori-</strong></span> 
     </span>
     <span class='ocr_line' id='line_1_38' title="bbox 293 4337 1432 4430; baseline 0 -27"><span class='ocrx_word' id='word_1_293' title='bbox 293 4344 360 4405; x_wconf 88' lang='lat' dir='ltr'><strong>tate</strong></span> <span class='ocrx_word' id='word_1_294' title='bbox 377 4338 525 4405; x_wconf 86' lang='lat' dir='ltr'><strong>facultas.</strong></span> <span class='ocrx_word' id='word_1_295' title='bbox 553 4337 795 4430; x_wconf 79' lang='lat' dir='ltr'><strong>Obeunteuero</strong></span> <span class='ocrx_word' id='word_1_296' title='bbox 822 4345 854 4408; x_wconf 87' lang='lat' dir='ltr'><strong>te</strong></span> <span class='ocrx_word' id='word_1_297' title='bbox 869 4361 956 4407; x_wconf 89' lang='lat' dir='ltr'><strong>nuuc</strong></span> <span class='ocrx_word' id='word_1_298' title='bbox 986 4340 1131 4408; x_wconf 89' lang='lat' dir='ltr'><strong>eiusdem</strong></span> <span class='ocrx_word' id='word_1_299' title='bbox 1162 4340 1225 4407; x_wconf 92' lang='lat' dir='ltr'><strong>loei</strong></span> <span class='ocrx_word' id='word_1_300' title='bbox 1251 4339 1432 4426; x_wconf 72' lang='lat' dir='ltr'><strong>Priorisse,</strong></span> 
     </span>
     <span class='ocr_line' id='line_1_39' title="bbox 292 4445 1434 4533; baseline 0.002 -23"><span class='ocrx_word' id='word_1_301' title='bbox 292 4445 344 4512; x_wconf 92' lang='lat' dir='ltr'><strong>uel</strong></span> <span class='ocrx_word' id='word_1_302' title='bbox 362 4464 472 4512; x_wconf 80' lang='lat' dir='ltr'><strong>esrum</strong></span> <span class='ocrx_word' id='word_1_303' title='bbox 488 4445 614 4533; x_wconf 87' lang='lat' dir='ltr'><strong>aliqua,</strong></span> <span class='ocrx_word' id='word_1_304' title='bbox 640 4466 702 4531; x_wconf 88' lang='lat' dir='ltr'><strong>que</strong></span> <span class='ocrx_word' id='word_1_305' title='bbox 718 4447 779 4513; x_wconf 91' lang='lat' dir='ltr'><strong>tibi</strong></span> <span class='ocrx_word' id='word_1_306' title='bbox 796 4449 998 4532; x_wconf 88' lang='lat' dir='ltr'><strong>successerit,</strong></span> <span class='ocrx_word' id='word_1_307' title='bbox 1016 4449 1111 4518; x_wconf 89' lang='lat' dir='ltr'><strong>nulla</strong></span> <span class='ocrx_word' id='word_1_308' title='bbox 1126 4449 1171 4516; x_wconf 92' lang='lat' dir='ltr'><strong>ibi</strong></span> <span class='ocrx_word' id='word_1_309' title='bbox 1189 4445 1335 4531; x_wconf 89' lang='lat' dir='ltr'><strong>qualibet</strong></span> <span class='ocrx_word' id='word_1_310' title='bbox 1351 4447 1434 4512; x_wconf 88' lang='lat' dir='ltr'><strong>snb·</strong></span> 
     </span>
     <span class='ocr_line' id='line_1_40' title="bbox 291 4551 1434 4643; baseline 0.004 -26"><span class='ocrx_word' id='word_1_311' title='bbox 291 4551 446 4636; x_wconf 89' lang='lat' dir='ltr'><strong>reptionis</strong></span> <span class='ocrx_word' id='word_1_312' title='bbox 461 4551 583 4620; x_wconf 82' lang='lat' dir='ltr'><strong>astutia</strong></span> <span class='ocrx_word' id='word_1_313' title='bbox 598 4571 657 4619; x_wconf 90' lang='lat' dir='ltr'><strong>sen</strong></span> <span class='ocrx_word' id='word_1_314' title='bbox 680 4553 840 4622; x_wconf 87' lang='lat' dir='ltr'><strong>uiolentia</strong></span> <span class='ocrx_word' id='word_1_315' title='bbox 855 4563 1071 4643; x_wconf 75' lang='lat' dir='ltr'><strong>preponatur,</strong></span> <span class='ocrx_word' id='word_1_316' title='bbox 1096 4555 1159 4622; x_wconf 90' lang='lat' dir='ltr'><strong>nisi</strong></span> <span class='ocrx_word' id='word_1_317' title='bbox 1180 4573 1278 4638; x_wconf 87' lang='lat' dir='ltr'><strong>quam</strong></span> <span class='ocrx_word' id='word_1_318' title='bbox 1297 4571 1434 4622; x_wconf 88' lang='lat' dir='ltr'><strong>sorores</strong></span> 
     </span>
    </p>
   </div>
   <div class='ocr_carea' id='block_1_3' title="bbox 0 0 1574 5150">
    <p class='ocr_par' dir='ltr' id='par_1_3' title="bbox 0 0 1574 5150">
     <span class='ocr_line' id='line_1_41' title="bbox 0 0 1574 5150; baseline 0 0"><span class='ocrx_word' id='word_1_319' title='bbox 0 0 1574 5150; x_wconf 95' lang='lat' dir='ltr'><strong> </strong></span> 
     </span>
    </p>
   </div>
  </div>
 </body>
</html>
