3080 5160
565 321 722 422 epr-

90 514 212 602 solacio,
239 517 378 586 maxime
402 517 437 586 in
463 517 655 588 infidelitate
679 519 880 608 decedentis,
905 527 973 588 tam
988 517 1204 589 hereditarias

89 625 211 714 scillcet,
228 627 405 714 empticias,
422 627 610 713 acquisitas,
629 647 686 696 seu
706 631 821 714 quouis
837 631 923 698 insto
938 629 1034 697 titulo
1049 627 1206 725 adeptas,

90 753 142 802 nec
157 755 221 800 non
236 754 346 802 seruos
370 741 404 800 et
429 735 568 802 ancillas
595 735 747 822 ciusdem,
773 734 952 803 venerabili
979 735 1066 822 patri
1081 735 1204 805 Thornc

88 841 241 928 Episcopo
266 841 440 926 Waciensl‚
458 841 532 909 aule
556 841 687 913 domine
702 842 830 929 Regine
844 841 1002 912 consortis
1018 849 1128 912 nostre
1145 845 1203 912 lra-

89 949 209 1016 risoimc
224 950 438 1031 cancellario,
459 950 579 1018 dilecto
599 957 631 1018 et
650 951 914 1038 lidelinoslro,oh
930 951 1044 1022 merita
1061 951 1205 1021 fidelium

88 1059 309 1141 obsequiorum
337 1059 440 1147 ipsius
463 1060 558 1128 nobis
582 1059 721 1129 fideliler
746 1062 968 1148 inpensorum,
994 1067 1028 1130 cl
1053 1061 1205 1130 iratribus

86 1164 148 1232 sois
158 1165 337 1236 Cristosoro
353 1167 511 1252 vicelicet,
530 1169 648 1236 Comiti
666 1169 808 1238 Johanni
824 1177 856 1238 ot
871 1169 1099 1256 stephanone
1113 1170 1204 1238 here·

86 1271 176 1341 dibus
203 1275 373 1344 eorundem
398 1275 616 1362 heredumque
635 1297 764 1346 suorum
778 1278 812 1344 in
828 1283 995 1364 posterum
1011 1275 1205 1346 successori·

86 1381 205 1470 bus‚de
221 1383 424 1470 plenitudine
442 1391 551 1452 nostre
575 1385 684 1470 gracie
707 1386 807 1472 Regio
832 1393 864 1454 ct
889 1384 1021 1472 fauoris,
1045 1384 1204 1470 dedimus,

86 1489 301 1579 tradidimus,
333 1489 526 1560 donauimns
562 1499 595 1560 et
627 1494 822 1564 contulimus
855 1513 934 1580 pure
959 1499 991 1559 et
1011 1493 1204 1581 simpliciler

84 1596 150 1666 inre
176 1608 336 1687 perpetuo
361 1602 496 1690 pacifice
519 1602 751 1690 possidendum
781 1604 952 1690 ipsumque
982 1603 1202 1673 venerabilem
1239 1672 1243 1680 ,

82 1713 207 1790 patrem
232 1717 264 1777 ct
287 1709 402 1780 fratres
426 1731 503 1781 suos
530 1710 565 1778 in
589 1712 788 1800 corporalem
803 1712 1042 1800 possessionem
1059 1711 1201 1778 omnium

81 1817 313 1900 premissorum
336 1839 395 1906 per
417 1818 576 1894 ¹(lomilcm
600 1822 679 1888 Inus
706 1821 867 1888 hominem
882 1827 1025 1887 nostrum
1042 1817 1102 1886 snb
1117 1821 1205 1887 lesti-

80 1933 190 1994 monto
206 1926 413 1996 Chazmensis
430 1926 571 2014 Capituli
587 1927 721 1998 lecimus
746 1927 920 1996 introduci.
935 1927 979 1995 Ut
994 1927 1092 2011 igitur
1109 1927 1205 1994 huius

78 2043 190 2104 nostro
217 2036 405 2106 collacionis
432 2037 534 2107 series
559 2039 656 2107 robur
679 2045 835 2125 perpetue
861 2035 1021 2104 firmitatis
1046 2034 1204 2122 optineat,

78 2163 137 2212 nec
153 2146 224 2213 vllo
239 2165 380 2230 unquam
396 2155 540 2236 tempore
555 2148 724 2215 retractari
741 2146 853 2214 ualeat
868 2144 973 2214 autin
989 2144 1118 2212 irritum
1129 2164 1205 2230 quo·

78 2253 258 2322 modolibet
283 2258 439 2342 reuocari,
463 2263 629 2342 presentes
656 2256 873 2323 concessimus
897 2254 1025 2322 litteras
1042 2252 1204 2339 dupplicis

48 2363 182 2447 ·sigilli
208 2364 310 2433 nostri
335 2365 510 2432 munimine
536 2365 714 2432 roboratas.
730 2365 849 2432 Dolum
866 2383 924 2450 per
939 2382 1056 2432 manus
1072 2362 1204 2430 discreti

76 2473 139 2539 viri
156 2473 309 2557 Magistri
325 2473 543 2542 Bartholomci
559 2472 718 2560 Propositl
732 2472 773 2540 de
787 2473 907 2557 Sospes
923 2471 998 2541 aule
1023 2477 1130 2538 nostre
1149 2469 1204 2536 Vl·

75 2580 327 2668 cecancellarij
355 2581 465 2648 dilecti
490 2588 522 2648 ct
548 2580 655 2650 lidclls
680 2581 792 2666 nostri,
815 2599 902 2646 anno
917 2578 1049 2646 Domini
1066 2579 1115 2644 Μ0
1132 2575 1202 2644 00⁰

75 2691 303 2778 octuagesimo
327 2690 425 2758 tercio
449 2690 540 2758 XII⁰.
571 2686 732 2758 kalendas
757 2689 905 2776 lanuarij
916 2740 927 2777 ,
963 2687 1068 2772 Regni
1092 2691 1201 2754 autem

73 2800 183 2866 nostri
200 2820 288 2869 anno
304 2799 502 2868 duodecimo.

70 3032 219 3101 (Eredetie
232 3013 408 3103 blirhfirlplu'r,
418 3034 533 3101 melyrb'l
546 3049 564 3086 a
573 3031 666 3102 pecsil
675 3030 802 3088 wredelre
814 3031 874 3084 noli
888 3030 1116 3099 selpemnaiuoron
1126 3027 1202 3096 lllgg,

379 3141 396 3176 a
413 3124 496 3176 budai
514 3125 565 3176 lrir.
585 3125 707 3177 kameral
726 3120 919 3188 leveltarban.)
