3138 5164
917 1022 992 1092 821.

387 1213 445 1282 IV.
463 1219 577 1283 Loazzo
593 1218 771 1305 kirdlyauk
795 1218 879 1302 Voyk
895 1223 927 1287 da
943 1219 1098 1316 Hcrcscerr
1108 1230 1187 1288 orob
1197 1223 1344 1310 sltldelcet
1360 1230 1490 1313 tdrppczc'

432 1326 616 1412 udomdnye
631 1325 742 1392 Endrc
759 1349 865 1412 comer,
886 1329 996 1394 Endre
1020 1353 1119 1397 cocus
1128 1333 1181 1415 fia
1198 1337 1356 1398 rzdmctra
1373 1334 1458 1398 1286.

495 1535 671 1606 Ladizlaus
688 1538 749 1606 Dei
780 1541 894 1624 gracia
924 1542 1111 1631 Hungarie,
1153 1545 1341 1630 Dalmaeie,
1366 1547 1486 1627 Omacic,

387 1646 507 1731 Rama,
530 1645 663 1732 Seruic,
694 1648 833 1714 Gallicis
844 1701 854 1734 ,
880 1649 1090 1738 Lodomeric,
1115 1652 1273 1720 Cumania
1290 1653 1489 1736 'Bulgarieque

387 1749 461 1819 Rex
476 1753 625 1820 omnibus
641 1751 762 1822 Christi
778 1754 928 1823 fidelibus
952 1764 1134 1843 presentem
1149 1759 1304 1844 paginam
1321 1759 1490 1846 inspectoris

389 1863 531 1930 salutem
546 1862 580 1926 in
606 1863 750 1929 omniurn
783 1863 963 1932 saluatore.
994 1865 1110 1949 Regali
1135 1867 1269 1950 dignum
1295 1874 1347 1935 est
1362 1874 1393 1933 et
1415 1887 1489 1950 expc-

389 1969 492 2051 diens,
508 1987 575 2054 eos,
591 1969 696 2054 quiin
712 1970 861 2056 seruicijs
877 1969 1048 2040 dominicis
1073 1980 1106 2041 et
1124 1973 1327 2058 obsequiosis
1353 1973 1490 2042 famulati·

389 2080 448 2143 bus
464 2076 589 2144 diucius
612 2099 648 2146 sc
663 2085 823 2164 exercent,
841 2079 1064 2146 munificencia
1078 2083 1248 2167 gratulari,
1266 2090 1301 2149 vt
1317 2105 1355 2150 co
1371 2080 1490 2164 amplius

388 2185 534 2268 ipsorum
548 2186 697 2273 exemplo
713 2187 815 2254 ceteri
840 2186 884 2254 ad
915 2185 1082 2254 fidelitatis
1107 2207 1208 2272 opera
1224 2189 1442 2258 vehemeneins
1455 2187 1490 2250 in·

389 2292 539 2360 uitentur.
555 2293 695 2361 Proinde
711 2295 754 2360 ad
770 2294 993 2363 uniuersorum
1014 2303 1080 2362 tarn
1096 2296 1301 2380 presencium
1318 2315 1412 2378 quam
1425 2293 1491 2358 luto·

389 2419 496 2466 rorum
511 2400 666 2466 noticiam
682 2407 793 2469 tenore
808 2404 1010 2488 presencium
1027 2402 1141 2468 harum
1167 2405 1254 2472 serie
1280 2403 1422 2471 uolumus
1434 2419 1492 2485 per·

388 2507 509 2591 uenire,
525 2507 611 2591 quod
627 2508 784 2576 accedens
800 2510 844 2575 ad
859 2517 1002 2578 nostram
1015 2511 1219 2595 presenciam
1229 2512 1346 2578 Comes
1360 2510 1488 2578 Andrus

388 2616 474 2681 filius
490 2615 625 2710 Comitis
643 2616 767 2684 Andrec
783 2618 943 2700 quasdam
959 2623 1064 2685 terras
1078 2617 1201 2686 Thorne
1219 2620 1279 2704 filij
1296 2619 1357 2686 lnd
1372 2618 1435 2685 sine
1449 2615 1493 2680 hc·

391 2722 468 2789 rede
484 2723 706 2812 decendentis,
723 2727 820 2812 Voyk
838 2734 871 2793 et
895 2727 1057 2794 Herescen
1068 2735 1213 2816 uocatas,
1224 2728 1258 2793 in
1269 2727 1425 2796 Comitatu
1440 2725 1492 2806 Ny·

389 2831 504 2900 triensi
520 2832 705 2921 existentes,
730 2834 849 2921 petiuit
866 2835 991 2902 anobis
1006 2836 1068 2902 sibi
1086 2835 1170 2902 dari.
1188 2835 1309 2903 Verum
1326 2836 1400 2919 quia
1414 2831 1490 2898 nobis

389 2945 430 3012 de
446 2942 610 3027 qualitate
626 2949 658 3009 ct
674 2943 855 3025 quantitate
871 2941 1028 3010 cicurum
1049 2949 1205 3010 terrarum
1221 2945 1344 3012 ueritas
1359 2964 1419 3010 non
1433 2960 1493 3006 cco·

391 3055 511 3136 stabat,
527 3050 808 3117 fidelibusnostris
818 3051 968 3137 Ocpitulo
978 3051 1142 3136 Nytriensi
1158 3052 1277 3119 nostris
1294 3051 1409 3119 litteris
1419 3047 1494 3114 dedi-

390 3180 462 3226 mus
479 3159 511 3226 in
527 3156 699 3242 mandatis,
717 3164 753 3224 ut
767 3179 866 3225 unum
882 3179 923 3226 ex
938 3159 1020 3243 ipsis
1036 3179 1107 3225 cum
1127 3158 1268 3244 Georgio
1294 3158 1337 3226 de
1351 3155 1493 3244 Hyudho·

389 3267 474 3333 ruine
491 3271 602 3334 nostro
617 3285 677 3351 pro
694 3263 878 3332 testimonio
910 3265 1073 3332 mitterent
1099 3265 1306 3352 fidedignum,
1326 3285 1430 3332 coram
1444 3284 1494 3348 quo

389 3375 477 3441 idem
486 3375 582 3440 bomo
591 3378 703 3442 noster
718 3372 950 3441 reambulando
961 3370 1066 3440 dictas
1077 3380 1190 3458 terras,
1201 3374 1403 3457 presentibus
1413 3371 1495 3440 onni-

388 3485 449 3551 bus
464 3479 694 3550 commetaneis
715 3487 746 3546 et
769 3479 884 3548 vicinis
900 3485 1056 3547 statueret
1068 3485 1100 3545 et
1118 3479 1301 3564 assignaret
1320 3479 1382 3566 ipsi
1398 3475 1497 3547 (leniti

388 3590 528 3674 Andree,
544 3589 573 3658 ai
589 3610 653 3656 non
669 3590 760 3656 tieret
774 3587 1030 3670 contradictum,
1061 3586 1352 3655 contradictoribus
1368 3607 1440 3656 ucro
1462 3583 1495 3649 ad

388 3705 532 3768 nostram
548 3697 750 3784 presenciam
768 3695 923 3762 euocatis.
940 3693 1032 3772 Quod
1042 3693 1173 3777 quidem
1191 3693 1377 3779 Capitulum
1387 3693 1496 3760 demon

311 3829 313 3832 ·
387 3806 481 3874 nobis
490 3793 724 3890 rescripserunt
740 3803 774 3872 iu
789 3803 850 3870 hec
865 3803 986 3871 uerba:

496 3909 777 3980 Excellentissimo
803 3909 933 3977 domiuo
959 3927 1018 3976 suo
1049 3906 1205 3974 Ladizlao
1236 3909 1297 3975 stb.
1330 3906 1495 3994 Capitulum

390 4019 573 4106 Nytriensis
598 4018 748 4086 Ecclesia
779 4016 841 4084 stb.
868 4017 1078 4105 (kbretkccik
1105 4014 1261 4102 anyitrai
1284 4013 1496 4100 ktptalannai

390 4129 549 4214 jelenttse
566 4129 648 4193 mint
663 4124 763 4194 altbb
779 4129 907 4193 32l.sz.
924 4121 970 4211 a.)

496 4233 563 4300 Nos
578 4235 690 4317 itaque
706 4231 921 4301 consideratis
937 4229 1151 4298 fidelitatibus
1169 4238 1200 4298 et
1216 4229 1427 4298 seruiciorum
1446 4247 1494 4293 nc·

390 4343 461 4410 ritis
477 4340 579 4426 ipsius
595 4339 731 4408 Comitis
746 4341 886 4426 Andree,
903 4359 966 4422 que
978 4339 1072 4406 nobis
1090 4339 1125 4405 in
1141 4334 1280 4408 diuersis
1298 4333 1497 4422 expediciooi·

389 4453 450 4516 bos
466 4454 532 4514 tam
548 4447 757 4532 generalibus
774 4466 871 4530 quam
881 4445 1142 4531 particularibus,
1159 4449 1191 4509 et
1200 4443 1389 4528 specialiter
1399 4442 1497 4507 incon-

389 4559 487 4642 dictu,
502 4575 597 4636 quem
613 4561 725 4620 contra
739 4557 860 4636 Regem
877 4553 1078 4638 Boemorum,
1105 4559 1248 4617 nostrum
1274 4555 1306 4614 et
1331 4551 1435 4635 Regni
1456 4565 1498 4610 nc·
