3138 5164
623 353 784 452 „usr-

133 547 193 613 stri
210 545 386 632 capitalem
403 545 580 634 inimicum,
595 547 778 634 habuimus,
798 551 851 614 ubi
882 548 967 615 idem
993 551 1069 628 ,Rex
1096 551 1256 628 occubuit,

135 651 305 740 impendit,
321 651 539 718 commitendo
556 654 661 718 esiam
676 673 711 721 se
727 653 864 722 diuersis
881 656 1012 724 nasibus
1040 656 1177 743 fortune,
1204 677 1264 743 pro

134 759 295 828 fidelitate
310 758 403 826 nobis
420 756 531 826 debita
549 760 663 828 letalia
678 763 807 828 ulnera
821 761 1053 850 subportando,
1070 763 1178 831 dietas
1194 771 1259 830 ter·

135 887 191 935 ras
210 867 308 953 Voyk
325 874 357 934 et
374 866 537 934 Hereseen
564 875 699 940 sosares
714 866 758 934 ad
770 875 911 946 ‚nostras
937 889 1052 936 manus
1077 869 1263 954 deuolutos,

134 977 195 1043 sub
212 975 354 1060 antiquis
370 979 467 1043 metis
483 984 515 1044 et
529 979 683 1063 terminis,
699 999 772 1046 eum
785 978 933 1046 omnibus
944 980 1138 1048 utilitatibus
1150 997 1264 1046 earun-

136 1083 211 1150 dem
227 1083 375 1151 dedimus
393 1093 425 1151 et
440 1086 633 1153 contulimus
651 1087 715 1172 ipsi
740 1088 856 1154 domiti
877 1067 1021 1170 ‘Andrea
1048 1095 1080 1154 et
1105 1107 1163 1171 per
1189 1105 1265 1154 eum

134 1190 204 1256 suis
221 1191 407 1276 heredibus,
423 1212 465 1257 ae
476 1193 583 1259 esiam
600 1194 668 1261 suis
687 1195 842 1261 fratribus
859 1195 928 1260 iure
944 1203 1100 1280 perpetuo
1124 1201 1156 1261 et
1180 1195 1259 1261 irre·

140 1299 334 1366 notabiliter
350 1299 574 1383 possidendas.
591 1299 630 1366 In
646 1301 738 1368 euius
749 1301 796 1368 rei
807 1302 995 1368 memoriam
1007 1309 1263 1387 perpetuamque

137 1404 324 1473 firmitatem
342 1413 509 1492 presentes
524 1410 746 1476 eoncessimus
760 1407 922 1496 dupplieis
938 1409 1042 1493 sigilli
1051 1411 1152 1477 nostri
1163 1409 1265 1476 muni-

136 1512 225 1578 mine
234 1513 412 1581 roborata.
425 1515 550 1581 Datum
563 1536 620 1599 per
640 1535 755 1583 manns
779 1517 911 1585 disereti
923 1518 985 1584 viri
995 1517 1147 1600 Magistri
1165 1516 1268 1582 Theo·

138 1619 211 1709 dori
221 1621 611 1708 PrepositiSoybiniensis
622 1623 698 1690 aule
709 1621 896 1691 nostreVioe
906 1625 1102 1711 Caneellarij
1115 1625 1225 1692 dilecti
1235 1630 1266 1690 et

135 1729 244 1796 fidelis
260 1731 374 1814 nostri,
389 1749 475 1796 anno
493 1731 622 1798 Domini
641 1730 756 1797 ΜὋΟο
768 1731 990 1815 octuagesimo
1002 1729 1150 1819 septimo,
1163 1731 1266 1814 Regni

136 1841 247 1902 autem
263 1837 366 1904 nostri
383 1857 471 1903 anno
487 1837 660 1905 sedecimo.

136 2051 276 2116 (Eredetie
289 2043 458 2120 borhtrtytn'
473 2053 586 2118 melyrdl
599 2070 616 2104 a
628 2051 775 2120 pocsdtneir
789 2053 916 2106 tbredbke
925 2055 1011 2105 barna
1034 2047 1262 2118 selyemzs'inbron

391 2146 477 2212 fdgg3
493 2161 510 2195 a
522 2145 604 2196 budai
619 2146 670 2194 kir.
685 2147 807 2196 kamarai
821 2142 1014 2212 leuditdrban.)

667 3023 746 3092 322.

142 3232 164 3305 Ῑ
168 3239 203 3306 V.
221 3245 337 3308 Loirzld
351 3241 461 3327 kirdly
487 3241 608 3308 Pouodt
623 3245 654 3307 da
681 3243 790 3306 Robur
810 3243 970 3326 pozaoayi
994 3236 1264 3350 vdrjpbbdpyokat

305 3351 511 3416 birtokukkul
527 3355 633 3435 epyiitt
644 3352 895 3435 aenreeiranqra
910 3347 991 3412 nael.
1009 3346 1108 3409 1287.

251 3579 426 3648 Ladiulaus
450 3581 513 3649 Dei
548 3581 660 3665 grauia
686 3576 873 3662 Hungarie,
900 3575 1092 3661 Dalmaeie,
1125 3575 1268 3659 Oroaeie,

142 3689 258 3773 Rame,
276 3689 406 3772 Sernie,
424 3687 565 3756 Gallicis
575 3741 584 3774 ,
603 3687 815 3773 Lodomerie,
844 3684 1017 3768 Bulgarie,
1049 3681 1269 3765 Gumanieque

142 3797 215 3862 Rex
239 3795 388 3862 omnibus
407 3795 526 3863 Christi
552 3794 703 3862 fidelibus
721 3802 787 3859 tam
812 3792 1015 3878 presentibus
1040 3809 1137 3872 qnam
1154 3787 1270 3854 suturis

142 3908 326 3987 presentem
342 3901 482 3969 litteram
498 3902 704 3988 inspecturis,
721 3899 858 3968 salntem
885 3899 919 3965 in
935 3897 1078 3965 omnium
1094 3896 1269 3964 saluatore.

143 4005 304 4085 Quoniam
321 4009 426 4092 gloria
447 4008 544 4092 Regis
560 4016 592 4076 et
608 4007 721 4094 honor,
737 4027 776 4074 ao
792 4006 896 4090 Regni
912 4009 1058 4070 tutamen
1076 4009 1108 4068 et
1124 4001 1271 4068 defensio

143 4116 177 4180 in
196 4116 403 4184 multitudine
428 4117 621 4184 bellatorum
651 4133 801 4182 creseere
826 4111 995 4180 consueuit
1014 4116 1046 4176 et
1062 4109 1194 4192 augeri:
1226 4107 1271 4173 di·
1385 4143 1386 4146 =

143 4245 243 4310 gnum
260 4232 320 4312 est,
337 4231 372 4291 ut
382 4225 485 4308 Regia
495 4225 652 4290 Maiestas
662 4222 860 4290 bellaneium
882 4217 1019 4301 collegio
1034 4217 1122 4282 viros
1137 4215 1271 4280 idoneos

142 4354 291 4420 sumpno
307 4354 405 4419 opere
420 4333 550 4402 studeat
565 4349 730 4416 segregare.
763 4327 903 4396 Proinde
919 4325 963 4392 ad
979 4325 1199 4400 uniuersorum
1215 4341 1271 4386 no·
1289 4341 1293 4348 ·

141 4442 254 4508 tibiam
270 4448 338 4508 tam
355 4441 558 4527 presencium
574 4459 672 4523 quem
687 4438 867 4504 futurorum
893 4434 1006 4499 harum
1023 4429 1107 4497 serie
1122 4427 1272 4495 volumus

142 4551 317 4636 peruenire
329 4571 335 4634 ;
347 4547 432 4632 quod
444 4547 648 4633 quiaPowsa
659 4543 743 4612 filius
753 4542 889 4628 Budolo,
906 4546 938 4607 et
954 4539 1062 4605 Boeou
1079 4532 1274 4618 consangui-

140 4682 224 4738 neus
235 4659 389 4745 eiusdem,
400 4657 440 4724 de
446 4653 675 4742 jobagionibus
687 4651 791 4718 castri
802 4649 904 4716 nostri
913 4641 1121 4786 Posoniensis
1132 4637 1270 4722 oriundi,

1041 4753 1087 4827 bs
