3118 5158
303 1001 360 1070 IV.
377 1001 493 1068 Lanato
506 1001 615 1085 ttraly
630 1001 805 1084 myacesii
820 999 957 1064 Malaca
975 999 1144 1064 sommas
1164 997 1302 1064 raca-let
1317 997 1428 1062 Deuca

519 1107 685 1174 birtokdru
700 1108 873 1173 conatkczd
888 1107 1092 1172 iteletdevele't.
1119 1110 1216 1172 1274.

411 1320 615 1412 (L)adizlaus
640 1324 702 1389 Dei
728 1323 842 1406 gracia
866 1323 1054 1408 Hungarie,
1084 1320 1262 1404 Dalmacie,
1290 1319 1429 1402 Oroacie,

306 1431 419 1513 Reme,
444 1431 576 1517 Seruie,
603 1429 755 1514 Gallicic,
780 1430 991 1516 Lodomerie,
1017 1429 1193 1515 Cumanic,
1215 1425 1430 1511 Bulgarieque

305 1542 374 1607 Rex
391 1538 553 1623 omnibus,
575 1537 618 1604 ad
635 1557 714 1623 quos
741 1553 875 1622 presens
900 1539 1056 1622 scriptum
1073 1539 1266 1622 peruenerit,
1293 1537 1429 1602 salutem

305 1648 338 1712 in
355 1647 498 1713 omnium
524 1645 697 1712 saluatore.
722 1646 773 1710 Ad
791 1645 1012 1712 uniuersorum
1038 1645 1193 1712 noticiam
1213 1643 1331 1710 harum
1352 1641 1430 1709 serie

305 1755 454 1821 volumus
480 1752 668 1838 peruenire,
692 1743 786 1837 'quod
812 1751 971 1819 accedens
997 1752 1040 1818 ad
1060 1759 1205 1819 nostram
1231 1750 1430 1838 presenciam

306 1861 448 1928 lacobus
478 1859 566 1926 iilius
592 1859 824 1930 Abrahamde
840 1861 960 1946 Heius,
992 1858 1141 1926 exhibuit
1165 1861 1259 1926 nobis
1284 1865 1430 1945 patentes

308 1969 436 2034 litteras
467 1967 602 2034 Comitis
633 1967 805 2051 Laurencij
843 1967 1005 2052 quondam
1036 1968 1181 2034 Palatini
1221 1987 1320 2052 super
1351 1973 1432 2032 terra

308 2074 410 2160 ipsius
425 2074 543 2141 Denna
558 2079 673 2140 vocata
689 2080 869 2160 emanatas,
894 2081 1007 2158 petens
1023 2095 1044 2140 a
1059 2075 1153 2142 nobis
1169 2093 1244 2140 cum
1259 2073 1431 2156 instancia,

308 2190 344 2250 ut
368 2183 458 2268 ipsas
493 2182 618 2250 litteras
648 2188 759 2248 nostro
789 2183 1000 2264 dignaremur
1030 2181 1204 2267 priuilegio
1236 2183 1431 2250 confirmare.
1536 2231 1537 2270 ,

309 2288 452 2367 Quarum
469 2287 597 2373 quidem
613 2289 794 2355 litterarum
810 2296 903 2356 tenor
919 2290 996 2355 talis
1013 2296 1062 2356 est
1079 2314 1086 2353 :
1536 2345 1537 2368 ς

415 2395 643 2486 (L)aorcncius
667 2396 837 2464 Palatinus
862 2397 924 2464 stb.
946 2393 1160 2482 (kdvetkezik
1178 2397 1314 2464 Ldrincu
1331 2394 1430 2462 nador

312 2504 463 2575 iace-ini
478 2504 677 2571 iteletlcvcle
687 2556 696 2592 ,
719 2505 801 2570 mint
826 2505 1106 2590 gydjtemenytlnk
1123 2503 1263 2590 VIII-ik,
1281 2504 1433 2589 uagyisa
1536 2493 1537 2584 j

309 2610 460 2680 mascdik
476 2610 597 2698 folyam
613 2611 670 2678 III.
686 2611 860 2679 koteteben
880 2613 956 2678 206.
972 2608 1008 2697 l.)
1536 2597 1537 2618 ³

391 2793 393 2797 ,
418 2720 484 2786 Nos
501 2718 612 2802 itaque
630 2718 733 2785 iustas
749 2719 931 2804 peticiones
947 2715 1084 2804 predicti
1096 2718 1211 2784 Jacobi
1228 2719 1434 2785 admittentes
1536 2721 1537 2812 ᾗ

309 2825 411 2911 Regio
436 2845 507 2892 cum
533 2825 662 2912 fauore,
699 2825 862 2912 predictae
887 2825 1013 2892 litteras
1040 2824 1173 2892 Comitis
1198 2827 1369 2910 Laurencij
1397 2823 1435 2890 de
1536 2819 1537 2876 3

310 2936 409 3002 uerbo
427 2934 469 3000 ad
485 2937 619 3002 uerbum
648 2937 854 3021 presentibus
878 2935 1019 3002 insertas
1035 2941 1144 3001 nostro
1160 2933 1332 3019 priuilegio
1349 2933 1434 3002 duxi·
1536 3001 1537 3008 ,

312 3062 382 3108 mus
409 3040 657 3109 confirmandas.
682 3043 724 3108 Vt
739 3041 839 3127 igitur
859 3041 956 3108 huius
978 3040 1025 3106 rei
1048 3043 1150 3109 series
1173 3042 1271 3108 robur
1294 3043 1436 3108 obtineat
1536 3059 1537 3062 ’

312 3156 465 3234 perpetue
491 3148 673 3232 firmitatis,
705 3156 872 3235 presentes
896 3149 1115 3216 concessimus
1147 3149 1271 3216 litteras
1298 3149 1436 3235 duplicis
1536 3209 1537 3214 ,

311 3255 414 3340 sigilli
430 3255 531 3322 nostri
548 3254 726 3322 munimine
743 3256 922 3323 roboratas.
945 3257 1065 3323 Datum
1082 3275 1141 3340 per
1159 3277 1274 3323 manus
1289 3255 1438 3340 Magistri

312 3362 480 3432 Benedicti
497 3363 730 3446 strigoniensis
751 3363 898 3431 Ecclesie
914 3363 1037 3448 illecti,
1055 3363 1209 3449 ‘perpetui
1227 3363 1361 3431 Comitis
1378 3362 1439 3429 loci

313 3471 470 3558 eiusdem,
496 3468 657 3537 Budensis
673 3469 846 3555 Prepesiti‚
872 3471 946 3537 aule
962 3478 1071 3537 nostre
1087 3469 1165 3535 Vice
1182 3469 1377 3555 Cancellarij
1396 3469 1440 3535 di·

311 3578 389 3647 lecti
424 3587 457 3644 et
481 3576 587 3645 fidelis
621 3578 743 3662 nostri,
781 3599 866 3645 anno
891 3579 1022 3646 Domini
1047 3577 1170 3644 M⁰cc⁰
1195 3578 1439 3662 septuagesimo

314 3693 430 3771 quarto
440 3738 449 3772 ,
471 3688 576 3770 Regni
591 3692 699 3754 autem
717 3687 819 3754 nostri
840 3707 925 3754 anno
941 3687 1096 3754 secundo.
1119 3685 1371 3752 venerabilibus
1388 3707 1442 3772 pa·

313 3794 416 3860 tribus
442 3792 606 3880 Stephano
631 3795 801 3862 Golocensi
827 3802 858 3862 et
885 3794 1036 3862 iohanne
1061 3793 1249 3880 spalatensi
1274 3793 1443 3880 Archiepi-

314 3903 431 3990 scopis,
465 3899 638 3987 Lamperto
655 3901 816 3989 Agriensi,
850 3903 911 3969 Job
932 3900 1288 3986 Quinqueecclesiensi,
1314 3901 1444 3968 Briccio

315 4008 551 4097 Chenadiensi,
589 4011 692 4078 Paulo
721 4011 954 4097 vesprimiensi
979 4011 1055 4077 aule
1089 4015 1198 4077 nostre
1228 4009 1444 4095 Cancellario,

314 4117 464 4204 Philippo
490 4117 643 4186 Vaciensi
668 4117 744 4186 aule
779 4118 908 4186 domine
935 4117 1060 4203 Regino
1089 4117 1262 4185 karissime
1287 4119 1446 4186 consortis

314 4233 427 4294 nostre
443 4226 660 4314 Cancellario,
684 4226 865 4312 Tymotheo
886 4224 1100 4309 Zagrabicnsi
1124 4230 1155 4291 et
1169 4227 1266 4292 Petro
1283 4227 1446 4294 Transsil-

314 4354 400 4399 uano
420 4333 603 4420 Episcopis,
627 4334 795 4401 Ecclesias
818 4334 881 4402 Dei
904 4333 1042 4403 feliciter
1065 4332 1334 4418 gubernantibus.
1359 4335 1447 4420 Dyo-

316 4443 402 4508 nisio
432 4441 604 4527 Palatino,
638 4441 761 4510 Comite
791 4441 832 4508 dc
858 4439 982 4528 Oclych
1014 4449 1046 4507 et
1074 4439 1188 4508 Judice
1219 4441 1450 4527 Cumanorum,

317 4549 452 4618 Hernico
477 4553 568 4618 Bano
595 4549 697 4617 tocius
713 4547 906 4632 Sclauonie,
931 4548 1069 4618 Nicolao
1085 4550 1265 4636 Voyauoda
1281 4550 1446 4618 Transsil·
1536 4589 1537 4598 κ
