3126 5150
193 1028 250 1094 IV.
277 1029 395 1094 Laszto'
419 1030 593 1116 kirdlycalo
609 1029 730 1096 Monalc
752 1037 831 1094 acolt
845 1028 953 1116 sdldct
970 1030 1123 1114 ta'rpyocd
1138 1029 1320 1116 adomcioya
1447 1053 1452 1061 ·

357 1133 469 1202 Simon
484 1147 594 1202 nascer
610 1139 642 1202 e'a
649 1137 702 1218 fia
719 1132 848 1202 Soodor
863 1139 1021 1202 ozdmdra.
1048 1139 1144 1203 1273.

290 1330 413 1398 Amicis
439 1333 510 1400 suis
536 1333 736 1401 Reuerendis
764 1331 948 1399 Conuentui
973 1331 1119 1398 Ecclesia
1154 1331 1194 1397 de
1221 1332 1317 1398 Lelez

186 1437 341 1505 Nicolaus
356 1439 461 1522 Regni
477 1439 644 1526 Hungarie
660 1441 833 1507 Palatinus
849 1445 881 1506 ct
897 1427 917 1506 J
920 1438 1004 1504 udex
1018 1419 1235 1504 Cumanorum
1252 1440 1314 1506 stb.

183 1543 360 1628 Noueritis‚
385 1546 560 1628 quodcum
577 1549 706 1614 Marcus
722 1547 808 1613 filius
827 1545 989 1630 Mathyws
1006 1545 1047 1610 de
1062 1547 1150 1630 Isyp,
1168 1555 1199 1612 ct
1215 1544 1311 1610 Nico-

184 1650 256 1718 laus
282 1651 325 1717 de
349 1651 449 1718 Chele
480 1672 578 1739 super
606 1651 694 1720 lacto
727 1653 865 1724 duarum
895 1652 1040 1737 parcium
1071 1653 1313 1736 possessionum

185 1756 295 1843 Lwch,
311 1760 466 1843 Megyezo
483 1765 516 1826 et
531 1759 633 1846 Mada,
649 1762 726 1829 item
742 1760 952 1827 medietatum
968 1761 1210 1844 posscssionum
1226 1761 1314 1842 Nag-

186 1865 278 1932 lazon
305 1871 337 1932 et
361 1865 451 1931 Lask
478 1873 668 1934 vocatarum
692 1867 727 1934 in
748 1868 910 1934 Comitatu
931 1866 1153 1953 Zemlyniensi
1179 1866 1315 1932 aristen·

185 1972 271 2040 cium
287 1973 478 2055 Magistrum
495 1973 625 2041 Petrum
641 1971 744 2041 iillum
760 1973 931 2042 Michaelis
960 1974 1000 2041 de
1015 1973 1087 2039 Doh
1103 1975 1167 2041 stb.
1193 1973 1228 2038 in
1243 1991 1315 2058 pre-

190 2079 332 2147 senciam
375 2079 496 2146 domini
528 2081 649 2147 Detrici
682 2081 797 2148 Bubek
831 2081 956 2164 pridem
989 2080 1141 2148 similiter
1170 2079 1315 2146 Palatini

165 2249 173 2264 ,
189 2193 302 2252 contra
318 2186 441 2252 sesain
458 2204 589 2253 causam
610 2189 799 2256 attraxisset
814 2189 875 2255 stb.
904 2185 934 2273 (s
951 2207 1028 2253 enen
1046 2187 1233 2273 osntalyper
1249 2188 1314 2254 eld-

186 2301 258 2360 szdr
275 2293 339 2378 „ad
358 2299 491 2360 octauas
507 2293 582 2360 festi
598 2295 854 2381 Epiphaniamm
871 2293 1020 2360 Domini“
1038 2295 1145 2377 1404,
1163 2313 1178 2359 s
1195 2296 1314 2361 ezutan

185 2403 259 2485 mtg
285 2401 457 2488 tdbhszdr,
483 2407 518 2468 ds
543 2407 643 2487 vegre
673 2399 736 2488 „ad
760 2408 894 2469 ootanas
924 2400 1002 2469 festi
1027 2401 1120 2468 Beati
1145 2400 1313 2468 Michaelis

186 2505 404 2592 Archangeli“
435 2511 529 2576 1406.
555 2506 794 2596 clhalastatott)
820 2515 993 2576 annotatus
1017 2509 1173 2592 Magister
1197 2509 1313 2575 Petrus

188 2615 249 2682 stb.
275 2614 433 2699 quasdam
459 2623 530 2682 ooto
556 2616 703 2702 litteras,
730 2614 811 2683 duas
837 2615 978 2702 Capituli
1003 2614 1191 2700 Agricnsis,
1214 2635 1312 2683 vnam

186 2741 272 2787 anno
298 2721 428 2787 Domini
454 2720 628 2789 millesimo
662 2722 886 2791 ducentesimo
910 2723 1070 2808 vigesimo
1094 2721 1233 2808 septimo
1245 2771 1255 2806 ,
1281 2727 1314 2787 ct

186 2829 285 2893 aliam
311 2848 397 2895 anno
418 2828 549 2894 Domini
577 2828 750 2897 'millesimo
775 2831 1002 2897 trecentesimo
1028 2828 1233 2912 sexagesimo
1248 2832 1310 2892 ter·

186 2937 253 3020 cio;
276 2935 410 3004 terciam
426 2935 559 3003 Domini
573 2936 722 3005 Ladialai
749 2940 824 3005 olim
845 2939 944 3022 Regis
960 2936 1130 3022 Hnngaric
1146 2954 1230 3001 anno
1246 2934 1311 3000 Do·

186 3043 265 3108 mini
291 3044 466 3110 millesimo
492 3043 714 3112 ducentesimo
740 3046 980 3132 septuagesimo
1005 3046 1105 3111 tercio
1122 3044 1183 3110 stb.
1199 3043 1309 3110 subor·

186 3155 253 3214 tam
279 3155 423 3216 nostrum
441 3149 663 3233 produxerant
687 3153 720 3218 in
738 3158 954 3237 conspectum.
969 3151 1030 3218 stb.
1052 3148 1186 3215 Profata
1202 3157 1309 3215 antem

185 3255 296 3322 littera
311 3257 458 3322 annotati
473 3257 621 3324 Ladizlai
637 3259 734 3342 Regis
759 3279 816 3343 per
833 3256 969 3325 eundem
985 3255 1173 3322 Ladizlaum
1190 3259 1309 3340 Regem

187 3364 373 3448 porcionem
390 3363 497 3433 (lastri
523 3365 659 3451 Zcmlyn
684 3368 725 3433 de
741 3373 828 3434 terra
848 3367 971 3433 Monak
995 3366 1055 3432 sub
1072 3363 1196 3432 eisdem
1216 3361 1313 3430 metis

188 3477 219 3536 et
241 3470 409 3555 terminis,
432 3472 493 3537 snb
519 3473 635 3556 quihus
661 3473 747 3540 idem
774 3475 921 3541 Oastmm
950 3469 1167 3559 possedisset,
1196 3472 1312 3538 Domiti

188 3576 330 3662 symoni,
346 3584 379 3644 et
393 3577 579 3645 Alexandro
595 3579 662 3647 filio
679 3599 748 3664 suo,
767 3597 943 3666 eorumque
961 3576 1133 3646 heredibus
1149 3599 1207 3665 pro
1224 3578 1308 3664 ipso·

188 3703 257 3748 rom
284 3684 436 3770 seruicijs
460 3683 530 3752 iure
554 3691 708 3768 perpetuo
735 3692 767 3752 et
783 3685 1045 3754 irreuooabilitcr
1070 3683 1182 3752 datam
1209 3683 1310 3753 fuisso

188 3789 333 3859 declarat
352 3792 414 3858 sth.
447 3789 566 3859 Datum
594 3793 685 3861 Bnde
712 3792 917 3876 sexagesimo
943 3792 997 3860 dio
1022 3797 1209 3860 octonarum
1234 3789 1310 3859 festi

187 3895 279 3965 Beati
295 3897 462 3968 Michaelis
477 3899 672 3985 Archangeli
689 3921 775 3968 anno
790 3900 921 3968 Domini
939 3903 1034 3968 1409.

344 4077 483 4140 (Eredetio
494 4081 612 4146 papiron
629 4079 742 4133 abudsi
756 4081 806 4133 lrir.
821 4081 944 4133 kamaraci
957 4077 1147 4146 levdltalrban.)
