3138 5164
680 289 683 300 ’
808 285 985 438 Ἀῶ..

338 538 418 622 gillo
434 539 659 621 communitae,
687 557 772 602 anno
799 535 930 600 Domini
955 531 1075 600 11θο0ο
1091 533 1311 616 octuagesimo
1328 533 1452 617 septimo

338 647 392 714 vl.
407 645 566 712 kalendas
577 643 709 730 Aprilis.
721 641 909 712 Reuerendo
919 642 989 709 viro
1002 643 1156 726 Magistro
1172 640 1311 705 Antonio
1322 641 1452 707 Ecclesia
1537 711 1538 736 ἦ

229 829 234 838 ,
341 760 450 821 nostre
465 753 644 838 Proposito,
655 755 744 820 Esau
758 750 900 818 Cantore
918 751 1019 836 Myke
1029 746 1179 834 Custode,
1190 748 1325 814 Nicolao
1337 749 1455 814 Decano

345 862 568 928 existentibus.

347 1057 488 1122 (Eredetio
501 1053 791 1122 bb'rhartydmmclyrbl
805 1067 823 1103 a
835 1051 1006 1120 sdrgaobrbs
1019 1049 1365 1118 selyemusindron'fdggbtt
1377 1049 1453 1117 possit

562 1147 692 1198 elvcsustt
704 1165 711 1208 ς
724 1161 741 1195 a
755 1146 839 1198 budai
852 1145 907 1196 kir.
920 1143 1044 1195 kamarai
1058 1137 1246 1206 lsvtlusrbsn.)

806 1447 1017 1458 --....-.....-

878 1959 955 2026 327.

346 2161 521 2247 Aoyitrai
536 2159 764 2244 heptateucus
772 2161 921 2246 jedcatc‘ac
946 2157 1005 2223 IV.
1030 2157 1143 2224 Lecto
1168 2159 1359 2242 kirdlyboa,
1390 2158 1461 2240 bopy

346 2270 459 2334 Eudae
474 2291 572 2363 comcs
593 2267 721 2350 Vopkeu
732 2264 1119 2355 Hercaccubelyac'pclcbca
1135 2266 1366 2330 atutudltctott.
1377 2263 1460 2326 1287.
1537 2309 1538 2364 ᾗ

455 2478 740 2546 Excellentissimo
757 2477 887 2546 domino
904 2499 962 2545 suo
979 2476 1137 2565 Ladinlao
1146 2477 1211 2543 Dei
1226 2476 1338 2561 gracia
1354 2475 1459 2540 Illustri
1537 2463 1538 2468 ’

347 2587 431 2673 Regi
455 2587 623 2670 Hungarie
650 2585 838 2670 Capitulum
863 2584 1051 2672 Nytriensis
1077 2585 1226 2651 Ecclesie
1249 2583 1413 2650 oraciones
1435 2581 1463 2644 in

348 2695 486 2764 Domino
518 2701 585 2758 tam
616 2692 744 2760 debitas
770 2711 852 2774 quas
882 2691 1032 2759 denotas.
1056 2692 1207 2777 Receptis
1226 2689 1345 2758 litteris
1360 2687 1463 2754 nostris

348 2808 381 2867 et
396 2799 591 2884 diligencius
607 2799 782 2886 inspectis,
808 2819 879 2865 oum
898 2799 1039 2884 Georgio
1056 2797 1096 2864 de
1111 2797 1211 2884 Hynd
1226 2797 1356 2863 homino
1370 2801 1464 2861 uestro

348 2915 495 2974 nostrum
512 2905 677 2973 bominem
693 2906 839 2974 misimus
855 2927 913 2992 pro
934 2906 1120 2974 testimonio
1136 2905 1349 2991 fidedignum,
1366 2901 1415 2986 qui
1429 2898 1464 2966 ad

349 3033 408 3082 nos
424 3034 577 3080 reuersus
595 3013 689 3098 dixit,
721 3013 808 3098 quod
822 3013 910 3080 idom
935 3013 1030 3082 bomo
1063 3020 1172 3080 uester
1202 3012 1360 3095 quasdam
1376 3018 1464 3077 terras

348 3121 472 3188 'l'bome
488 3120 545 3204 filij
560 3119 623 3188 Ind
640 3121 712 3188 sins
727 3120 847 3189 herede
874 3118 1069 3204 decedentis,
1084 3119 1182 3205 Voyk
1198 3125 1230 3185 et
1245 3119 1406 3184 Horesoen
1420 3121 1480 3179 uo*

350 3235 440 3295 natas
457 3227 490 3295 in
520 3227 684 3295 Comitatu
700 3229 870 3315 Nytricnsi
896 3227 1083 3313 existentes,
1117 3227 1233 3294 Comiti
1257 3225 1387 3291 Andros
1410 3221 1464 3286 filio

302 3400 306 3406 .
352 3335 489 3419 Comitis
506 3333 638 3402 Andros
654 3336 746 3402 iuxta
764 3343 953 3422 preceptum
973 3341 1116 3402 uestrum
1142 3341 1173 3400 et
1189 3332 1384 3411 mandatum,
1414 3325 1464 3396 sub

352 3441 474 3509 eisdem
492 3443 587 3508 metis
603 3447 636 3508 et
651 3443 808 3526 torminis,
825 3444 942 3526 quibus
968 3441 1052 3507 idem
1076 3442 1220 3509 Thomas
1239 3438 1342 3507 tonuit
1359 3443 1389 3502 et
1402 3453 1463 3521 pos·

351 3545 445 3633 sedit,
462 3551 669 3633 presentibus
695 3550 925 3618 commetaneis
951 3557 983 3617 et
1008 3550 1128 3616 uicinis
1152 3549 1296 3632 ipsarum
1312 3552 1464 3620 terrarum,

352 3660 384 3720 ct
401 3655 484 3740 ipsis
500 3675 565 3720 non
582 3656 880 3725 contradicentibus
904 3678 980 3744 ymo
1007 3655 1287 3724 consencientibus
1312 3649 1463 3720 statuisset

352 3760 484 3828 nomine
501 3763 738 3830 contradictore
764 3761 896 3850 penitus
921 3764 1090 3832 existente.
1122 3765 1243 3832 Datum
1260 3761 1371 3846 quinta
1392 3753 1461 3823 teria

355 3868 504 3954 proxima
521 3877 597 3937 ante
614 3871 806 3940 dominicam
823 3871 1018 3940 Palmarum.

352 4083 410 4150 (1v.
429 4081 525 4140 Ldsulb
539 4081 688 4151 kirtlyuak
702 4084 815 4137 laet-111
827 4081 1105 4152 adomdnylcvoldbb'l,
1119 4082 1188 4138 mint
1199 4083 1311 4138 fentcbb
1324 4085 1380 4135 sar.
1392 4073 1461 4138 sae)

814 4352 1027 4368 m
