3146 5166
766 314 932 422 Q

283 507 432 576 noloutes
449 507 552 595 ipsius
568 507 736 594 obsequijs
755 526 923 577 ooourrere
933 511 1223 602 graeialteginali,
1239 511 1413 598 quandam

282 619 402 685 terram
418 621 562 684 nostram
578 617 769 702 Reginalem
786 616 922 687 lwanob
938 627 1089 688 uocatam
1104 622 1199 691 iuxta
1224 622 1410 692 Danubium

283 725 478 794 existentem
494 743 566 792 oum
582 725 730 792 omnibus
747 723 942 792 utilitatibus
959 732 993 794 et
1010 727 1220 814 pertineneijs
1245 730 1316 798 suia
1344 733 1413 800 uni·

284 833 399 920 uersis,
415 839 509 920 prout
523 831 566 899 ad
582 837 728 899 nostram
745 833 929 917 pertinebat
946 833 1161 921 Maiestatem,
1177 835 1285 904 eidem
1312 837 1414 922 blagi-

284 947 352 1010 stro
368 939 539 1009 Theodoro
555 937 667 1008 Eleeto
682 937 828 1025 Albensi,
853 946 886 1007 et
901 939 1018 1009 comiti
1042 942 1199 1010 Ladialao
1215 963 1256 1010 ao
1270 944 1412 1014 Nieolao

283 1048 436 1118 iratribus
451 1045 519 1116 suis
536 1046 577 1114 de
592 1045 795 1134 plenitudine
816 1054 925 1116 nostre
956 1049 1067 1133 granio
1092 1049 1253 1138 dedimus,
1278 1052 1416 1118 eontuli-

287 1177 359 1225 mus
376 1162 408 1226 et
424 1155 619 1224 tradidimus
635 1157 706 1225 iure
722 1165 877 1244 perpetuo
888 1157 1024 1243 paoitioe
1034 1157 1279 1244 possidendam.
1294 1159 1416 1226 Datum

285 1263 319 1330 in
334 1261 445 1332 Insula
460 1263 607 1351 Virginis
634 1261 785 1334 Glorioso
811 1265 846 1332 in
869 1266 997 1334 etiams
1014 1265 1127 1335 Sancti
1143 1267 1304 1336 lobannis
1331 1267 1416 1353 Bap-

287 1373 374 1441 tiste.

289 1588 428 1653 (Fennsna
440 1583 622 1656 kirdlyndnblr
637 1590 746 1642 test-ki
760 1591 923 1658 megerbsitli
934 1586 1153 1656 olrmlnydbdl,a
1166 1589 1256 1656 Bumy
1271 1587 1366 1642 osaldd
1377 1590 1415 1641 le·

406 1671 575 1740 riltdriban,
588 1673 721 1730 misolata
733 1694 751 1730 a
763 1693 880 1746 magyar
891 1677 1037 1730 alradbmia
1049 1673 1295 1744 kdnirattlriban.)

817 2459 894 2529 427.

292 2655 342 2724 Aa
359 2660 542 2745 eszterpumt'
572 2659 802 2744 kdptolaorrok
823 2660 972 2744 jezoniae
1003 2651 1064 2726 IV.
1094 2659 1208 2724 Lindo
1237 2658 1412 2744 kircilyluoa,

188 2805 196 2814 -
287 2769 371 2854 bopy
385 2767 533 2836 Demeter
548 2765 790 2850 Dobulenulrfio
806 2768 883 2833 Dru
908 2767 943 2832 al
953 2769 984 2832 ea
999 2767 1101 2854 Lepea
1115 2765 1335 2854 helyeepelrben
1348 2775 1412 2833 ete·
1557 2861 1558 2864 Ἴ

658 2869 840 2940 ‘eructante
922 2874 1042 2941 elliu.

395 3067 678 3138 Excellentissimo
693 3068 823 3138 domino
838 3089 898 3138 sno
913 3069 1044 3138 domino
1053 3067 1211 3137 Ladialao
1226 3066 1289 3136 Dei
1305 3068 1418 3154 gracia

286 3177 408 3247 illustri
422 3179 505 3263 Regi
531 3177 700 3263 Hungarie
717 3176 903 3266 Capitulum
920 3177 1067 3247 Ecclesia
1097 3175 1331 3262 strigoniensis
1346 3197 1416 3244 ora-

288 3287 399 3354 eiones
415 3285 449 3352 in
464 3284 604 3353 Domino
630 3292 695 3354 mm
711 3285 841 3356 debitas
857 3307 953 3373 quam
983 3287 1128 3355 denotas.
1153 3285 1273 3354 Vestra
1288 3285 1417 3354 nouerit
1556 3319 1557 3378 3

289 3393 466 3480 Gelsitudo,
482 3413 542 3463 nos
557 3393 722 3482 recepisse
737 3403 863 3466 uestms
878 3397 1005 3466 litteras
1020 3397 1055 3464 in
1069 3393 1129 3464 hee
1143 3397 1254 3463 uerba.

394 3501 573 3570 Ladinlans
603 3501 645 3569 D.
660 3523 708 3586 gr.
734 3503 805 3570 Rex
834 3504 1006 3590 Hungarie
1036 3504 1097 3571 stb.
1130 3497 1345 3589 (libretkezilr
1359 3499 1417 3568 w.

288 3609 408 3679 Ltszlb
424 3609 602 3697 kirtlynalr
619 3611 757 3680 ilrtatasi
781 3631 945 3698 paranosa
961 3611 1044 3680 mint
1067 3609 1199 3678 lentebb
1213 3612 1292 3678 404.
1309 3629 1355 3678 sa.
1368 3607 1419 3694 a.)

398 3717 467 3786 Nos
481 3717 583 3804 igitur
597 3719 751 3790 mandato
767 3727 876 3790 uestro
890 3717 1082 3790 satiriaeene
1092 3723 1282 3787 reuerenter
1291 3722 1325 3785 et
1339 3716 1419 3784 fide

287 3825 361 3894 liter
376 3826 554 3915 cupientes,
570 3845 642 3895 oum
659 3827 790 3897 bomine
804 3835 913 3898 uestro
929 3827 1086 3916 predioto,
1101 3831 1134 3894 et
1149 3825 1279 3894 bomine
1294 3822 1419 3892 domini

289 3933 390 4002 nostri
406 3933 663 4028 Arobiepisoopi,
680 3935 723 4005 ad
737 3933 960 4023 exequendum
985 3933 1106 4004 laetum
1122 3931 1342 4021 prodietarum
1358 3933 1418 4000 ril-

287 4039 394 4108 larum
410 4040 572 4112 bominem
590 4049 738 4112 nostrum
763 4043 925 4131 ydoneum
952 4049 985 4112 et
1009 4041 1208 4127 fidedignum
1231 4039 1418 4108 euranimns

288 4168 348 4234 pro
364 4150 552 4219 testimonio
582 4147 767 4239 destinare,
793 4151 849 4238 qui
873 4148 1004 4220 tandem
1020 4148 1063 4218 ad
1078 4169 1137 4218 nos
1167 4147 1293 4218 reuersi
1321 4146 1417 4215 nobis

289 4257 489 4326 eonoorditer
504 4253 745 4331 reoitauerunt:
762 4261 849 4348 quod
877 4261 942 4350 ipsi
958 4262 1049 4330 iuxta
1064 4257 1255 4328 mandatnm
1273 4261 1415 4326 nestrum

288 4365 493 4434 Demetrium
524 4367 627 4435 tilium
651 4367 791 4458 Dobak,
810 4367 962 4456 'l'bybam
991 4368 1122 4438 tanam
1154 4367 1235 4448 aius,
1265 4363 1368 4450 (lepis,
1383 4369 1416 4432 et

289 4473 384 4556 litet,
400 4479 433 4540 et
449 4481 605 4557 cognatos
622 4494 732 4546 eorum
763 4477 797 4545 in
811 4477 956 4546 armtino
971 4461 1209 4563 quindenarum
1226 4471 1340 4540 Saneti
1355 4469 1411 4538 lli·

290 4574 414 4646 ebaelis
429 4579 473 4648 ad
490 4579 654 4665 prodietas
669 4586 768 4656 villas
783 4585 920 4673 paeilioe
937 4583 1200 4673 introduxissent,
1217 4583 1336 4668 etipse
1352 4577 1409 4645 De·
