3118 5158
335 365 443 433 tidelis
460 367 573 451 nostri,
591 385 677 432 anno
692 365 822 431 Domini
838 365 949 432 ii⁰OG⁹
966 365 1208 451 septuagesimo
1224 365 1345 452 quinto,
1362 369 1467 454 Regni:

337 477 446 539 autem
470 474 573 540 nostri
597 491 684 538 anno
709 478 835 556 quarto.
868 471 1116 540 venerabilibus
1136 474 1284 559 prmum
1300 474 1469 561 Stephano

336 579 506 648 Ooloeensi
531 587 563 648 et
586 578 738 645 Johanne
763 579 950 664 spalatensi
974 579 1256 668 Arehiepiseopis3
1279 583 1342 651 Job
1368 580 1458 659 Quiu-

334 684 605 771 queeeelesiensi‚
629 684 784 770 Philippo
810 686 1008 772 Vaohiansi,
1032 687 1224 756 Lodomerio
1248 687 1463 774 Waradienai,

333 793 542 879 Thymotheo
558 792 782 879 Zagrabienst
800 793 897 859 Petro
908 795 1134 882 hansiluano,
1151 793 1285 862 Andrea
1298 797 1462 880 Agriensi,

333 901 432 966 Petro
447 901 560 968 Eleeto
574 898 808 986 vesprimiensi
828 903 863 965 et
881 899 1037 984 Gregorio
1054 899 1278 968 chanadiensi
1292 901 1467 988 Episnopis

333 1007 502 1074 Ecclesiae
517 1007 581 1076 Dei
596 1005 735 1074 feliciter
752 1006 1018 1090 gubernantibus.
1047 1009 1143 1074 Petro
1160 1008 1323 1094 Palatino,
1339 1007 1461 1076 Gemite

335 1113 551 1199 Supruniensi
561 1120 594 1178 et
603 1112 718 1180 Judiee
734 1113 970 1197 Cumanorum
987 1114 1117 1181 Matheo
1133 1115 1290 1199 Magistro
1306 1115 1456 1184 Tauarni·

338 1241 448 1288 oerurn
464 1227 669 1306 nostrorum,
702 1220 825 1304 Vgrino
840 1223 932 1288 Bane
948 1221 1065 1290 Judieo
1083 1223 1179 1289 (iuria
1194 1231 1316 1309 nostre,
1336 1223 1458 1290 'l‘homa

333 1328 535 1396 Banoteeiua
545 1328 729 1415 Selauonie,
740 1326 892 1398 Rorando
904 1329 1060 1414 Magistro
1070 1329 1323 1398 Tauarnieoram
1333 1330 1463 1398 domine

331 1436 458 1520 Regino
482 1435 656 1503 karissime
680 1435 838 1503 consortis
864 1441 974 1504 nostre
998 1445 1030 1502 et
1055 1436 1180 1504 Gemite
1205 1436 1246 1504 de
1273 1437 1374 1522 zeta,
1399 1439 1460 1504 La-

331 1543 442 1610 diniao
459 1542 651 1628 Wayaaoda
660 1593 670 1628 ,
703 1544 820 1628 Moyus
837 1542 961 1612 Comite
977 1543 1195 1629 Symigienrn
1218 1545 1386 1612 Hernaido
1401 1545 1459 1612 Co

331 1652 412 1718 mite
443 1649 483 1717 de
508 1651 631 1718 Ferrea
656 1651 786 1736 Castro,
819 1672 858 1718 ao
883 1651 967 1737 alijs-
988 1671 1085 1734 quam
1110 1653 1256 1736 pluribus
1282 1653 1464 1720 Comitatus

331 1756 438 1839 Regni
453 1756 639 1824 tenentibus
656 1763 690 1823 et
705 1757 859 1825 bonores..

243 1905 247 1914 “
331 1916 395 1982 (111.
414 1919 505 1969 snare
527 1915 675 1984 maryres
699 1919 810 1970 rasam
828 1918 988 1985 negauerat
1014 1916 1249 1988 perunguuntur
1272 1935 1289 1970 a
1311 1905 1462 1972 neeesse.

737 2011 860 2060 kamarai
881 2007 1060 2076 levelttrban)

867 2541 920 2610 aa.

328 2739 387 2806 IV.
404 2738 521 2806 Mezze
534 2741 708 2826 kirdlyonle
722 2738 927 2826 Jetkoefttldet
941 2743 1100 2827 tdrqyaao
1127 2739 1312 2825 edomdnyo
1328 2742 1460 2821 M‘rkloes

642 2845 853 2938 Adorjdafia
867 2850 1026 2912 aramma.
1052 2849 1155 2914 1275.1

436 3040 613 3110 Ladiniaus
636 3039 699 3106 Dei
723 3040 836 3124 graoia
864 3039 1051 3126 Hungarie,
1083 3039 1279 3126 Damnem,¹
1310 3037 1460 3126 Groaeie,

325 3148 438 3232 Rome,
452 3148 575 3235 Seruis,
591 3146 739 3231 Gallioie,
756 3147 960 3234 sedoneris,
976 3145 1134 3215 Cumanis
1149 3146 1370 3232 Balgarieque
1384 3150 1450 3216 Rex
1522 3169 1523 3181 ¹

327 3255 477 3324 omnibus
488 3253 609 3322 Christi
623 3252 775 3322 fidelibus
790 3272 923 3339 presens
937 3254 1094 3339 seriptum
1108 3252 1303 3340 inspecturis
1316 3255 1459 3322 alutem·

327 3362 362 3426 in
377 3361 520 3428 omnium
530 3362 707 3430 saluatore.
718 3359 1069 3428 tumuenornnton
1079 3359 1283 3446 presenoium
1292 3381 1392 3446 quam
1401 3381 1460 3445 pe·-

327 3475 487 3534 steteram
498 3465 649 3536 notieiam
660 3468 775 3534 harum
785 3469 870 3536 serie
880 3469 1031 3536 uolumus
1040 3469 1223 3554 peruenire:
1246 3469 1333 3551 quod
1350 3467 1459 3555 Nyse-
1518 3489 1519 3535 r

326 3576 401 3642 iaus
416 3572 502 3641 filius
517 3573 659 3642 Adriani
671 3573 715 3641 ad
731 3580 875 3642 nostram
890 3575 1050 3644 aooedeus
1065 3575 1272 3661 presentiam
1287 3575 1453 3660 quandam
1517 3561 1518 3623 t

324 3689 447 3752 terram
463 3681 570 3749 Gastri
596 3681 698 3750 nostri
713 3681 920 3750 Zaladiensis
936 3680 1154 3750 Jakusieulrle
1182 3689 1343 3767 noenum,
1364 3683 1456 3750 iuxta

326 3789 421 3856 Peka
436 3790 639 3871 existentem,
655 3809 793 3856 saeuam
810 3795 844 3858 at
858 3789 1103 3858 habitatoribus
1118 3785 1310 3856 destitutam
1324 3809 1347 3855 a
1362 3787 1460 3854 nobis
1514 3821 1515 3887 r

324 3897 387 3963 sibi
411 3896 483 3964 dari
507 3897 697 3983 postulauit.
721 3897 840 3962 Verum
864 3896 944 3982 quia
968 3897 1011 3963 ds
1026 3897 1188 3980 qualitate
1212 3899 1246 3961 et
1269 3895 1452 3978 quantitate
1513 3901 1514 3975 i

323 4004 428 4088 ipsius
443 4009 548 4089 terre,
571 4011 604 4070 et
619 4012 724 4071 utrum
742 4010 826 4070 esset
852 4023 961 4070 uaeue
986 4023 1048 4071 neo
1064 4023 1114 4088 ne,
1138 4002 1235 4070 uobis
1251 4001 1374 4070 ueritas
1389 4021 1452 4068 non
1511 3995 1513 4088 i

323 4113 511 4196 constabat5
535 4111 684 4178 fidelibus
710 4111 828 4178 nostris
852 4110 974 4178 Abbati
1000 4099 1034 4178 et
1054 4110 1234 4177 Conuentni
1250 4107 1451 4191 Zaladiensi,
1511 4089 1512 4153 i

180 4241 183 4250 ¹
325 4228 359 4286 et
375 4217 494 4286 Comiti
508 4219 605 4286 Paris
627 4219 695 4285 filio
711 4217 855 4285 Peturka
870 4217 993 4286 homini
1018 4223 1129 4284 nostro
1149 4215 1297 4283 dedimus
1313 4214 1348 4279 in
1365 4234 1456 4280 man-
1509 4247 1510 4329 r

322 4326 419 4413 (latis,
443 4333 480 4392 ut
495 4326 688 4394 eonuoaatis
715 4325 864 4393 omuibus
879 4323 1109 4394 commetaneis
1126 4329 1158 4389 et
1173 4321 1299 4407 vicinis,
1323 4319 1454 4388 aceede·
1508 4373 1509 4417 ¹

323 4439 395 4500 rent
419 4434 462 4499 ad
489 4439 608 4498 terram
624 4437 848 4516 prenotatam
871 4438 904 4498 et
927 4431 961 4498 si
981 4449 1058 4498 eam
1079 4447 1217 4496 saeuam
1234 4435 1268 4494 et
1292 4427 1461 4495 habitato—
1507 4429 1508 4505 i
