3146 5166
580 287 738 386 Q

81 479 275 574 ¹Nieholaus
291 479 375 548 iilius
391 481 475 549 Sabe
491 479 531 546 de
548 499 666 564 genere
681 480 746 549 Jak
772 501 882 547 ooram
906 482 998 550 nobis
1023 481 1221 549 constitutus

93 585 252 672 obligauit
268 607 314 669 se,
332 584 463 670 quodsi
479 587 704 673 possessiones
721 607 796 654 suas
810 586 877 654 Jak
892 587 973 654 sitas
1005 584 1098 653 iuxta
1116 585 1216 654 eoole·

93 693 176 760 siam
186 691 281 760 Beati
293 692 463 760 Michaelis
474 693 722 778 archangelici
732 691 944 760 Keuruselew
954 699 1223 778 noeatasaparte

91 799 363 885 septemtrionali,
379 799 563 869 vendioioni
579 818 740 884 exponere
749 799 899 886 uoluerit,
911 819 975 866 non
993 800 1113 885 poterit
1129 798 1217 884 aiijs,

92 907 156 974 nisi
166 904 283 974 Comiti
294 907 360 974 Jak
370 914 403 973 et
414 906 560 974 Renoldo
569 907 646 991 iilijs
658 905 761 992 liberi,
772 927 811 973 ao
822 905 988 991 Stephano
1002 906 1069 972 iiiio
1081 905 1157 992 iai,
1169 905 1221 973 Jo

92 1012 195 1078 hanni
210 1013 277 1079 filio
289 1013 474 1099 Christiani,
487 1013 613 1099 Kemyn
625 1013 690 1079 filio
701 1014 838 1098 Kemyn,
849 1012 990 1080 Johanni
1001 1013 1067 1079 filio
1079 1009 1223 1094 Martini,

91 1119 248 1186 Michaeli
262 1121 329 1187 tilio
346 1119 481 1205 Thome,
500 1118 657 1204 Gregorio
673 1119 740 1184 filio
757 1120 897 1207 Saudur,
914 1125 946 1185 ot
967 1121 1064 1203 Myke
1080 1118 1147 1184 filio
1163 1121 1222 1184 Be-

91 1224 215 1293 nedioti
232 1225 500 1310 generacionibus
517 1225 604 1309 suis;
626 1225 654 1292 si
670 1245 746 1292 nero
763 1225 796 1290 in
827 1227 984 1294 extremis
1017 1225 1085 1292 suis
1109 1225 1222 1309 legare

92 1334 244 1400 Eeolesie
267 1333 408 1400 uoluerit
441 1335 640 1418 prescriptae
665 1331 897 1417 possessiones,
923 1353 987 1398 non
1012 1331 1132 1418 poterit
1157 1328 1220 1398 nisi

91 1439 239 1524 proeium
252 1440 303 1506 uel
320 1440 466 1508 ualerem
487 1439 671 1507 earundem.
688 1440 787 1507 Cuius
805 1439 934 1523 quidem
950 1439 1112 1522 Nioholay
1137 1457 1220 1504 oom-

97 1544 258 1630 posioioni
285 1546 457 1632 Ohepanus
488 1554 520 1612 et
535 1546 733 1612 Luurenoins
749 1542 790 1611 de
805 1543 911 1629 Sieke,
927 1544 1022 1631 Sebe,
1046 1543 1167 1610 Paulus
1192 1548 1224 1609 ot

92 1650 195 1734 Belua,
211 1651 366 1719 Nioolaus
381 1653 468 1718 filius
487 1651 597 1718 Zoooh
613 1672 672 1738 pro
688 1670 725 1718 se
740 1659 773 1718 et
789 1671 847 1737 pro
863 1651 975 1734 Paulo,
992 1650 1090 1736 Bake,
1109 1649 1219 1714 Dioni·

95 1759 146 1824 sio
163 1765 196 1825 et
220 1758 328 1827 Zoouh
353 1759 507 1826 iratribus
532 1759 600 1826 suis
624 1758 769 1846 uterinis,
795 1758 934 1836 Martino
960 1763 992 1822 et
1015 1756 1118 1822 Paulo
1142 1755 1221 1841 filijs

93 1862 255 1950 LadinIai,
270 1866 426 1934 Ladizlao
443 1867 509 1934 filio
519 1866 658 1951 Dionisi,
668 1865 859 1952 propinquis
869 1863 1041 1950 prescripti
1058 1861 1220 1947 Nieholay

92 1991 286 2038 eonsensum
301 1975 496 2057 prebuerunt
512 1979 544 2040 et
560 1993 740 2056 assensum,
758 1972 937 2056 obligantes
965 1989 1011 2056 se,
1037 1968 1124 2054 quod
1150 1969 1219 2035 nul·

91 2078 159 2144 lius
174 2079 329 2164 temporis
343 2079 438 2164 lapsu
455 2080 632 2147 Nioholaus
648 2088 679 2146 et
695 2079 865 2165 prescripti
880 2077 941 2144 viri
967 2077 1009 2144 ad
1034 2076 1123 2143 iilam
1148 2095 1221 2158 par·

92 2193 159 2252 tem
175 2185 260 2251 silue
273 2186 373 2270 Rabe,
391 2186 449 2252 ubi
466 2187 582 2254 Comes
598 2186 665 2254 Jak
692 2193 724 2252 et
751 2186 867 2255 iratres
893 2185 943 2254 sui
969 2188 1217 2268 eommorantur,

93 2315 131 2361 se
147 2300 283 2379 possunt
298 2293 489 2378 transferr03
522 2301 554 2360 et
569 2315 587 2360 e
602 2302 715 2361 eontra
743 2295 810 2362 Jak
835 2300 867 2361 et
876 2293 1039 2359 Renoldus
1059 2310 1098 2357 ao
1109 2308 1218 2356 eorum

93 2399 269 2486 propinqui
295 2399 338 2466 ad
362 2400 498 2490 alteram
524 2406 650 2486 partem
676 2401 875 2486 silueRabe,
892 2401 926 2464 in
952 2419 1017 2483 qna
1042 2398 1217 2482 chepanns

95 2512 129 2572 et
145 2503 345 2572 Laureneius
361 2514 504 2594 manent,
522 2508 664 2574 resident
690 2514 722 2573 et
747 2511 890 2592 utuntur,
916 2503 1144 2572 nichilominus
1170 2522 1220 2568 ra-

96 2613 195 2678 oione
210 2613 447 2697 possessionum
474 2618 626 2699 poterunt
650 2611 836 2680 uendioare.
862 2612 897 2680 Si
923 2631 1001 2678 uero
1026 2610 1223 2696 preseriptus

94 2718 277 2785 Nioholaus
303 2719 391 2805 ipsas
408 2721 631 2805 possessiones
663 2719 808 2787 eonferre
838 2738 896 2786 seu
928 2718 1049 2785 donare
1088 2717 1155 2784 Jak
1194 2721 1227 2781 et

94 2826 245 2894 Renoldo
261 2826 337 2913 iilijs
353 2827 442 2894 suet
474 2821 514 2894 ao
539 2829 638 2912 sooijs
655 2828 722 2896 suis
740 2849 780 2894 ex
797 2826 909 2910 grauia
942 2825 995 2892 uel
1025 2823 1135 2892 fauore
1161 2823 1225 2889 uol-

95 2932 191 3020 uerit,
208 2931 343 3000 iiberam
361 2934 545 3002 conferendi
568 2935 689 3002 habeat
714 2935 912 3002 faoultatem.
938 2931 1032 3008 Quod
1058 2941 1093 2996 ut
1117 2937 1223 2996 ratum

97 3042 153 3124 sit,
171 3059 306 3124 presens
322 3041 474 3127 seriptum
492 3043 686 3108 contulimus
713 3048 823 3108 nostro
849 3039 958 3124 sigillo
983 3037 1224 3105 communitum.

96 3147 256 3231 Magistro
272 3145 429 3212 Michaele
445 3147 623 3233 Prepesito,
642 3148 799 3216 Custodia
815 3153 960 3228 vacante,
978 3141 1139 3228 Symeone
1164 3142 1227 3206 De·

99 3273 186 3321 nano
204 3251 429 3320 existentibus.
458 3251 551 3318 Anno
576 3254 619 3321 ub
645 3253 875 3319 iucarnaoione
900 3247 1031 3328 Domini
1055 3245 1227 3322 millesimo

95 3361 323 3427 ducentesimo
339 3358 563 3442 nonagesimo.

97 3555 239 3620 (Eredetie
260 3551 434 3620 biirhrirtyim
448 3555 562 3620 melyrb'l
575 3571 592 3606 u
614 3552 745 3621 kiptalan
767 3551 887 3622 pensetis
909 3552 971 3605 sold
993 3542 1222 3616 selyemnsinirou

98 3642 171 3710 siigg
183 3662 191 3706 ς
205 3657 222 3692 a
234 3658 320 3704 noma,
333 3657 456 3694 museum
470 3641 698 3695 sostratttrtban.
710 3645 743 3695 V.
758 3649 781 3695 o.
793 3639 873 3707 Fejtr
887 3641 951 3692 cod.
962 3639 1035 3706 Dipl.
1049 3639 1112 3690 v11.
1125 3637 1152 3687 k.
1169 3639 1192 3688 1.
1206 3653 1226 3687 r.

603 3735 662 3783 aso.
676 3733 706 3798 1.)
