<?xml version="1.0" encoding="UTF-8"?>
<!DOCTYPE html PUBLIC "-//W3C//DTD XHTML 1.0 Transitional//EN"
    "http://www.w3.org/TR/xhtml1/DTD/xhtml1-transitional.dtd">
<html xmlns="http://www.w3.org/1999/xhtml" xml:lang="en" lang="en">
 <head>
  <title>
</title>
<meta http-equiv="Content-Type" content="text/html;charset=utf-8" />
  <meta name='ocr-system' content='tesseract 3.04.00' />
  <meta name='ocr-capabilities' content='ocr_page ocr_carea ocr_par ocr_line ocrx_word'/>
</head>
<body>
  <div class='ocr_page' id='page_1' title='image "./codexdiplomatic12wenzgoog_0592.png"; bbox 0 0 3146 5166; ppageno 0'>
   <div class='ocr_carea' id='block_1_1' title="bbox 801 911 880 978">
    <p class='ocr_par' dir='ltr' id='par_1_1' title="bbox 801 911 880 978">
     <span class='ocr_line' id='line_1_1' title="bbox 801 911 880 978; baseline -0.025 0"><span class='ocrx_word' id='word_1_1' title='bbox 801 911 880 978; x_wconf 78' lang='lat'><strong>399.</strong></span> 
     </span>
    </p>
   </div>
   <div class='ocr_carea' id='block_1_2' title="bbox 273 1105 1396 1309">
    <p class='ocr_par' dir='ltr' id='par_1_2' title="bbox 273 1105 1396 1309">
     <span class='ocr_line' id='line_1_2' title="bbox 273 1105 1396 1198; baseline -0.005 -20"><span class='ocrx_word' id='word_1_2' title='bbox 273 1113 295 1178; x_wconf 90' lang='lat' dir='ltr'><em>I</em></span> <span class='ocrx_word' id='word_1_3' title='bbox 298 1110 328 1175; x_wconf 85' lang='lat' dir='ltr'><strong><em>V</em></strong></span> <span class='ocrx_word' id='word_1_4' title='bbox 338 1114 455 1182; x_wconf 64' lang='lat' dir='ltr'><strong>Lente</strong></span> <span class='ocrx_word' id='word_1_5' title='bbox 471 1114 651 1198; x_wconf 67' lang='lat' dir='ltr'><strong>kirtlynak</strong></span> <span class='ocrx_word' id='word_1_6' title='bbox 667 1113 816 1198; x_wconf 78' lang='lat' dir='ltr'><strong>bizonyoe</strong></span> <span class='ocrx_word' id='word_1_7' title='bbox 831 1111 961 1176; x_wconf 75' lang='lat' dir='ltr'><strong>Rewche</strong></span> <span class='ocrx_word' id='word_1_8' title='bbox 977 1108 1204 1194; x_wconf 68' lang='lat' dir='ltr'><strong>ea&#39;rmeyytben</strong></span> <span class='ocrx_word' id='word_1_9' title='bbox 1219 1105 1289 1172; x_wconf 76' lang='grc' dir='ltr'><strong>ῐέυό</strong></span> <span class='ocrx_word' id='word_1_10' title='bbox 1296 1107 1396 1194; x_wconf 69' lang='lat' dir='ltr'><strong>fildet</strong></span> 
     </span>
     <span class='ocr_line' id='line_1_3' title="bbox 311 1193 1364 1309; baseline -0.008 -23"><span class='ocrx_word' id='word_1_11' title='bbox 311 1222 467 1309; x_wconf 69' lang='lat' dir='ltr'><strong>terqyaze</strong></span> <span class='ocrx_word' id='word_1_12' title='bbox 491 1221 675 1304; x_wconf 68' lang='lat' dir='ltr'><strong>adnmdnya</strong></span> <span class='ocrx_word' id='word_1_13' title='bbox 690 1221 851 1288; x_wconf 78' lang='lat' dir='ltr'><strong>Kachena</strong></span> <span class='ocrx_word' id='word_1_14' title='bbox 867 1219 989 1284; x_wconf 79' lang='lat' dir='ltr'><strong>unokcti</strong></span> <span class='ocrx_word' id='word_1_15' title='bbox 1005 1222 1166 1283; x_wconf 75' lang='lat' dir='ltr'><strong>ezeimdra.</strong></span> <span class='ocrx_word' id='word_1_16' title='bbox 1182 1193 1233 1280; x_wconf 69' lang='lat' dir='ltr'><strong>liv</strong></span> <span class='ocrx_word' id='word_1_17' title='bbox 1250 1215 1364 1282; x_wconf 67' lang='lat' dir='ltr'><strong>etthei.</strong></span> 
     </span>
    </p>
   </div>
   <div class='ocr_carea' id='block_1_3' title="bbox 272 1428 1399 2488">
    <p class='ocr_par' dir='ltr' id='par_1_3' title="bbox 272 1428 1399 2488">
     <span class='ocr_line' id='line_1_4' title="bbox 380 1428 1392 1516; baseline -0.004 -18"><span class='ocrx_word' id='word_1_18' title='bbox 380 1432 447 1500; x_wconf 80' lang='lat' dir='ltr'><strong>Nos</strong></span> <span class='ocrx_word' id='word_1_19' title='bbox 484 1432 660 1500; x_wconf 77' lang='lat' dir='ltr'><strong>ladizlaus</strong></span> <span class='ocrx_word' id='word_1_20' title='bbox 684 1433 747 1500; x_wconf 82' lang='lat' dir='ltr'><strong>Dei</strong></span> <span class='ocrx_word' id='word_1_21' title='bbox 773 1432 885 1516; x_wconf 77' lang='lat' dir='ltr'><strong>gracie</strong></span> <span class='ocrx_word' id='word_1_22' title='bbox 910 1431 980 1497; x_wconf 86' lang='lat' dir='ltr'><strong>Rex</strong></span> <span class='ocrx_word' id='word_1_23' title='bbox 1007 1429 1153 1514; x_wconf 83' lang='lat' dir='ltr'><strong>Vngarie</strong></span> <span class='ocrx_word' id='word_1_24' title='bbox 1177 1428 1392 1514; x_wconf 75' lang='lat' dir='ltr'><strong>signifieamnn</strong></span> 
     </span>
     <span class='ocr_line' id='line_1_5' title="bbox 273 1535 1393 1626; baseline -0.004 -20"><span class='ocrx_word' id='word_1_25' title='bbox 273 1539 435 1608; x_wconf 81' lang='lat' dir='ltr'><strong>vninereie</strong></span> <span class='ocrx_word' id='word_1_26' title='bbox 451 1540 568 1624; x_wconf 82' lang='lat' dir='ltr'><strong>quibus</strong></span> <span class='ocrx_word' id='word_1_27' title='bbox 585 1539 719 1625; x_wconf 84' lang='lat' dir='ltr'><strong>expedit</strong></span> <span class='ocrx_word' id='word_1_28' title='bbox 733 1538 937 1626; x_wconf 76' lang='lat' dir='ltr'><strong>presencium</strong></span> <span class='ocrx_word' id='word_1_29' title='bbox 960 1559 1020 1624; x_wconf 85' lang='lat' dir='ltr'><strong>per</strong></span> <span class='ocrx_word' id='word_1_30' title='bbox 1054 1543 1209 1624; x_wconf 86' lang='lat' dir='ltr'><strong>tenorem,</strong></span> <span class='ocrx_word' id='word_1_31' title='bbox 1239 1535 1326 1621; x_wconf 85' lang='lat' dir='ltr'>quod</span> <span class='ocrx_word' id='word_1_32' title='bbox 1349 1536 1393 1602; x_wconf 89' lang='lat' dir='ltr'><strong>in·</strong></span> 
     </span>
     <span class='ocr_line' id='line_1_6' title="bbox 274 1643 1399 1734; baseline -0.003 -20"><span class='ocrx_word' id='word_1_33' title='bbox 274 1647 363 1714; x_wconf 82' lang='lat' dir='ltr'><strong>tuitis</strong></span> <span class='ocrx_word' id='word_1_34' title='bbox 380 1647 528 1732; x_wconf 80' lang='lat' dir='ltr'><strong>nernieije</strong></span> <span class='ocrx_word' id='word_1_35' title='bbox 544 1649 684 1714; x_wconf 86' lang='lat' dir='ltr'><strong>filiorum</strong></span> <span class='ocrx_word' id='word_1_36' title='bbox 710 1646 819 1734; x_wconf 85' lang='lat' dir='ltr'><strong>Petri,</strong></span> <span class='ocrx_word' id='word_1_37' title='bbox 835 1653 987 1731; x_wconf 85' lang='lat' dir='ltr'>nepotum</span> <span class='ocrx_word' id='word_1_38' title='bbox 1002 1643 1130 1714; x_wconf 84' lang='lat' dir='ltr'><strong>eeilieet</strong></span> <span class='ocrx_word' id='word_1_39' title='bbox 1144 1643 1315 1730; x_wconf 86' lang='lat' dir='ltr'><strong>Kuehnna,</strong></span> <span class='ocrx_word' id='word_1_40' title='bbox 1339 1664 1399 1728; x_wconf 85' lang='lat' dir='ltr'><strong>qne</strong></span> 
     </span>
     <span class='ocr_line' id='line_1_7' title="bbox 272 1751 1392 1840; baseline -0.005 -19"><span class='ocrx_word' id='word_1_41' title='bbox 272 1755 367 1822; x_wconf 80' lang='lat' dir='ltr'><strong>nobis</strong></span> <span class='ocrx_word' id='word_1_42' title='bbox 382 1755 416 1820; x_wconf 93' lang='lat' dir='ltr'><strong>in</strong></span> <span class='ocrx_word' id='word_1_43' title='bbox 432 1755 583 1822; x_wconf 85' lang='lat' dir='ltr'><strong>omnibus</strong></span> <span class='ocrx_word' id='word_1_44' title='bbox 597 1754 703 1840; x_wconf 80' lang='lat' dir='ltr'><strong>Regni</strong></span> <span class='ocrx_word' id='word_1_45' title='bbox 718 1755 818 1821; x_wconf 83' lang='lat' dir='ltr'>nostri</span> <span class='ocrx_word' id='word_1_46' title='bbox 843 1751 989 1837; x_wconf 82' lang='lat' dir='ltr'><strong>negoeije</strong></span> <span class='ocrx_word' id='word_1_47' title='bbox 1014 1751 1151 1820; x_wconf 87' lang='lat' dir='ltr'><strong>fideliter</strong></span> <span class='ocrx_word' id='word_1_48' title='bbox 1160 1751 1392 1839; x_wconf 84' lang='lat' dir='ltr'><strong>impenderunt,</strong></span> 
     </span>
     <span class='ocr_line' id='line_1_8' title="bbox 276 1857 1398 1945; baseline -0.002 -18"><span class='ocrx_word' id='word_1_49' title='bbox 276 1863 420 1930; x_wconf 81' lang='lat' dir='ltr'><strong>volentes</strong></span> <span class='ocrx_word' id='word_1_50' title='bbox 437 1863 562 1931; x_wconf 82' lang='lat' dir='ltr'><strong>eisdem</strong></span> <span class='ocrx_word' id='word_1_51' title='bbox 578 1863 722 1945; x_wconf 84' lang='lat' dir='ltr'><strong>gratuita</strong></span> <span class='ocrx_word' id='word_1_52' title='bbox 740 1861 936 1929; x_wconf 80' lang='lat' dir='ltr'><strong>liberalitate</strong></span> <span class='ocrx_word' id='word_1_53' title='bbox 953 1879 1130 1944; x_wconf 79' lang='lat' dir='ltr'><strong>occurrere,</strong></span> <span class='ocrx_word' id='word_1_54' title='bbox 1155 1857 1320 1943; x_wconf 85' lang='lat' dir='ltr'><strong>quandem</strong></span> <span class='ocrx_word' id='word_1_55' title='bbox 1337 1865 1398 1927; x_wconf 86' lang='lat' dir='ltr'><strong>ter·</strong></span> 
     </span>
     <span class='ocr_line' id='line_1_9' title="bbox 273 1965 1397 2057; baseline -0.004 -21"><span class='ocrx_word' id='word_1_56' title='bbox 273 1977 340 2037; x_wconf 85' lang='lat' dir='ltr'><strong>tem</strong></span> <span class='ocrx_word' id='word_1_57' title='bbox 358 1971 495 2055; x_wconf 85' lang='lat' dir='ltr'><strong>Nyeolai</strong></span> <span class='ocrx_word' id='word_1_58' title='bbox 510 1970 567 2055; x_wconf 89' lang='lat' dir='ltr'><strong>fiiij</strong></span> <span class='ocrx_word' id='word_1_59' title='bbox 584 1971 712 2057; x_wconf 85' lang='lat' dir='ltr'><strong>Myenla</strong></span> <span class='ocrx_word' id='word_1_60' title='bbox 727 1969 800 2036; x_wconf 78' lang='lat' dir='ltr'><strong>sine</strong></span> <span class='ocrx_word' id='word_1_61' title='bbox 828 1967 949 2036; x_wconf 88' lang='lat' dir='ltr'><strong>herede</strong></span> <span class='ocrx_word' id='word_1_62' title='bbox 973 1965 1159 2036; x_wconf 82' lang='lat' dir='ltr'><strong>deeedentie</strong></span> <span class='ocrx_word' id='word_1_63' title='bbox 1176 1967 1210 2034; x_wconf 90' lang='lat' dir='ltr'><strong>in</strong></span> <span class='ocrx_word' id='word_1_64' title='bbox 1236 1967 1397 2034; x_wconf 71' lang='lat' dir='ltr'><strong>comitatu</strong></span> 
     </span>
     <span class='ocr_line' id='line_1_10' title="bbox 273 2074 1395 2161; baseline -0.004 -17"><span class='ocrx_word' id='word_1_65' title='bbox 273 2078 316 2144; x_wconf 89' lang='lat' dir='ltr'><strong>de</strong></span> <span class='ocrx_word' id='word_1_66' title='bbox 331 2077 471 2146; x_wconf 87' lang='lat' dir='ltr'><strong>Rewehe</strong></span> <span class='ocrx_word' id='word_1_67' title='bbox 486 2079 676 2146; x_wconf 77' lang='lat' dir='ltr'><strong>existentem</strong></span> <span class='ocrx_word' id='word_1_68' title='bbox 692 2077 886 2145; x_wconf 79' lang='lat' dir='ltr'><strong>contulimus</strong></span> <span class='ocrx_word' id='word_1_69' title='bbox 903 2075 1024 2143; x_wconf 84' lang='lat' dir='ltr'><strong>eisdem</strong></span> <span class='ocrx_word' id='word_1_70' title='bbox 1041 2075 1113 2142; x_wconf 85' lang='lat' dir='ltr'><strong>eine</strong></span> <span class='ocrx_word' id='word_1_71' title='bbox 1129 2074 1395 2161; x_wconf 82' lang='lat' dir='ltr'><strong>preiudieiojurie</strong></span> 
     </span>
     <span class='ocr_line' id='line_1_11' title="bbox 275 2183 1395 2271; baseline -0.002 -21"><span class='ocrx_word' id='word_1_72' title='bbox 275 2184 393 2265; x_wconf 84' lang='lat' dir='ltr'><strong>alieni;</strong></span> <span class='ocrx_word' id='word_1_73' title='bbox 411 2187 555 2252; x_wconf 83' lang='lat' dir='ltr'><strong>volentes</strong></span> <span class='ocrx_word' id='word_1_74' title='bbox 571 2185 656 2269; x_wconf 85' lang='lat' dir='ltr'>quod</span> <span class='ocrx_word' id='word_1_75' title='bbox 674 2207 745 2253; x_wconf 87' lang='lat' dir='ltr'><strong>enm</strong></span> <span class='ocrx_word' id='word_1_76' title='bbox 763 2186 856 2253; x_wconf 84' lang='lat' dir='ltr'><strong>nobis</strong></span> <span class='ocrx_word' id='word_1_77' title='bbox 882 2189 1048 2271; x_wconf 76' lang='lat' dir='ltr'><strong>presentes</strong></span> <span class='ocrx_word' id='word_1_78' title='bbox 1072 2188 1247 2268; x_wconf 84' lang='lat' dir='ltr'><strong>reportant,</strong></span> <span class='ocrx_word' id='word_1_79' title='bbox 1274 2183 1395 2250; x_wconf 81' lang='lat' dir='ltr'><strong>eisdem</strong></span> 
     </span>
     <span class='ocr_line' id='line_1_12' title="bbox 275 2288 1396 2377; baseline -0.002 -19"><span class='ocrx_word' id='word_1_80' title='bbox 275 2292 485 2377; x_wconf 80' lang='lat' dir='ltr'><strong>priuilegium</strong></span> <span class='ocrx_word' id='word_1_81' title='bbox 512 2292 716 2361; x_wconf 74' lang='lat' dir='ltr'><strong>concedatur.</strong></span> <span class='ocrx_word' id='word_1_82' title='bbox 738 2291 860 2359; x_wconf 88' lang='lat' dir='ltr'><strong>Datum</strong></span> <span class='ocrx_word' id='word_1_83' title='bbox 896 2292 989 2359; x_wconf 88' lang='lat' dir='ltr'><strong>Bude</strong></span> <span class='ocrx_word' id='word_1_84' title='bbox 1013 2291 1115 2356; x_wconf 87' lang='lat' dir='ltr'><strong>terein</strong></span> <span class='ocrx_word' id='word_1_85' title='bbox 1149 2288 1203 2356; x_wconf 88' lang='lat' dir='ltr'><strong>die</strong></span> <span class='ocrx_word' id='word_1_86' title='bbox 1228 2291 1396 2357; x_wconf 85' lang='lat' dir='ltr'><strong>Beatorum</strong></span> 
     </span>
     <span class='ocr_line' id='line_1_13' title="bbox 277 2400 593 2488; baseline 0.006 -22"><span class='ocrx_word' id='word_1_87' title='bbox 277 2400 368 2485; x_wconf 89' lang='lat' dir='ltr'><strong>Wyti</strong></span> <span class='ocrx_word' id='word_1_88' title='bbox 385 2406 417 2467; x_wconf 88' lang='lat' dir='ltr'><strong>et</strong></span> <span class='ocrx_word' id='word_1_89' title='bbox 432 2400 593 2488; x_wconf 83' lang='lat' dir='ltr'><strong>Modeety.</strong></span> 
     </span>
    </p>
   </div>
   <div class='ocr_carea' id='block_1_4' title="bbox 277 2591 1395 2741">
    <p class='ocr_par' dir='ltr' id='par_1_4' title="bbox 277 2591 1395 2741">
     <span class='ocr_line' id='line_1_14' title="bbox 277 2591 1395 2663; baseline -0.003 -15"><span class='ocrx_word' id='word_1_90' title='bbox 277 2593 415 2662; x_wconf 75' lang='lat' dir='ltr'><strong>(Exedetie</strong></span> <span class='ocrx_word' id='word_1_91' title='bbox 430 2593 604 2663; x_wconf 71' lang='lat' dir='ltr'><strong>btirhirtyin,</strong></span> <span class='ocrx_word' id='word_1_92' title='bbox 619 2597 746 2663; x_wconf 77' lang='lat' dir='ltr'><strong>melynak</strong></span> <span class='ocrx_word' id='word_1_93' title='bbox 771 2593 879 2650; x_wconf 70' lang='lat' dir='ltr'><strong>niteret</strong></span> <span class='ocrx_word' id='word_1_94' title='bbox 898 2613 930 2649; x_wconf 77' lang='lat' dir='ltr'><strong>ez</strong></span> <span class='ocrx_word' id='word_1_95' title='bbox 940 2591 997 2648; x_wconf 52' lang='lat' dir='ltr'><strong>&#39;ode</strong></span> <span class='ocrx_word' id='word_1_96' title='bbox 1009 2599 1131 2660; x_wconf 81' lang='lat' dir='ltr'><strong>nyomott</strong></span> <span class='ocrx_word' id='word_1_97' title='bbox 1142 2593 1235 2663; x_wconf 72' lang='lat' dir='ltr'><strong>peeeet</strong></span> <span class='ocrx_word' id='word_1_98' title='bbox 1258 2595 1395 2656; x_wconf 60' lang='lat' dir='ltr'><strong>letalium.</strong></span> 
     </span>
     <span class='ocr_line' id='line_1_15' title="bbox 595 2681 1089 2741; baseline -0.008 -2"><span class='ocrx_word' id='word_1_99' title='bbox 595 2702 612 2739; x_wconf 78' lang='lat' dir='ltr'><strong>n</strong></span> <span class='ocrx_word' id='word_1_100' title='bbox 624 2705 709 2740; x_wconf 72' lang='lat' dir='ltr'><strong>neme.</strong></span> <span class='ocrx_word' id='word_1_101' title='bbox 723 2704 848 2741; x_wconf 74' lang='lat' dir='ltr'><strong>munaum</strong></span> <span class='ocrx_word' id='word_1_102' title='bbox 860 2681 1089 2740; x_wconf 67' lang='lat' dir='ltr'><strong>ktziratttribnn.</strong></span> 
     </span>
    </p>
   </div>
   <div class='ocr_carea' id='block_1_5' title="bbox 732 2981 943 2996">
    <p class='ocr_par' dir='ltr' id='par_1_5' title="bbox 732 2981 943 2996">
     <span class='ocr_line' id='line_1_16' title="bbox 732 2981 943 2996; baseline -0.005 -3"><span class='ocrx_word' id='word_1_103' title='bbox 732 2981 943 2996; x_wconf 60' lang='grc' dir='ltr'><strong>-υ-*η</strong></span> 
     </span>
    </p>
   </div>
   <div class='ocr_carea' id='block_1_6' title="bbox 807 3507 885 3576">
    <p class='ocr_par' dir='ltr' id='par_1_6' title="bbox 807 3507 885 3576">
     <span class='ocr_line' id='line_1_17' title="bbox 807 3507 885 3576; baseline -0.013 0"><span class='ocrx_word' id='word_1_104' title='bbox 807 3507 885 3576; x_wconf 80' lang='grc'><strong>400.</strong></span> 
     </span>
    </p>
   </div>
   <div class='ocr_carea' id='block_1_7' title="bbox 278 3705 1401 3901">
    <p class='ocr_par' dir='ltr' id='par_1_7' title="bbox 278 3705 1401 3901">
     <span class='ocr_line' id='line_1_18' title="bbox 278 3705 1401 3796; baseline -0.009 -18"><span class='ocrx_word' id='word_1_105' title='bbox 278 3709 342 3778; x_wconf 86' lang='lat' dir='ltr'><strong>IV.</strong></span> <span class='ocrx_word' id='word_1_106' title='bbox 358 3713 476 3782; x_wconf 69' lang='lat' dir='ltr'><strong>Lente</strong></span> <span class='ocrx_word' id='word_1_107' title='bbox 489 3709 667 3796; x_wconf 63' lang='lat' dir='ltr'><strong>kirtlynak</strong></span> <span class='ocrx_word' id='word_1_108' title='bbox 683 3705 811 3773; x_wconf 73' lang='lat' dir='ltr'><strong>Galaeh</strong></span> <span class='ocrx_word' id='word_1_109' title='bbox 842 3707 1039 3794; x_wconf 75' lang='lat' dir='ltr'><strong>nevtts&#39;eldet</strong></span> <span class='ocrx_word' id='word_1_110' title='bbox 1055 3709 1211 3793; x_wconf 68' lang='lat' dir='ltr'><strong>tdryym</strong></span> <span class='ocrx_word' id='word_1_111' title='bbox 1225 3707 1401 3792; x_wconf 71' lang='lat' dir='ltr'><strong>adontdnya</strong></span> 
     </span>
     <span class='ocr_line' id='line_1_19' title="bbox 463 3792 1224 3901; baseline -0.005 -15"><span class='ocrx_word' id='word_1_112' title='bbox 463 3821 636 3886; x_wconf 78' lang='lat' dir='ltr'><strong>Mortunne</strong></span> <span class='ocrx_word' id='word_1_113' title='bbox 652 3817 783 3884; x_wconf 69' lang='lat' dir='ltr'><strong>Zoeitud</strong></span> <span class='ocrx_word' id='word_1_114' title='bbox 792 3817 846 3901; x_wconf 83' lang='lat' dir='ltr'><strong>fla</strong></span> <span class='ocrx_word' id='word_1_115' title='bbox 861 3819 1021 3882; x_wconf 77' lang='lat' dir='ltr'><strong>ezdmctra.</strong></span> <span class='ocrx_word' id='word_1_116' title='bbox 1039 3792 1090 3879; x_wconf 67' lang='grc' dir='ltr'><strong>Εν</strong></span> <span class='ocrx_word' id='word_1_117' title='bbox 1105 3816 1224 3882; x_wconf 70' lang='lat' dir='ltr'><strong>neiat</strong></span> 
     </span>
    </p>
   </div>
   <div class='ocr_carea' id='block_1_8' title="bbox 279 4010 1408 4642">
    <p class='ocr_par' dir='ltr' id='par_1_8' title="bbox 279 4010 1408 4642">
     <span class='ocr_line' id='line_1_20' title="bbox 384 4010 1399 4097; baseline -0.009 -13"><span class='ocrx_word' id='word_1_118' title='bbox 384 4015 561 4084; x_wconf 81' lang='lat' dir='ltr'><strong>Ladizleue</strong></span> <span class='ocrx_word' id='word_1_119' title='bbox 576 4013 640 4082; x_wconf 86' lang='lat' dir='ltr'><strong>Dei</strong></span> <span class='ocrx_word' id='word_1_120' title='bbox 671 4011 785 4096; x_wconf 77' lang='lat' dir='ltr'><strong>gracia</strong></span> <span class='ocrx_word' id='word_1_121' title='bbox 800 4013 868 4078; x_wconf 87' lang='lat' dir='ltr'><strong>Rex</strong></span> <span class='ocrx_word' id='word_1_122' title='bbox 882 4010 1050 4097; x_wconf 83' lang='lat' dir='ltr'><strong>Hungarie</strong></span> <span class='ocrx_word' id='word_1_123' title='bbox 1065 4044 1399 4064; x_wconf 79' lang='grc'><strong>------</strong></span> 
     </span>
     <span class='ocr_line' id='line_1_21' title="bbox 279 4117 1403 4205; baseline -0.011 -10"><span class='ocrx_word' id='word_1_124' title='bbox 279 4123 461 4195; x_wconf 77' lang='lat' dir='ltr'><strong>conuentin</strong></span> <span class='ocrx_word' id='word_1_125' title='bbox 477 4123 518 4190; x_wconf 87' lang='lat' dir='ltr'><strong>de</strong></span> <span class='ocrx_word' id='word_1_126' title='bbox 533 4123 628 4190; x_wconf 81' lang='lat' dir='ltr'><strong>Lelez</strong></span> <span class='ocrx_word' id='word_1_127' title='bbox 659 4121 848 4188; x_wconf 82' lang='lat' dir='ltr'><strong>salutemet</strong></span> <span class='ocrx_word' id='word_1_128' title='bbox 873 4117 1030 4205; x_wconf 80' lang='lat' dir='ltr'><strong>graeiam.</strong></span> <span class='ocrx_word' id='word_1_129' title='bbox 1056 4117 1226 4186; x_wconf 77' lang='lat' dir='ltr'><strong>Montanus</strong></span> <span class='ocrx_word' id='word_1_130' title='bbox 1251 4119 1334 4185; x_wconf 87' lang='lat' dir='ltr'><strong>fiiiue</strong></span> <span class='ocrx_word' id='word_1_131' title='bbox 1348 4117 1403 4183; x_wconf 84' lang='grc' dir='ltr'><strong>Ζο-</strong></span> 
     </span>
     <span class='ocr_line' id='line_1_22' title="bbox 279 4226 1403 4320; baseline -0.011 -16"><span class='ocrx_word' id='word_1_132' title='bbox 279 4233 364 4304; x_wconf 87' lang='lat' dir='ltr'><strong>ehnd</strong></span> <span class='ocrx_word' id='word_1_133' title='bbox 379 4255 422 4320; x_wconf 88' lang='lat' dir='ltr'><strong>pe</strong></span> <span class='ocrx_word' id='word_1_134' title='bbox 437 4267 480 4282; x_wconf 85' lang='lat'><em>-</em></span> <span class='ocrx_word' id='word_1_135' title='bbox 499 4269 536 4281; x_wconf 98' lang='lat'><em>-</em></span> <span class='ocrx_word' id='word_1_136' title='bbox 556 4267 600 4282; x_wconf 86' lang='lat'>-</span> <span class='ocrx_word' id='word_1_137' title='bbox 620 4267 658 4279; x_wconf 89' lang='lat'>-</span> <span class='ocrx_word' id='word_1_138' title='bbox 677 4249 730 4296; x_wconf 84' lang='lat' dir='ltr'><strong>am</strong></span> <span class='ocrx_word' id='word_1_139' title='bbox 762 4235 883 4296; x_wconf 77' lang='lat' dir='ltr'><strong>terrani</strong></span> <span class='ocrx_word' id='word_1_140' title='bbox 914 4247 1054 4296; x_wconf 81' lang='lat' dir='ltr'><strong>vaeuam</strong></span> <span class='ocrx_word' id='word_1_141' title='bbox 1086 4227 1191 4294; x_wconf 70' lang='lat' dir='ltr'><strong>(taetri</strong></span> <span class='ocrx_word' id='word_1_142' title='bbox 1216 4226 1258 4293; x_wconf 89' lang='lat' dir='ltr'><strong>de</strong></span> <span class='ocrx_word' id='word_1_143' title='bbox 1273 4227 1403 4294; x_wconf 88' lang='lat' dir='ltr'><strong>Zemlen</strong></span> 
     </span>
     <span class='ocr_line' id='line_1_23' title="bbox 280 4333 1405 4425; baseline -0.011 -15"><span class='ocrx_word' id='word_1_144' title='bbox 280 4341 409 4412; x_wconf 85' lang='lat' dir='ltr'><strong>Gelaeh</strong></span> <span class='ocrx_word' id='word_1_145' title='bbox 425 4345 582 4425; x_wconf 84' lang='lat' dir='ltr'><strong>vocatam,</strong></span> <span class='ocrx_word' id='word_1_146' title='bbox 600 4339 697 4406; x_wconf 81' lang='lat' dir='ltr'><strong>terrie</strong></span> <span class='ocrx_word' id='word_1_147' title='bbox 717 4338 785 4406; x_wconf 81' lang='lat' dir='ltr'><strong>suis</strong></span> <span class='ocrx_word' id='word_1_148' title='bbox 800 4336 945 4421; x_wconf 82' lang='lat' dir='ltr'><strong>vndiqne</strong></span> <span class='ocrx_word' id='word_1_149' title='bbox 977 4333 1231 4420; x_wconf 83' lang='lat' dir='ltr'><strong>eireumdatam,</strong></span> <span class='ocrx_word' id='word_1_150' title='bbox 1248 4333 1311 4402; x_wconf 83' lang='lat' dir='ltr'><strong>eibi</strong></span> <span class='ocrx_word' id='word_1_151' title='bbox 1326 4333 1405 4400; x_wconf 77' lang='lat' dir='ltr'><strong>dari.</strong></span> 
     </span>
     <span class='ocr_line' id='line_1_24' title="bbox 280 4439 1408 4532; baseline -0.007 -17"><span class='ocrx_word' id='word_1_152' title='bbox 280 4451 400 4516; x_wconf 88' lang='lat' dir='ltr'><strong>Verum</strong></span> <span class='ocrx_word' id='word_1_153' title='bbox 417 4468 489 4516; x_wconf 85' lang='lat' dir='ltr'><strong>enm</strong></span> <span class='ocrx_word' id='word_1_154' title='bbox 504 4447 597 4516; x_wconf 83' lang='lat' dir='ltr'><strong>nobie</strong></span> <span class='ocrx_word' id='word_1_155' title='bbox 614 4447 656 4516; x_wconf 91' lang='lat' dir='ltr'><strong>de</strong></span> <span class='ocrx_word' id='word_1_156' title='bbox 686 4447 761 4532; x_wconf 76' lang='lat' dir='ltr'><strong>ipen</strong></span> <span class='ocrx_word' id='word_1_157' title='bbox 785 4451 874 4513; x_wconf 82' lang='lat' dir='ltr'><strong>terra</strong></span> <span class='ocrx_word' id='word_1_158' title='bbox 891 4444 1015 4513; x_wconf 77' lang='lat' dir='ltr'><strong>veritae</strong></span> <span class='ocrx_word' id='word_1_159' title='bbox 1030 4463 1096 4512; x_wconf 86' lang='lat' dir='ltr'><strong>nen</strong></span> <span class='ocrx_word' id='word_1_160' title='bbox 1113 4442 1295 4528; x_wconf 79' lang='lat' dir='ltr'><strong>constabat,</strong></span> <span class='ocrx_word' id='word_1_161' title='bbox 1311 4439 1408 4511; x_wconf 87' lang='lat' dir='ltr'><strong>fideii·</strong></span> 
     </span>
     <span class='ocr_line' id='line_1_25' title="bbox 282 4547 1407 4642; baseline -0.004 -22"><span class='ocrx_word' id='word_1_162' title='bbox 282 4554 342 4621; x_wconf 83' lang='lat' dir='ltr'><strong>tati</strong></span> <span class='ocrx_word' id='word_1_163' title='bbox 356 4559 464 4626; x_wconf 82' lang='lat' dir='ltr'><strong>vestre</strong></span> <span class='ocrx_word' id='word_1_164' title='bbox 479 4553 689 4642; x_wconf 70' lang='lat' dir='ltr'><strong>precipiendo</strong></span> <span class='ocrx_word' id='word_1_165' title='bbox 720 4551 915 4623; x_wconf 85' lang='lat' dir='ltr'><strong>mandamus</strong></span> <span class='ocrx_word' id='word_1_166' title='bbox 924 4603 934 4639; x_wconf 90' lang='lat'><em>,</em></span> <span class='ocrx_word' id='word_1_167' title='bbox 966 4558 1127 4640; x_wconf 82' lang='lat' dir='ltr'><strong>quatenus</strong></span> <span class='ocrx_word' id='word_1_168' title='bbox 1144 4547 1230 4619; x_wconf 81' lang='lat' dir='ltr'><strong>detis</strong></span> <span class='ocrx_word' id='word_1_169' title='bbox 1246 4548 1407 4620; x_wconf 82' lang='lat' dir='ltr'><strong>hominem</strong></span> 
     </span>
    </p>
   </div>
   <div class='ocr_carea' id='block_1_9' title="bbox 0 0 1586 5156">
    <p class='ocr_par' dir='ltr' id='par_1_9' title="bbox 0 0 1586 5156">
     <span class='ocr_line' id='line_1_26' title="bbox 0 0 1586 5156; baseline 0 0"><span class='ocrx_word' id='word_1_170' title='bbox 0 0 1586 5156; x_wconf 95' lang='lat' dir='ltr'><strong> </strong></span> 
     </span>
    </p>
   </div>
  </div>
 </body>
</html>
