3146 5166
583 346 742 449 33-

93 535 261 627 nos‘triquc
278 543 432 629 heredes,
459 544 568 611 habito
585 551 766 611 nostrorum
785 543 961 609 amicorum
978 541 1126 620 consilio,
1142 541 1221 608 uiris

93 650 235 737 ydoneis
252 673 292 719 ac
307 651 452 720 honestis
468 652 672 720 Theoderico
692 652 732 718 dc
746 649 911 733 Mnlbach‚
921 655 955 716 et
970 649 1115 716 Luduico
1131 649 1223 716 fratri

93 778 154 825 sno
172 779 233 825 nec
250 779 313 825 non
330 760 572 827 successoribus
588 779 698 826 eornm
708 811 717 846 ‚
749 759 866 824 siluam
886 777 950 840 que
964 756 1058 822 Rvda
1074 762 1220 842 uocatur,

90 865 182 932 circa
198 867 291 952 alpes
307 867 422 950 sitam,
440 887 536 950 quam
553 867 692 950 altegia
720 865 840 931 Gracia
873 863 1082 948 obtinuimus,
1099 862 1221 930 eisdem

90 973 289 1040 contulimus
304 993 361 1058 pro
376 994 462 1041 noua
493 974 575 1040 uilla
590 972 739 1056 locanda,
758 990 831 1038 cum
848 970 935 1036 omni
965 973 1034 1036 iure
1051 970 1221 1057 cypressi,

89 1099 156 1162 que
173 1082 337 1165 vulgariter
352 1083 439 1147 Lan
450 1089 463 1147 t
474 1080 495 1146 h
506 1102 524 1148 e
535 1100 552 1147 c
563 1101 609 1148 oe
634 1079 735 1148 debet
766 1077 956 1163 nuncupari.
973 1077 1111 1162 Insuper
1127 1085 1219 1161 quot·

87 1186 177 1269 quod
193 1186 292 1256 uillas
307 1188 341 1254 in
357 1190 484 1273 prefata
500 1189 586 1256 silua
598 1187 758 1272 potuerint
774 1193 972 1270 construere,
991 1186 1093 1252 libere
1109 1192 1217 1254 contn-

87 1295 189 1363 limus
205 1295 427 1363 excolendam.
442 1293 510 1361 Hec
521 1292 608 1382 (lgy)
626 1299 702 1361 sunt
720 1301 822 1360 mete:
840 1295 949 1360 Prima
959 1292 1074 1378 incipit
1090 1315 1110 1358 a
1126 1293 1216 1379 uilla,

85 1423 152 1485 que
170 1401 306 1486 Birbury
321 1408 466 1488 uocatur,
481 1407 514 1467 et
528 1399 630 1468 tendit
660 1401 703 1468 ad
718 1401 872 1488 fluuium,
903 1403 959 1484 qui
983 1401 1066 1468 Bela
1082 1397 1214 1488 dicitur3

83 1506 207 1576 deindo
231 1508 272 1574 ad
297 1513 422 1574 montes
450 1509 563 1575 niueos
593 1527 697 1592 usquc
727 1505 770 1574 ad
807 1509 958 1575 terminos
988 1507 1214 1594 Polonicales3

82 1614 208 1682 abinde
223 1614 267 1682 ad
284 1622 423 1684 montem
433 1616 645 1700 orientalem3
663 1615 753 1682 etsie
763 1613 897 1683 redeunt
912 1615 956 1684 ad
973 1617 1086 1684 uillam
1103 1638 1213 1703 supra-

81 1723 216 1788 dictam.
226 1720 289 1800 Qui
301 1723 429 1792 racione
445 1723 619 1790 looacionis
635 1730 773 1807 quatuor
788 1743 921 1791 mansos
939 1724 1067 1810 liberos,
1086 1731 1212 1792 sextum

81 1830 253 1898 denarium
270 1833 467 1917 censualem,
485 1829 622 1898 tercium
638 1830 680 1898 de
704 1830 833 1918 iudicio,
852 1828 1072 1898 molendinum
1090 1839 1121 1900 ct
1137 1834 1210 1898 bra·

79 1938 237 2004 satorium
249 1936 521 2005 iurabereditario
538 1937 758 2022 possidebunt
775 1937 931 2006 Omnibus
948 1945 1056 2006 autem
1072 1938 1211 2006 adhunc

79 2045 283 2112 locacioncm
301 2045 516 2131 uenientibus,
542 2063 735 2129 quocunque
767 2064 852 2112 anno
870 2047 923 2113 uel
940 2051 1085 2131 tempore
1102 2067 1210 2132 super·

77 2152 239 2240 uenerint,
257 2151 335 2218 XVI
361 2171 518 2220 annorum
536 2151 732 2220 contulimus
747 2151 929 2220 libertatem
943 2175 950 2238 ;
966 2155 1082 2237 quibus
1099 2156 1208 2242 exple·

77 2261 122 2326 tis
139 2258 278 2343 singulis
294 2259 388 2326 annis
409 2259 451 2326 de
466 2258 611 2343 quolibet
636 2279 749 2326 manso
775 2281 872 2327 vnum
899 2259 1055 2328 fertonem
1081 2264 1206 2332 usualis

75 2367 208 2449 argenti
224 2371 257 2434 ct
280 2365 423 2432 terrestri
450 2362 533 2452 (lgy)
559 2364 714 2452 ponderis
739 2366 772 2432 in
797 2366 1050 2434 Resurrectione
1074 2369 1206 2436 Domini

74 2473 207 2540 soluere
223 2475 425 2543 tenebuntur.
448 2474 600 2542 Preterca
615 2474 649 2540 in
666 2476 904 2544 uenacionibus
920 2482 953 2542 et
968 2475 1206 2564 piscacionibus

73 2580 217 2648 liberam
233 2581 376 2650 habeant
391 2581 587 2648 facultatem.
603 2583 686 2649 Item
703 2583 731 2650 si
746 2604 870 2670 aurum,
888 2585 941 2652 uel
956 2590 1137 2671 argentum,
1148 2593 1205 2652 aut

75 2687 144 2756 eris
162 2689 330 2756 metallum
344 2696 505 2776 repertum
518 2688 624 2770 fuerit,
640 2689 729 2775 ipsos
739 2693 917 2759 uolumusa
928 2692 1080 2778 porcione
1095 2713 1204 2760 corum

70 2815 140 2862 non
157 2795 283 2881 repelli.
299 2796 437 2864 Soltetos
452 2816 530 2864 nero
546 2815 619 2862 eum
646 2795 769 2866 Juratis
794 2798 942 2867 uolumus
958 2799 1067 2866 omnia
1082 2799 1204 2866 iudicia

69 2901 239 2988 indicare;
254 2903 302 2969 ita
317 2909 437 2987 tamen,
454 2909 489 2970 ut
504 2904 597 2970 nobis
614 2903 714 2972 nichil
740 2905 894 2992 depereat
908 2906 1013 2974 nostri
1030 2907 1120 2974 iuris.
1145 2908 1202 2974 Ec-

70 3009 177 3078 clesia
193 3011 374 3079 libertatem
389 3014 538 3082 uolumus
547 3031 729 3097 procurare,
746 3014 798 3080 cui
817 3013 920 3081 eciam
937 3033 1037 3082 unum
1052 3033 1200 3082 mansum

66 3118 211 3184 liberum
226 3139 285 3203 pro
302 3118 377 3186 dota
393 3118 527 3203 damus3
545 3120 723 3188 secundnm
738 3139 816 3188 vero
832 3141 979 3188 mansum
995 3141 1052 3205 pro
1068 3122 1200 3207 pascuis

65 3223 262 3291 anisrralium
278 3225 356 3292 nille
372 3225 585 3310 assignamus.
618 3225 663 3293 Vt
686 3234 793 3294 autem
810 3228 870 3293 hec
886 3227 994 3294 omnia
1008 3233 1079 3294 rata
1095 3233 1127 3296 ct
1142 3230 1200 3294 im-

65 3329 278 3398 mutabiliaa
302 3333 395 3400 nobis
419 3337 452 3398 et
483 3333 601 3400 nostris
632 3335 771 3419 posteris
802 3333 961 3404 inuiolata
979 3345 1198 3423 permaneant,

64 3445 256 3523 presentem
296 3439 451 3524 paginam
483 3439 632 3508 dedimus
664 3441 768 3508 nostri
808 3441 907 3527 sigilli
942 3443 1118 3510 munimine
1148 3463 1197 3510 ro·

63 3545 227 3612 lucratam.
245 3547 283 3614 ln
299 3547 390 3614 cuius
406 3547 508 3613 eciam
538 3548 672 3614 maioris
698 3549 859 3616 firmitatis
889 3548 1123 3636 plenitudinem
1140 3551 1194 3618 ho·

62 3651 265 3719 norabilium
296 3653 459 3738 uirorum,
477 3655 627 3740 Magistri
643 3655 759 3744 Jaoobi
782 3657 942 3743 Propositi
960 3655 1000 3724 dc
1023 3657 1133 3742 (lypis,
1164 3667 1197 3726 et

62 3757 191 3826 domini
206 3758 367 3827 lobannis
393 3760 529 3828 Abbatis
549 3760 590 3829 da
606 3760 728 3828 Ordine
745 3763 961 3848 cysterciensi
977 3765 1089 3850 sigilla
1114 3768 1195 3850 peti-

61 3865 174 3932 nimus
189 3865 416 3952 appendenda.
443 3869 526 3934 Acta
550 3876 626 3936 sunt
651 3870 711 3937 bec
735 3891 843 3940 coram
868 3873 992 3940 Juratis
1017 3876 1126 3957 Terre,
1144 3875 1195 3941 ll-

59 3975 140 4040 lone
157 3972 311 4042 uidelicet
326 3974 467 4058 Antiquo
483 3977 503 4043 J
508 3977 601 4044 udicc
628 3978 670 4044 de
686 3981 776 4064 Bela,
809 3986 841 4046 et
858 3979 1008 4048 Conrado
1024 3981 1093 4046 lilio
1111 3982 1192 4067 eys-

58 4078 121 4148 lari
139 4075 182 4147 de
212 4080 394 4148 Moinhardi
410 4083 520 4168 Uilla‚
553 4090 585 4148 et
610 4085 686 4170 alijs
719 4107 815 4171 quam
832 4085 990 4172 pluribus.
1022 4087 1143 4155 Datum
1159 4092 1192 4158 in

58 4188 224 4273 Lumpniz
256 4186 290 4255 in
313 4189 398 4256 festo
428 4190 574 4281 Pascha,
605 4213 692 4260 anno
723 4197 765 4262 ab
796 4194 1030 4266 Incarnacionc
1061 4198 1191 4268 Domini

55 4293 387 4362 wilcasinum.

57 4454 198 4520 (Ercdctie
211 4453 387 4524 btirbtrtydn
400 4463 509 4528 melyon
531 4465 636 4530 cgylsor
655 4462 748 4518 hirom
761 4468 861 4534 pccsdt
874 4489 887 4522 s
900 4470 1055 4525 ndrsncrint
1069 4474 1189 4525 ezcknalr

56 4544 208 4612 kozspstJ'a
222 4547 470 4618 aulo-vorcaslrga
482 4552 708 4618 selyemnsindron
718 4555 836 4624 fliggbtt‚
850 4561 883 4612 dc
897 4559 955 4616 mtr
967 4559 1136 4614 mindhdrorn
1149 4561 1186 4614 cl·

305 4643 415 4704 vesnctt,
430 4655 447 4693 a
460 4643 543 4696 budai
555 4639 605 4696 kir.
618 4643 741 4698 kamarai
754 4646 945 4720 lordlttrban.)

519 4803 733 4820 m
