3124 5158
645 1012 720 1081 161.

117 1215 174 1282 IV.
191 1215 308 1280 Ldazlri
325 1215 433 1298 kircily
459 1215 639 1298 maperhaiti
663 1237 684 1276 a
710 1180 810 1288 ludat
824 1213 1044 1300 kriptuluaaak
1060 1239 1141 1283 uzoa
1148 1221 1246 1304 java-

118 1325 174 1386 kat
191 1321 349 1406 trirpyazri
363 1321 586 1406 hatdrjrirciacit
595 1369 605 1400 ,
629 1322 776 1406 melyeket
803 1321 895 1407 Moya
921 1324 1105 1408 akirdlyat
1119 1325 1246 1391 tciraole-

155 1440 283 1494 mouture
297 1453 318 1493 α
336 1429 520 1512 ruyzilaaipeli
536 1429 828 1513 updrzazuirda'auk
841 1430 1087 1516 udomciapoaott.
1111 1435 1207 1502 1279.
1230 1469 1235 1480 ·

224 1624 399 1692 Ladialaus
428 1625 489 1691 Dei
522 1625 638 1709 grania
669 1625 854 1711 hungarie,
889 1628 1066 1715 Dalmatis,
1100 1631 1245 1716 (imanis,

117 1736 236 1818 Rama,
259 1731 392 1816 Seruis,
415 1731 573 1818 Gallicis,
596 1733 807 1821 mahomerie,
842 1733 995 1803 Cumanis
1026 1739 1248 1822 Bulgariequa

119 1843 190 1910 Rex
215 1840 364 1908 omnibus
390 1838 511 1910 Christi
538 1839 689 1906 fidelibus
714 1861 848 1926 presens
876 1843 1029 1930 seriptum
1054 1845 1247 1931 inspecturis

119 1951 261 2018 salutem
288 1950 321 2015 in
347 1949 486 2017 Domino
512 1949 748 2036 sempiternam.
772 1951 824 2018 Ad
842 1953 1066 2021 uniuersorum
1093 1952 1248 2020 noticiam

119 2057 235 2124 harum
259 2057 343 2125 serie
368 2058 517 2124 uolumus
534 2057 725 2142 peruenire,
760 2059 846 2142 quud
872 2079 984 2127 cursus
1003 2067 1160 2130 metarum
1177 2082 1249 2147 pos·

119 2165 300 2232 sessionum
317 2165 468 2230 Sororum
494 2165 535 2232 da
559 2166 673 2232 Insula
698 2167 842 2251 Virginis
862 2166 1128 2258 1(οἰΙοτίοοοΙςοῙ,
1152 2171 1249 2237 Poso-

120 2294 181 2357 ny,
213 2277 245 2337 et
270 2270 338 2336 alia
354 2271 435 2337 villa
460 2273 610 2359 Posony,
635 2272 750 2359 Ouiae,
776 2273 928 2360 Burhud,
953 2276 1085 2362 Raeusy
1104 2283 1136 2342 et
1152 2275 1247 2342 Belth

120 2385 311 2446 vocatarum
337 2381 370 2445 in
391 2379 553 2446 Comitatu
573 2379 770 2464 Symigiensi
787 2383 1016 2468 existunaium3
1041 2390 1074 2450 e't
1089 2383 1169 2451 ville
1185 2385 1247 2449 Ka·

122 2489 183 2556 suk
200 2489 412 2556 incomitata
429 2486 468 2553 de
485 2489 591 2556 Talna
608 2490 795 2573 existentis5
820 2511 858 2557 aa
883 2492 960 2560 ville
977 2492 1067 2576 Eths,
1084 2512 1142 2578 per
1157 2493 1249 2579 Mays

122 2599 227 2664 virum
254 2596 397 2664 nobilem
423 2594 613 2678 Magistrum
633 2597 889 2664 Tanarnieorum
906 2597 1036 2665 domina
1053 2599 1175 2682 Regina
1191 2597 1249 2662 ka-

123 2703 252 2771 rissime
278 2703 436 2770 consortis
462 2710 570 2768 nostre
597 2701 718 2770 eisdem
737 2704 906 2798 Sororibus
922 2705 1133 2789 collatarum,
1167 2706 1250 2772 siant

122 2815 154 2880 in
170 2811 354 2898 priuilegijs
378 2811 520 2897 Capituli
545 2811 705 2878 Bullensis
729 2813 872 2880 fidelium
891 2821 1073 2881 nostrorum
1089 2835 1149 2900 par
1165 2815 1248 2881 Mar·

123 2921 239 2989 aelium
257 2925 290 2986 et
306 2920 434 2992 Petrum
462 2919 614 3004 Comites,
639 2919 796 2987 officiales
813 2921 970 2987 dictarum
987 2921 1139 2988 Sororum
1155 2921 1250 2988 nobis

122 3025 276 3095 exhibitis
287 3025 442 3110 uidimus,
467 3028 528 3094 hue
543 3025 655 3095 urdine
671 3027 909 3112 distinguntur:
934 3028 1043 3096 Prima
1062 3036 1150 3098 meta
1166 3035 1250 3094 terre

123 3137 299 3220 Posony
317 3134 562 3220 inalpitaparte
581 3135 774 3203 occidentali
790 3137 883 3203 iuxta
899 3156 1053 3221 magnam
1069 3135 1169 3220 viam,
1186 3155 1251 3218 qna

123 3243 212 3310 venit
239 3243 281 3310 da
307 3242 473 3329 Symigio,
499 3244 552 3310 vhi
576 3250 651 3310 sunt
676 3251 740 3311 tres
767 3251 852 3312 mete
876 3251 979 3311 taurea
999 3243 1175 3327 angulares
1191 3246 1251 3309 sub

125 3351 214 3436 ligno
230 3351 294 3436 piri
314 3352 463 3435 agrestis,
487 3371 625 3436 quarum
650 3373 715 3420 vna
740 3359 873 3438 separat
889 3353 1005 3420 Camiti
1022 3349 1167 3422 Johanui
1183 3350 1250 3416 illio

124 3463 241 3546 Pouee,
267 3457 335 3526 alia
355 3458 528 3525 Lou'randu
547 3462 635 3526 Banu
653 3459 696 3526 aul
711 3461 825 3526 villam
842 3462 950 3545 Lapsa
966 3466 1125 3542 vocatam,
1150 3458 1252 3524 tenuia

125 3567 281 3653 llagistro
298 3567 390 3652 noys
406 3565 449 3632 ad
465 3567 577 3634 villam
589 3568 718 3654 Posony
728 3575 967 3653 nuncupatam
984 3567 1104 3634 abhinc
1115 3563 1252 3633 tendens

125 3698 183 3763 per
198 3673 334 3745 eandem
351 3673 438 3743 viam
455 3695 570 3760 parum
591 3675 634 3741 ad
650 3683 777 3761 partem
795 3675 1004 3759 orientalem,
1028 3673 1085 3741 vbi
1102 3680 1151 3740 ast
1167 3679 1253 3738 matu

127 3785 258 3869 antiqua
283 3789 316 3850 at
340 3783 406 3848 alia
431 3802 534 3867 ηοω
559 3782 677 3850 dehine
702 3783 795 3850 insuta
821 3779 957 3852 eandem
985 3780 1073 3848 viam
1098 3784 1252 3865 exparte

128 3891 394 3980 septemtrionaly
421 3890 527 3958 eundo
554 3912 668 3977 parum
685 3889 761 3958 sunt
777 3891 841 3958 due
858 3897 943 3957 meta
959 3889 1092 3972 antique
1109 3887 1255 3954 sitarcia

128 4021 227 4086 ηοω
252 3999 372 4066 deinde
388 4019 445 4082 per
463 3999 627 4083 quandam
641 3999 727 4066 viam
744 3999 850 4066 eundo
869 3997 913 4065 ad
930 4003 1056 4082 partem
1073 3996 1253 4082 septemtri-

58 4143 62 4148 ·
130 4109 254 4175 oualam
272 4115 347 4176 sunt
358 4113 435 4174 ueto
451 4114 537 4175 meta
553 4116 679 4176 veteres
708 4114 739 4174 et
754 4129 820 4174 vna
835 4127 940 4191 ηοω
975 4101 1093 4171 abinde
1117 4101 1256 4170 tendens

131 4213 170 4282 ad
184 4223 311 4303 partem
327 4215 623 4304 septemtrionalem
648 4216 816 4302 perueniat
834 4215 877 4281 ad
897 4213 1040 4299 quinqua
1055 4218 1159 4279 metas
1175 4210 1255 4276 anti-

132 4343 227 4413 quas,
251 4325 307 4394 vbi
334 4331 383 4392 est
408 4346 472 4394 vua
497 4329 585 4391 meta
612 4343 719 4408 ηοω
744 4323 861 4390 dehinc
882 4342 938 4410 per
956 4321 1092 4390 eandem
1109 4320 1196 4386 viam
1213 4317 1256 4384 ad

132 4439 265 4515 quatuor
279 4439 385 4500 metas
403 4431 573 4516 antiquas,
598 4433 651 4498 vbi
671 4452 737 4499 vna
752 4437 838 4498 meta
855 4438 906 4497 est
921 4449 1026 4510 ηοω
1052 4424 1170 4493 abhinc
1185 4443 1255 4509 pru·
1357 4427 1361 4436 '

133 4539 243 4608 cedens
260 4561 320 4629 per
336 4541 423 4605 viam
440 4539 620 4624 predictam
646 4539 678 4604 in
705 4557 826 4621 magna
851 4535 936 4604 silua
960 4533 1051 4602 vadit
1070 4531 1113 4600 ad
1128 4537 1260 4616 partenr

133 4647 425 4732 septemtrionalem
454 4664 511 4731 per
536 4646 657 4714 multas
683 4651 715 4712 et
740 4644 913 4711 continuas
934 4648 1037 4710 metas
1055 4638 1208 4720 antiquas
1225 4643 1257 4704 et

1031 4747 1096 4814 15*
1209 4801 1217 4812 .
