3080 5160
594 397 750 500 3-8]-

103 594 223 675 slonss,
240 593 512 663 eommunieiones
527 597 560 660 ot
574 590 781 678 tradiciones,
792 588 820 657 si
837 609 918 676 quas
934 589 1030 657 alieni
1042 589 1232 659 fecissemus

103 719 206 784 usque
224 699 320 769 modo
344 699 379 768 in
393 697 652 787 possessionibus
677 695 825 786 superius
841 696 1026 782 nominatis,
1053 703 1087 772 et
1103 695 1232 766 litteras

101 806 328 893 priuilegiales
353 795 410 876 vel
429 815 578 895 patentes
599 825 697 890 super
712 804 765 873 his
782 811 953 873 emanatas
969 804 1090 892 irritas,
1107 821 1230 892 cassas,

100 913 251 1000 friuolus,
259 915 380 983 viribus
389 917 520 1002 penitus
530 920 679 982 oarentes
688 913 886 983 authoritate
895 913 1100 1000 presenoium
1118 911 1152 978 in
1165 919 1232 980 toto

102 1022 199 1090 rolin
209 1029 301 1110 parte
317 1023 545 1108 deeementes;
563 1029 595 1090 et
609 1021 703 1108 siqui
718 1043 741 1090 a
755 1021 852 1090 modo
867 1022 902 1089 in
917 1029 1084 1109 posterum
1100 1022 1142 1090 do
1159 1039 1231 1108 pos·

107 1131 309 1200 sessionibus
331 1130 483 1218 predictis
503 1136 658 1216 tanquam
682 1135 792 1197 nostre
807 1129 980 1199 donaeioni
996 1129 1230 1218 pertinentibus

109 1237 176 1307 sibi
192 1235 263 1306 daii
275 1238 516 1325 *postulauerint
539 1257 667 1324 quoquo
687 1235 792 1323 modo,
809 1236 963 1306 similiter
976 1257 1018 1306 ex
1033 1255 1119 1304 nuno
1137 1243 1232 1324 prout

102 1365 144 1412 ex
160 1327 365 1430 suno‘vrgore
380 1352 502 1434 eareat,
516 1353 550 1414 et
565 1345 684 1437 nullius
700 1344 919 1413 sit'flrmilutis
939 1344 995 1413 r'el
1008 1341 1172 1412 momenti.
1189 1341 1233 1408 Vt

101 1459 213 1520 antem
236 1453 399 1538 presentis
423 1451 534 1540 scripti
559 1452 660 1521 series
683 1452 774 1519 nulla
799 1453 908 1519 valeat
922 1451 956 1517 in
973 1457 1156 1536 prosterum
1172 1449 1229 1515 im·

100 1562 310 1646 pugnaeione
325 1560 478 1646 oonuelli‚
503 1579 565 1628 neo
594 1579 654 1646 per
668 1559 811 1644 aliquem
837 1559 1028 1645 perturbari,
1045 1563 1228 1647 presentem

101 1667 321 1736 eoncessimus'
344 1669 510 1756 paginam,
532 1667 623 1736 uelut
645 1667 807 1754 originale
830 1667 929 1754 Regia
954 1667 1035 1737 Belo
1051 1676 1083 1736 et
1097 1687 1155 1754 per
1169 1685 1229 1734 nos

100 1775 337 1862 uondrmatum,
363 1776 527 1862 dupplieis
552 1775 655 1860 sigilli
671 1777 774 1845 nostri
790 1777 970 1844 munimine
992 1777 1230 1860 consignatum.

100 1881 223 1950 Datum
248 1904 308 1970 per
322 1903 439 1952 manns
455 1883 653 1953 venerabilis
669 1885 775 1970 patris
791 1883 916 1951 Thome
932 1883 994 1952 Dei
1019 1884 1132 1968 grauia
1144 1909 1146 1914 ’
1156 1881 1231 1968 lipi-

101 1989 196 2074 soopi
207 1989 401 2079 Wuuieusis,
411 1986 817 2077 aulenostro'Oanuellarij
836 1991 946 2059 dileuti
962 1995 994 2058 et
1009 1990 1115 2058 tidelis
1130 1990 1233 2058 nostri

100 2079 203 2163 anno*
223 2097 354 2166 Domini
389 2098 563 2166 millesimo
599 2097 819 2167 dueentesimo
849 2097 1072 2182 ootuagesimo
1102 2103 1227 2180 quarto,

100 2207 196 2270 sexto
207 2201 367 2272 kalendas
380 2203 579 2292 Deeembris,
591 2203 778 2274 Indiooione
787 2203 990 2291 dnodsoima,
1000 2203 1105 2290 Regni
1121 2210 1229 2271 autem

102 2309 211 2378 nostri
225 2311 579 2382 annodooimotoroiu.
1106 2303 1113 2316 ’

101 2574 219 2646 (Robert
231 2573 335 2645 Kdroly
348 2575 496 2656 kirtlynalr
511 2579 588 2631 1320.
603 2580 693 2642 „XIV.
707 2579 839 2634 kalendas
851 2581 1011 2634 Februarii*
1025 2584 1084 2645 „vir
1096 2583 1232 2638 disorstua

101 2675 129 2720 et
149 2670 282 2720 honestus
293 2668 425 2734 Magister
437 2667 615 2720 Ghanadinua
636 2669 794 2736 Prepositus
807 2669 931 2722 Eeelosie
943 2669 1129 2722 waradiensis
1142 2670 1233 2723 Seors-

101 2761 202 2823 tarius‚
223 2759 353 2811 Notarius
375 2763 404 2808 et
427 2756 522 2810 Comes
541 2757 654 2825 capelle
676 2764 777 2821 nostre,
803 2759 935 2812 Nioolaus
957 2755 1168 2825 stPangraoius
1181 2760 1231 2826 fllij

100 2847 252 2914 Pamffraeij
275 2849 308 2899 de
329 2863 428 2914 genere
442 2847 564 2912 Chanad,
576 2863 611 2900 ao
623 2847 642 2898 J
643 2847 764 2901 ohannes
777 2853 805 2900 et
816 2848 933 2900 Thomas
948 2847 1001 2914 filij
1013 2847 1159 2915 Laurenolj
1174 2853 1233 2902 dra·

100 2939 151 2990 tris
164 2937 329 2990 eorundem“
351 2933 475 2988 kdrdsero
496 2938 605 2990 lriadott
626 2935 787 3006 megeriisitd
809 2935 1002 3006 olminydbdl,
1018 2939 1093 3004 moly
1104 2941 1183 2990 1828.
1196 2942 1233 2993 11.

16 3027 17 3032 ’
101 3028 165 3078 idus
178 3025 258 3090 Juuij
272 3027 344 3080 alati
356 3041 449 3096 ngyan
461 3027 564 3079 Robert
574 3023 677 3094 Kdroly
690 3024 783 3096 liraly
796 3024 1049 3096 privilegiumknalr
1062 3025 1234 3104 ¹formijdloan

101 3115 184 3182 ujbdl
196 3116 342 3180 kiadatott,
355 3113 476 3184 Bathory
500 3114 596 3169 latrin
611 3117 724 3170 rota-ki
743 3115 859 3170 olativis
872 3114 975 3172 itirata
987 3119 1107 3180 azeriut;
1121 3133 1138 3170 a
1150 3117 1233 3170 budai

449 3201 884 3292 kirdlyikamaraileveltdrban.)
1157 3197 1161 3204 ¹
