3124 5158
868 935 942 1006 tto.

337 1142 428 1207 Mctte
450 1142 555 1206 aeder
579 1140 758 1226 angariati
782 1161 802 1203 a
827 1135 962 1224 delectit
980 1134 1186 1204 amanuncus
1205 1137 1299 1204 cera
1314 1137 1453 1223 haceca

626 1247 783 1333 tctrqyeae
806 1246 1046 1330 lactorjcirctcdt.
1072 1243 1171 1312 1279.

444 1439 626 1530 (matheus
650 1440 821 1509 Palatinus
846 1439 961 1507 Comes
987 1437 1216 1526 supruniensis
1236 1445 1268 1507 et
1282 1437 1383 1508 ludex
1398 1439 1450 1504 (ln-
1535 1445 1536 1470 l

337 1569 503 1617 manorum
525 1549 676 1622 omnibus
697 1546 818 1616 Christi
835 1544 986 1615 fidelibus
1002 1545 1208 1631 presentibus
1224 1553 1258 1613 et
1273 1545 1395 1626 futuris,
1415 1541 1450 1608 cd

336 1678 416 1744 quos
441 1663 608 1741 presentes
636 1656 743 1724 littere
762 1653 976 1742 ¹peruenerint
984 1703 995 1736 ,
1021 1652 1157 1720 sucum
1178 1651 1211 1718 in
1228 1653 1364 1722 Domino
1378 1671 1451 1720 sem-

335 1765 509 1852 piternam.
533 1764 647 1830 Solent
671 1762 782 1848 scripti
809 1760 989 1849 patrocinio
1015 1761 1216 1846 communiri,
1238 1780 1281 1828 ne
1296 1765 1451 1828 aetatem·

336 1872 464 1960 pcralia
480 1870 576 1938 simul
593 1890 665 1937 cum
681 1877 828 1956 tempore
847 1867 1039 1937 anemoria
1055 1867 1257 1936 dilabantur.-
1274 1868 1327 1934 Aul
1343 1868 1452 1934 vniuer

337 1999 446 2048 scrum
471 1977 572 2062 igitur
591 1977 744 2046 noticiam
763 1979 878 2044 harum
898 1977 981 2044 serie
997 1977 1145 2044 volumus
1162 1976 1355 2064 peruenire,
1377 1975 1451 2058 quod

336 2084 530 2154 accedentes
556 2083 600 2151 ad
625 2092 768 2155 nostram
787 2083 990 2172 presenciam
1005 2086 1103 2172 Vgra,
1128 2083 1286 2152 Nicolans
1302 2092 1335 2153 et
1349 2083 1451 2151 Valen-

336 2193 425 2260 tinus
443 2190 584 2259 Comites
609 2191 667 2278 filij
696 2193 830 2261 Comitis
846 2192 978 2280 Ipoliti,
1003 2190 1219 2258 exhibuerunt
1245 2192 1341 2259 nobis
1355 2196 1451 2277 paten-
1537 2201 1538 2204 ’

336 2305 385 2366 tes
417 2301 545 2366 litteras
576 2297 711 2366 Comitis
736 2299 829 2366 Pauli
848 2299 906 2384 filij
923 2300 1077 2385 Menneu,
1102 2299 1208 2367 Barch
1234 2307 1267 2367 et
1294 2298 1452 2367 Clementis

337 2407 470 2476 Comitis
485 2408 733 2476 vduornieorum
759 2409 800 2476 de
816 2407 973 2494 Symigio‚
1007 2407 1130 2495 sigillis
1162 2405 1339 2476 eorundem
1363 2403 1453 2472 corni·

337 2523 470 2602 gnatas,
496 2521 642 2602 petentes
660 2537 730 2583 cum
746 2515 928 2602 instancia,
954 2521 991 2582 ut
1014 2533 1074 2582 nos
1100 2515 1191 2602 ipsas
1213 2514 1341 2582 litteras
1357 2521 1451 2582 nostro

338 2625 508 2711 priuilegio
528 2625 708 2692 faceremus
727 2624 920 2694 confirmari.
954 2621 1098 2702 Quarum
1123 2623 1257 2708 quidem
1284 2623 1450 2690 litterarum

340 2739 432 2798 tenor
450 2731 479 2798 is
498 2738 564 2798 est:

444 2837 513 2906 Nos
533 2837 647 2906 Comes
667 2837 790 2907 Paulos
807 2837 893 2906 lilius
909 2836 1044 2906 Comitis
1060 2839 1196 2906 Menneu
1214 2841 1278 2907 stb.
1296 2835 1450 2924 (locetis-

338 2946 391 3013 nik
423 2967 444 3012 a
475 2946 529 3012 IV.
548 2947 663 3013 Liszltl
689 2944 848 3031 kirtlytcl
880 2949 915 3014 ts
940 2967 962 3014 a
985 2943 1137 3013 nidortol
1164 2943 1452 3033 Somogymegytbe

338 3050 586 3122 hattrrendenes
610 3055 721 3137 regett
743 3052 911 3120 kiknldott
935 3052 1154 3120 biatosolrnnk
1187 3073 1298 3138 ugyan
1327 3047 1453 3120 late-ki

337 3161 449 3248 lescle,
473 3161 559 3248 mcly
579 3159 749 3229 clrashatt
765 3181 804 3228 aa
818 3139 1003 3248 llrpladkori
1019 3141 1062 3246 le
1080 3158 1288 3248 Olrmtnyttr
1302 3161 1359 3228 1v.
1373 3157 1453 3225 lette·

337 3267 433 3336 tehen
452 3287 472 3332 a
491 3269 567 3337 213.
586 3263 712 3353 lapon.)

445 3373 514 3441 Nos
539 3373 637 3458 igitur
661 3374 754 3442 iustis
780 3375 991 3460 peticionibus
1008 3375 1185 3444 eorundem
1198 3377 1341 3444 filiorum
1356 3372 1454 3463 Ipcliti

340 3483 587 3566 acquiescentes
612 3481 776 3568 predictas
801 3483 928 3551 litteras
948 3484 990 3551 de
1008 3483 1108 3551 uerbo
1126 3483 1168 3552 ad
1186 3485 1320 3552 uerbum
1336 3501 1453 3571 presen-

340 3589 427 3657 tibus
460 3586 559 3656 inseri
587 3587 736 3656 iaciendo
765 3595 875 3657 nostro
906 3588 1077 3676 priuilegio
1103 3589 1238 3657 fecimus
1270 3587 1456 3659 communiri.

338 3701 378 3768 In
404 3695 495 3766 cuius
526 3696 574 3762 rei
598 3685 785 3765 memoriam
814 3696 1063 3782 firmitatemque
1088 3705 1279 3786 perpetuam
1305 3703 1457 3786 presentes

339 3803 556 3873 concessimus
575 3804 701 3872 litteras
718 3803 819 3890 sigilli
834 3805 936 3872 nostri
953 3805 1129 3874 munimine
1145 3808 1323 3876 roboratas
1347 3805 1456 3871 Daton

338 3913 425 3980 cirea
455 3909 573 3979 Thetin
604 3914 639 3977 in
671 3909 752 3980 sesto
781 3911 876 3981 Beati
901 3913 1017 3984 Jaccbi
1033 3913 1187 4000 Apostoli
1221 3933 1308 3981 anno
1337 3906 1457 3980 Domini

339 4020 383 4086 M⁰
400 4017 467 4086 00·
480 4015 586 4084 LXX⁰
602 4037 696 4086 nono.

338 4197 475 4260 (Ercdetie
489 4194 664 4264 hernosto,
677 4197 793 4265 melyriil
806 4214 824 4250 a
835 4195 919 4252 nidor
931 4197 1039 4267 pccstte
1053 4197 1232 4269 aoros-strga
1243 4195 1458 4267 sclyematintrou

428 4289 544 4355 ittggtttt,
563 4289 596 4340 ele
615 4285 673 4341 mir
686 4285 828 4350 lemtllctt
847 4305 864 4341 a
882 4305 1108 4344 nonsummum
1123 4287 1378 4352 lutairatttriban.)
