3138 5164
636 279 887 382 ncc-

147 472 321 563 imperium
338 455 456 546 habere
472 477 661 566 dinoscitur,
678 477 812 546 fuerunt
827 477 972 544 exhibita
1009 477 1191 568 priuilegia,
1221 483 1281 549 boc

149 585 398 671 expressissime
426 575 643 672 continencia}
666 594 819 654 contenta
842 587 989 673 ipsorum
1015 587 1222 656 intuentibus
1249 599 1281 656 et

149 701 300 762 tenores:
317 693 404 779 quod
418 694 530 782 populi
545 713 656 762 omues
672 693 817 763 uniuersi
844 702 877 760 ct
903 693 1034 780 singuli,
1052 697 1278 780 possessiones

147 807 181 865 et
197 803 276 870 ville
291 804 394 888 ipsius
410 802 533 870 Sancte
548 802 781 887 strigoniensis
797 801 954 890 Ecclesie,
971 800 1006 867 in
1030 802 1276 888 quibuscunque

150 909 256 992 Regni
271 909 373 977 nostri
389 911 539 996 partibus
569 910 737 978 constituti
768 929 825 976 seu
851 908 1030 994 constitute
1045 908 1122 998 sint,
1152 913 1280 979 nonnisi

151 1014 273 1082 Sancte
297 1015 527 1100 Strigonicusis
556 1015 699 1083 Ecclesia
729 1013 872 1101 Prolati,
903 1015 1101 1083 venerabilis
1127 1017 1281 1087 videlicet

151 1122 255 1206 patris
280 1123 383 1191 nostri
408 1124 530 1190 domini
546 1123 665 1191 Sancte
680 1119 912 1206 Strigouieusis
949 1120 1125 1211 (Ecclesia)
1148 1125 1281 1195 Arcbie·

150 1230 298 1318 piscopi,
332 1233 370 1298 in
397 1231 590 1314 quocunque
616 1229 744 1314 judicio
775 1230 870 1312 graui
900 1229 953 1298 uel
983 1229 1067 1319 leui,
1100 1252 1219 1317 magno
1243 1257 1282 1303 aa

150 1359 254 1422 paruo
279 1345 452 1406 tencantur
475 1347 607 1426 astare,
633 1337 684 1405 illi
713 1337 881 1424 videlicet,
899 1339 955 1422 qui
980 1339 1202 1423 possessiones
1232 1345 1280 1410 in·

150 1447 263 1512 colunt
286 1445 601 1532 archiepiscopales,
631 1452 663 1512 et
679 1464 809 1512 suorum
840 1445 1040 1532 propriorum
1065 1447 1280 1533 jobagiouum

149 1561 325 1620 censentur
348 1555 480 1622 uomiue
505 1572 563 1620 scu
588 1558 764 1638 vocantur;
790 1551 847 1638 aiij
875 1559 983 1620 autem
1005 1555 1200 1639 jobagioncs
1227 1559 1282 1624 bo-

152 1657 349 1727 uorabilibm
390 1663 530 1728 virorum
570 1659 705 1726 fratrum
746 1666 945 1746 nostrorum,
986 1659 1131 1728 eiusdem
1162 1663 1281 1732 Sancte

151 1765 387 1851 strigoniensis
417 1763 563 1835 Ecclesia
596 1767 757 1852 Prepesiti
782 1767 933 1836 videlicet
959 1774 991 1834 et
1017 1768 1178 1858 Capituli,
1211 1775 1281 1839 nul-

149 1873 216 1940 lius
246 1875 383 1942 alterius
401 1874 527 1968 Judicis
558 1874 661 1959 Regni
677 1875 797 1962 nostri,
829 1881 941 1960 utpote
965 1873 1098 1944 Comitis
1123 1879 1280 1970 Palatini,

150 1978 1278 2074 JudicisOurieantre,belalterius,quocunqueidemnomiueapel-

152 2089 249 2174 lctur,
266 2095 472 2176 preterquam
504 2089 607 2176 ipsius
632 2090 752 2156 Sancte
777 2088 1009 2172 Strigoniensis
1034 2093 1180 2161 Ecclesia
1207 2097 1281 2162 Pre-

152 2197 263 2282 positi,
280 2199 333 2265 vel
357 2197 485 2265 Judicis
509 2217 566 2266 seu
591 2197 724 2264 Comitis
750 2195 852 2280 ipsius
877 2197 1038 2284 Propositi
1063 2207 1096 2265 et
1122 2199 1277 2288 Capituli,

153 2305 210 2386 qui
225 2304 268 2369 ab
284 2304 406 2372 eisdem
421 2305 520 2372 luerit
535 2325 592 2389 pro
609 2313 753 2390 tempore
768 2306 973 2388 constitutus,
999 2307 1028 2373 si
1054 2327 1152 2375 cause
1179 2311 1300 2395 quali·-

153 2396 208 2477 tas
225 2411 286 2478 hoc
299 2413 444 2499 requirit,
469 2432 579 2480 coram
596 2413 661 2480 alio
677 2412 789 2480 forsan
810 2413 926 2479 citatus
940 2411 1064 2501 Judice,
1087 2417 1141 2482 uel
1156 2413 1280 2488 Gemite

154 2538 345 2604 comparere
361 2524 527 2605 teneatur;
543 2517 628 2602 quod
644 2517 746 2586 eciam
762 2519 823 2585 sub
848 2517 950 2602 Regie
965 2518 1207 2604 indignacionis
1233 2527 1281 2594 in·

153 2625 389 2693 terminacione
405 2625 553 2693 omnibus
569 2645 701 2710 prorsus
716 2627 820 2710 Regni
847 2625 948 2692 nostri
972 2625 1142 2696 Judicibus
1169 2641 1277 2700 aucto-

153 2735 254 2800 ritate
268 2735 472 2819 presencium
490 2732 673 2800 districcius
689 2733 897 2819 imperamus.
926 2733 1114 2802 Eximcntes
1130 2757 1194 2804 uua
1210 2759 1281 2806 cum

153 2843 303 2909 omnibus
319 2841 395 2928 alijs
411 2841 530 2908 Sancte
547 2841 776 2926 Strigoniensis
802 2841 948 2908 Ecclesia
972 2843 1233 2927 possessionibus
1250 2858 1282 2916 et

148 2949 383 3035 jobagionibus
399 2949 546 3017 omnibus
561 2957 629 3015 tam
645 2947 849 3033 generaliter,
866 2969 962 3033 quam
979 2951 1080 3018 eciam
1095 2953 1282 3038 specialiter

154 3057 273 3123 villam
287 3056 468 3142 Zebheleb‚
492 3055 634 3123 vicinam
667 3056 745 3124 ville
770 3057 890 3143 Nemty
916 3076 1018 3142 prope
1043 3057 1235 3142 Corponam,
1252 3068 1282 3125 ct

156 3271 248 3338 mitis
272 3271 451 3340 Huntcnsis
467 3270 637 3355 nominati,
658 3272 713 3353 qui
740 3291 797 3355 pro
815 3277 960 3354 tempore
976 3269 1016 3334 dc
1041 3270 1146 3353 Regia
1171 3275 1283 3355 gracia

155 3377 255 3445 fuerit
278 3379 490 3464 constitutus;
522 3379 577 3463 qui
595 3399 671 3445 vero
688 3377 828 3460 aliquem
839 3376 1052 3462 j0bagionum
1070 3367 1155 3442 dicte
1171 3380 1280 3446 Eccle-

156 3485 669 3568 sieStrigoniensisinZebbeleb
686 3491 937 3550 commorantem
964 3482 1114 3550 ciuilibus
1130 3490 1163 3548 et
1188 3507 1284 3570 pecu·

156 3592 393 3675 niurijscausis
403 3593 543 3658 uoluerit
552 3591 735 3676 conuenire,
752 3591 855 3657 eciam
873 3609 983 3657 coram
994 3589 1097 3673 ipsius
1110 3590 1282 3660 villevitli-

157 3720 207 3783 co,
218 3701 302 3766 sicut
317 3708 349 3766 et
365 3699 399 3764 iu
415 3699 492 3784 aliJs
509 3699 621 3765 liberis
637 3697 723 3765 villis
733 3696 838 3780 Regni
855 3695 965 3782 nostri,
975 3695 1003 3762 si
1013 3695 1163 3785 voluerit,
1174 3719 1285 3768 conse·

156 3811 214 3895 qui
230 3810 350 3894 poterit
361 3806 493 3892 justicie
507 3807 786 3892 complementum.
804 3803 988 3872 Scientibus
1005 3803 1161 3889 omnibus,
1179 3815 1210 3872 ct
1226 3829 1284 3893 pro

156 3919 251 3984 firmo
280 3915 474 3999 tenentibus,
504 3919 537 3980 et
551 3913 733 4001 specialiter
762 3919 872 3979 nostro
887 3911 1050 3977 Hunteusi
1066 3911 1198 3998 Sumite,
1217 3918 1281 3998 qui·

157 4037 287 4106 cunque
302 4023 437 4089 alternis
454 4022 580 4088 vicibus
595 4021 630 4086 iu
646 4021 846 4086 Huntcnsom
858 4015 1016 4085 Comitem
1026 4017 1067 4084 de
1077 4019 1284 4088 liberalitatis

156 4130 259 4214 Regia
274 4128 495 4200 munificencia¹
512 4127 610 4194 luerit
624 4126 827 4208 sublimatus,
855 4124 941 4207 quod
965 4123 1106 4190 maxime
1130 4123 1282 4209 indigna·
1334 4143 1340 4150 ·

156 4239 264 4306 cionis
280 4236 381 4320 Regie
397 4237 529 4302 aculeos
545 4254 603 4302 sue
620 4233 743 4301 desidie
760 4230 800 4300 dc
816 4238 922 4298 cetero
939 4231 1047 4321 culpa,
1072 4234 1190 4298 uostris
1216 4241 1282 4300 tarn
1370 4235 1374 4250 '

156 4343 317 4432 pijssimis
332 4343 531 4426 refragando
547 4339 717 4424 mandatis,
736 4339 885 4424 incurret,
895 4340 923 4406 si
939 4357 1032 4404 secus
1042 4344 1283 4425 presumpserit,
1354 4355 1356 4360 ·

157 4451 247 4536 quod
258 4471 323 4516 uon
334 4448 708 4534 credimusattemptare,
720 4451 752 4512 et
762 4444 907 4529 quitquid
919 4449 1032 4510 contra
1041 4441 1169 4510 eosdem
1180 4445 1283 4529 ipsius

158 4559 239 4627 ville
255 4559 309 4624 uel
326 4557 479 4625 villarum
491 4557 687 4645 jobagiouea
692 4552 874 4644 judicando
885 4552 974 4638 ipsos
990 4551 1123 4636 inuitos,
1135 4571 1207 4619 cum
1224 4574 1296 4630 erro·
