3126 5150
633 1093 661 1160 l.

72 1299 134 1364 IV.
160 1297 277 1362 Lu'ozlo
289 1297 398 1379 ticcttp
414 1296 589 1378 mcpcrbec'ta'
604 1296 626 1358 I
629 1294 661 1356 V.
678 1295 758 1358 Belo
773 1316 804 1358 ec
825 1293 859 1360 V.
871 1295 980 1360 Istvo‘u
996 1297 1211 1384 kirdlyolonuk
1321 1279 1323 1282 Ι

75 1409 185 1488 Balsa,
201 1403 305 1470 Gales
330 1407 360 1468 c's
378 1405 514 1488 Ropousa
538 1403 726 1488 helysepckct
750 1407 906 1490 tdrpyuzo
933 1409 1068 1472 rato-ta·
1083 1407 1211 1476 adomd·

211 1516 306 1600 aguit.
323 1513 391 1578 roob
407 1511 654 1599 selocccaba'ayoi
663 1513 783 1598 polpa'r
800 1516 956 1578 saccaro.
983 1517 1079 1582 1272.

119 1769 123 1774 ,
189 1710 369 1776 Latlizlaus
395 1709 457 1774 Dei
488 1708 603 1792 gracia
630 1707 818 1796 Hungaric,
850 1708 1031 1794 Dalmatae,
1063 1711 1211 1799 Croucie,

75 1821 196 1906 Rama,
213 1818 334 1905 Seruis,
353 1815 713 1903 Gallicic,bodomeric‚
724 1815 891 1905 Cumania,
907 1818 1128 1904 Bulgarieque
1144 1821 1213 1888 Rex

76 1925 247 1994 universis
263 1926 384 1994 Christi
402 1925 552 1993 fidelihus
572 1933 754 2012 presentem
777 1927 929 2012 paginam
945 1927 1142 2012 inspecturis
1160 1947 1210 1994 sa·

75 2037 184 2101 lutcm
203 2036 236 2100 in
254 2053 302 2120 eo,
330 2034 385 2117 qui
401 2034 547 2117 Regibus
565 2041 709 2100 eternam
728 2033 786 2100 dat
801 2036 950 2102 salutem.
973 2033 1025 2100 Ad
1042 2035 1210 2102 uniuerso-

77 2163 152 2208 rum
171 2143 327 2210 noticiam
353 2140 466 2209 harum
485 2142 569 2208 serie
596 2143 746 2208 nolumus
768 2144 949 2228 peruenire,
966 2142 1052 2226 quod
1069 2143 1212 2230 Wyllam

78 2251 163 2316 ciuis
192 2249 233 2316 dc
258 2249 370 2334 Bana,
398 2254 541 2314 nostram
568 2247 684 2314 adiens
711 2249 917 2334 presenciam
943 2249 1092 2318 exhibuit
1117 2252 1211 2321 nobis

78 2357 291 2443 priuilegium
317 2355 441 2422 domini
458 2354 619 2440 Stephani
643 2355 784 2424 illustris
804 2357 904 2442 Regis
929 2359 1097 2442 Hungarie
1122 2362 1212 2427 clare

80 2465 241 2532 memorie
257 2464 426 2530 karissimi
453 2464 556 2550 patris
573 2467 674 2531 nostri
701 2485 798 2551 supcr
814 2467 1064 2535 confirmacione
1079 2467 1212 2554 cmptio-

81 2575 132 2641 nis
151 2571 357 2657 quarundam
383 2569 538 2638 uillarum
564 2571 668 2660 Baka,
684 2571 796 2642 Guhcs
813 2581 845 2641 et
860 2575 997 2658 Bagana
1022 2583 1211 2644 uocatamm

83 2693 115 2751 et
131 2681 368 2770 pertinencium
394 2682 569 2748 earundem
585 2681 775 2769 confectum,
802 2690 917 2769 petens
943 2704 965 2750 a
984 2692 1097 2752 nostra
1112 2683 1214 2754 Celsi-

81 2791 197 2860 tndine
214 2811 287 2858 cum
304 2789 484 2871 instancia,
510 2795 546 2854 ut
566 2789 653 2858 idem
677 2789 884 2876 priuilegium
909 2793 1090 2880 ratificarc,
1117 2801 1150 2860 et
1165 2794 1213 2860 in·

83 2900 235 2968 nouando
251 2903 361 2966 nostro
382 2895 590 2981 dignaremur
611 2898 785 2984 priuilegio
803 2899 1004 2966 confirmare.
1027 2901 1128 2968 Cuius
1144 2902 1213 2985 qui-

82 3007 154 3074 elcm
172 3011 264 3074 tenor
280 3005 310 3072 is
327 3011 399 3070 est:

191 3114 376 3201 Stephanus
410 3113 473 3178 Dei
506 3111 616 3195 gracia
645 3112 814 3197 lluugarie
839 3115 901 3182 stb.
936 3113 1147 3199 (hbvcthczih
1172 3115 1211 3180 V.

84 3225 196 3290 lstvttn
213 3221 395 3307 kirtlynak
415 3219 550 3287 rato-ki
568 3221 742 3308 olrmtnya,
769 3222 850 3288 mint
869 3220 1001 3290 fentebb
1027 3222 1210 3306 gylljtcmt·

84 3331 198 3416 nyttnlr
213 3331 302 3398 VIll.
313 3349 399 3414 vagy
409 3329 438 3395 is
455 3348 476 3394 a
491 3327 642 3394 masodik
659 3327 784 3416 folyam
801 3327 872 3396 3-ilr
888 3330 1063 3396 kbtctehen
1079 3332 1155 3397 289.
1173 3331 1212 3417 l.)

192 3440 260 3505 Nos
277 3435 379 3520 igitur
394 3435 490 3501 iustis
506 3435 720 3520 peticionibus
737 3434 973 3522 dictiWyllam
990 3436 1214 3504 fauorabiliter

86 3545 243 3631 inclinati,
261 3544 296 3610 id
313 3539 398 3628 qnod
413 3545 447 3608 in
463 3541 630 3628 premissis
651 3545 755 3628 primo
772 3564 831 3627 per
846 3545 967 3627 Regem
983 3545 1097 3611 Bclam
1114 3566 1212 3612 auum

86 3659 248 3738 nostrum,
277 3657 311 3719 et
337 3649 465 3717 demum
490 3657 690 3736 perpetrem
715 3657 860 3719 nostrum
876 3652 937 3718 rite
954 3658 985 3719 et
1001 3652 1148 3737 legitime
1163 3653 1212 3720 fa-

19 3813 21 3844 z
87 3769 174 3828 ctum
190 3769 248 3848 est,
275 3761 311 3826 in
331 3759 393 3826 hac
418 3765 511 3844 parte
536 3765 642 3825 ratum
667 3758 828 3844 hahendo,
855 3759 977 3826 dictum
1003 3761 1211 3846 priuilegium

88 3871 189 3953 patris
203 3869 304 3936 nostri
333 3867 374 3932 (lc
392 3869 490 3934 uerbo
507 3863 550 3933 au
567 3866 701 3934 uerbum
717 3867 874 3934 inscrtum
899 3869 1104 3952 presentibus
1122 3869 1212 3936 duxi·

22 3989 24 4016 ¹
86 3996 160 4043 mus
184 3974 461 4060 confirmandum,
489 3972 649 4060 dupplicis
676 3977 778 4060 sigilli
803 3974 907 4042 nostri
927 3975 1105 4043 munimine
1120 3980 1212 4046 robo-

87 4083 199 4152 rando.
234 4087 359 4152 Datum
386 4103 445 4168 per
470 4103 586 4151 manus
603 4083 749 4168 Magistri
766 4083 892 4150 Nicolai
918 4085 1080 4170 Propositi
1105 4087 1215 4153 Eccle-

86 4191 136 4255 sie
153 4191 300 4262 Albensis
316 4195 554 4260 Trunssiluane
571 4193 646 4258 aule
662 4199 772 4261 nostre
788 4191 1089 4276 vicecancellarii,
1100 4192 1214 4262 dilecti

86 4307 120 4364 ct
150 4299 251 4367 fidelis
277 4303 391 4388 nostri,
420 4321 507 4368 anno
529 4299 699 4367 Dominicc
724 4300 969 4367 Incarnacionis
996 4297 1216 4366 M⁰CO⁰LXX⁰

85 4407 238 4496 secundo,
255 4410 360 4494 Regni
387 4417 495 4476 autem
521 4407 624 4474 nostri
650 4429 736 4476 anno
762 4406 878 4494 primo.
903 4406 1153 4474 Venerabilihus
1180 4411 1213 4476 in

84 4515 216 4582 Christo
240 4519 388 4600 patribus
415 4517 567 4603 Philippo
597 4516 815 4600 Strigonicnsi
844 4522 1063 4602 perpetuoque
1090 4513 1215 4583 Comitc

84 4623 153 4690 loci
174 4624 322 4712 eiusdem,
348 4625 513 4713 Stephano
530 4624 709 4710 Ooloccnsi,
737 4631 768 4692 et
784 4623 934 4692 Johanna
950 4623 1139 4710 spalatensi
1156 4625 1215 4689 Ar·

133 4761 235 4798 uosuu.
251 4763 329 4798 aruo.
347 4765 478 4799 uuuuuuuu
481 4763 504 4804 n.
523 4775 560 4786 -·
583 4755 617 4799 1⁷.
1036 4734 1051 4795 l
