3140 5150
625 319 786 422 —1-ae-

135 517 267 584 duabus
290 533 419 584 mareas
435 533 544 584 coram
559 515 655 585 nobis
679 517 800 604 partim
817 515 852 584 in
869 515 1015 602 denarijs
1035 514 1144 585 dando
1161 517 1274 586 decem

136 645 259 714 pensas
275 623 480 694 Viennenses
496 646 555 712 pro
572 625 719 711 qualibet
735 645 856 713 maroc,
873 627 993 712 partim
1009 624 1043 692 in
1059 625 1272 695 extimacione

138 734 305 818 condigna
320 735 447 804 soluere
463 732 654 803 debuissent
663 736 765 803 tribus
777 733 933 822 terminis,
949 731 1104 803 videlicet
1119 738 1153 802 iu
1169 735 1270 804 domi-

137 845 215 912 nica
229 843 358 931 Judica,
383 843 418 910 in
434 841 559 912 uetanis
575 844 795 932 Pentecostes,
813 850 846 913 et
862 843 898 910 in
916 845 1043 913 octauis
1058 841 1172 912 Sancti
1187 840 1272 907 Lau·
1374 891 1377 897 .

50 943 58 964 ⁸
140 953 244 1038 rcncij
262 958 498 1037 consequenter
514 954 727 1021 successiuis:
747 952 867 1040 hijdem
883 953 997 1041 populi
1016 951 1057 1019 dc
1076 936 1162 1022 villa
1175 949 1269 1018 Chol-

139 1061 209 1128 uuk
225 1059 342 1147 primo,
365 1060 510 1130 secundo
527 1067 559 1130 ct
575 1062 677 1129 tercio
693 1061 838 1130 terminis
863 1061 1021 1147 Magistro
1037 1060 1140 1128 Paulo
1156 1063 1189 1126 ct
1205 1057 1273 1126 suis
1374 1139 1382 1152 ι

139 1169 299 1237 fratribus
324 1170 513 1237 memoratis
539 1189 647 1238 coram
674 1171 766 1238 nobis
783 1169 951 1238 solueruut
975 1175 1077 1237 totam
1102 1167 1274 1256 pecuniam

141 1297 200 1362 per
216 1278 334 1345 seriem
352 1266 578 1364 pretaxatam
603 1297 684 1363 quos
709 1276 862 1346 videlicet
885 1277 1051 1346 uniuersos
1078 1277 1217 1364 populos
1234 1273 1274 1341 dc

140 1385 223 1452 villa
238 1385 401 1474 Oholnuk,
421 1386 620 1472 jobagiones
644 1405 789 1454 sororum
814 1385 856 1453 de
870 1385 985 1454 Insula
999 1387 1102 1453 Beate
1118 1383 1275 1470 Virginis,

140 1494 297 1578 Magister
312 1493 435 1560 Paulus
451 1501 484 1564 et
499 1494 618 1561 iratres
644 1492 789 1562 eiusdem
816 1494 973 1581 sepedicti
999 1491 1210 1562 reddiderunt
1231 1492 1272 1559 ab

139 1602 341 1687 inpeticiouc
358 1603 463 1688 ipsius
479 1621 577 1670 cause
593 1604 722 1688 penitus
744 1603 931 1689 expeditos;
957 1607 1177 1670 asummentes
1203 1619 1272 1668 eos·

140 1710 215 1776 dem
234 1709 372 1796 populos
398 1709 575 1778 defendere
607 1715 649 1780 ab
674 1711 822 1778 omnibus
847 1710 993 1796 quolibet
1017 1717 1161 1797 tempore
1187 1709 1274 1774 omni

141 1817 317 1886 occasione
332 1818 516 1904 postposita
531 1871 541 1907 ,
566 1839 633 1886 una
659 1839 731 1887 oum
756 1819 921 1885 innomine
937 1825 969 1885 ct
985 1816 1146 1884 adiutorio
1163 1815 1275 1882 Domi·

140 1925 209 1992 uici
224 1924 361 1993 Comitis
378 1923 419 1991 de
434 1925 643 2011 Wysagrad3
667 1929 724 2010 qni
749 1947 808 2012 pro
834 1947 869 1992 sc
889 1925 932 1992 ad
950 1925 1197 1993 asummcndum
1214 1924 1276 1990 hcc

142 2031 326 2100 Officialcm
345 2053 438 2100 snum
454 2035 630 2100 Martinam
646 2034 777 2102 nominc
802 2034 845 2100 ad
870 2055 931 2102 uos
947 2035 1091 2121 miserat,
1116 2034 1276 2120 cumipse

141 2142 258 2208 Petrus
274 2141 390 2210 Comes
406 2141 594 2210 interfectus
611 2165 676 2210 nna
693 2163 764 2210 oum
781 2144 918 2230 paruulo
937 2163 1007 2230 sno,
1023 2147 1059 2208 ut
1074 2143 1195 2210 dictum
1214 2151 1273 2228 cst,

142 2249 240 2316 luerit
256 2249 404 2317 seruiens
429 2249 592 2317 Dominici
617 2250 753 2318 Comitis
779 2251 937 2319 annotati.
961 2249 1147 2318 Deleudeut
1166 2258 1275 2318 tamen

144 2378 199 2424 eos
214 2407 224 2442 ,
250 2359 335 2424 siout
350 2366 567 2446 asumserunt,
586 2359 755 2428 laboribus
771 2359 914 2446 proprijs
930 2365 962 2425 ct
978 2358 1140 2444 expensis.
1156 2361 1275 2425 Datum

145 2465 176 2530 in
194 2471 312 2533 octana
329 2466 442 2534 Sancti
456 2466 628 2552 Laureucij
655 2489 741 2537 anuo
767 2467 878 2556 gracie
902 2465 1012 2565 Μ”ΟΟο
1032 2468 1273 2552 septuagesimo

146 2574 292 2660 septimo.

145 2755 282 2824 (Ersdetis
295 2754 468 2826 bdrlrtrtytn,
505 2758 634 2826 mslynck
655 2755 779 2824 paosstjo
803 2733 943 2822 alvsscctt,
962 2755 1077 2810 abudai
1090 2758 1141 2809 luir.
1154 2756 1277 2810 kamarai

621 2846 809 2918 leutitirbau.)

676 3455 751 3525 leo.

148 3655 179 3721 A
194 3657 379 3723 kereaatceclc
394 3657 565 3743 cuj-edocui
580 3657 805 3744 lcoaceaty‘ebek
823 3651 994 3728 Roborbaa
1009 3652 1078 3720 leod
1093 3650 1277 3718 aasabimok·

208 3767 275 3830 culo
291 3765 628 3852 bctdrazcbdlyozdodt
645 3767 801 3854 rcrpyczo
816 3761 1090 3849 bizcayadpleoclc.
1116 3762 1213 3826 1277.

256 3963 326 4031 Nos
344 3963 529 4032 Oouucntus
543 3962 694 4032 manum
713 3961 950 4030 cruciferorum
966 3961 1088 4027 Domus
1098 3953 1278 4040 Hospitalis

149 4068 189 4138 dc
204 4071 302 4139 Noua
317 4071 416 4140 Curia
432 4073 586 4140 memorie
602 4067 864 4140 commendantes
880 4066 1083 4136 notificamus
1093 4061 1210 4147 quibus
1222 4084 1277 4130 ex·

148 4178 239 4265 pedit
254 4181 435 4250 vniuersis:
459 4183 544 4268 quod
559 4185 687 4251 litteras
702 4178 824 4249 domini
840 4177 938 4264 Regis
965 4175 1137 4244 exhibente
1153 4171 1279 4240 Gemite

150 4279 260 4356 Ochus
277 4289 458 4376 recepimus
475 4291 687 4378 continentes,
712 4294 749 4356 ut
763 4286 925 4356 hominem
952 4290 1097 4351 nostrum
1112 4301 1174 4368 pro
1189 4281 1279 4347 testi·

149 4398 257 4464 monio
275 4398 482 4486 mitteremus,
505 4417 615 4466 eoram
631 4419 695 4484 quo
711 4396 818 4465 cheh
834 4395 876 4463 de
891 4391 1059 4462 Vruzthun
1084 4390 1180 4457 homo
1198 4389 1279 4456 eius·

150 4503 224 4572 dem
241 4505 365 4574 domiui
390 4509 490 4592 Regis
515 4507 680 4594 quandam
705 4497 896 4593 perticulam
918 4509 1002 4570 terre
1025 4499 1135 4566 Bobor
1153 4501 1279 4585 uocate,

133 4617 183 4688 iu
198 4617 345 4686 eiusdem
363 4616 506 4702 antiquis
522 4615 617 4686 metis
634 4623 667 4685 ct
682 4614 840 4702 terminis,
865 4632 973 4680 coram
998 4607 1127 4678 Abbate
1148 4603 1279 4674 Zaladi·
