3124 5158
592 313 751 417 —rag

106 511 252 581 mitatem
269 523 439 598 presentes
456 516 675 583 concessimus
691 516 818 582 litteras
834 513 997 601 dupplicis
1012 513 1113 600 sigilli
1130 513 1234 584 nostri

105 621 282 689 munimine
298 623 473 690 roboratas.
499 625 621 690 Datum
637 643 697 709 per
714 643 829 692 manus
845 622 977 690 discreti
996 624 1058 690 viri
1082 625 1233 707 Magistri

106 729 235 796 Nicolai
247 717 338 796 'aute
364 737 474 798 nostre
499 732 785 816 Viae-Cancellarij
815 730 926 799 dilecti
945 739 977 798 ct
993 732 1099 800 fidelis
1115 733 1236 818 nostri,

106 859 192 906 anno
208 839 342 906 Domini
361 840 533 909 millesimo
550 839 773 908 ducentesimo
792 841 1031 925 septuagesimo
1046 862 1151 925 nouo,
1176 843 1234 906 Re-

107 946 164 1030 gni
181 955 291 1014 autem
306 947 408 1014 nostri
428 967 513 1016 anno
530 955 655 1016 octauo.

109 1129 247 1194 (Eredatia
272 1125 456 1195 berhtrada,
484 1146 501 1182 a
522 1128 615 1196 pccsdt
635 1131 785 1196 slvesaett;
817 1145 835 1182 a
852 1132 967 1184 nemsetl
980 1130 1237 1184 mursumlrdzirat·

586 1216 741 1286 tarthan.)

550 1513 551 1518 r
567 1501 785 1519 ,ιιι-κ--ι-ιιὺ

638 1957 712 2026 163.
729 2017 733 2024 .

109 2155 174 2218 IV.
201 2157 317 2222 La‘azld
342 2158 516 2242 leirdlycok
541 2158 648 2221 Pereat
671 2164 750 2221 uectt
768 2157 886 2241 scilciet,
906 2159 937 2223 e'e
953 2157 1101 2243 dizonyos
1124 2183 1144 2221 c
1161 2158 1239 2222 Bot-

112 2269 234 2345 vc‘ayos
258 2267 310 2328 viz
334 2266 461 2330 melletti
485 2264 573 2328 erdtit
593 2267 746 2348 tdrpyazd
762 2266 943 2351 udorruicyc
953 2315 964 2346 ,
987 2264 1127 2332 Herbold
1144 2288 1240 2330 corrues
1295 2309 1298 2318 ·

434 2373 556 2438 Oslauk
566 2373 620 2454 flu
635 2377 793 2438 scdmdru.
818 2374 916 2440 1279.

222 2567 425 2654 (Lladizlaus
450 2569 512 2634 Dei
539 2568 651 2651 gracia
671 2568 857 2658 Hungarie,
881 2569 1070 2652 Dalmacie,
1096 2570 1239 2657 Oroaoie,

110 2679 223 2760 Rama,
239 2675 364 2758 seroie,
382 2675 532 2760 Gallicie,
550 2677 752 2764 Lodomerie,
770 2677 928 2744 Cumanis
942 2677 1161 2763 Bulgariequc
1170 2681 1241 2746 Rex

110 2783 262 2850 omnibus
280 2781 400 2850 Christi
416 2783 565 2851 fidelibus
581 2792 761 2871 presentem
777 2787 931 2870 paginam
947 2784 1140 2871 inspecturis
1148 2789 1242 2865 salu·

109 2900 175 2957 tem
203 2893 237 2956 in
263 2891 405 2956 omniurn
430 2893 604 2960 saluatore.
637 2891 690 2959 Ad
717 2894 941 2959 uniuersorum
965 2893 1115 2959 noticiam
1133 2898 1242 2959 tencre

112 2999 321 3084 presencium
338 3001 484 3067 uolumus
500 3002 689 3084 peruenire,
712 3001 798 3085 quod
817 3001 932 3068 Comes
952 3000 1139 3068 Herbordus
1155 3000 1242 3066 iilius

112 3106 173 3173 Osl
201 3106 243 3172 dc
269 3125 390 3189 genero
417 3107 475 3173 Osl
495 3107 539 3172 ad
554 3115 701 3174 nostram
717 3108 876 3175 accedens
892 3107 1095 3194 presenciam
1112 3127 1133 3172 a
1150 3106 1243 3172 nobis

112 3213 353 3281 instantissime
381 3213 597 3298 supplicando
613 3216 800 3301 postulauit,
824 3223 858 3283 vt
875 3217 1039 3300 quandam
1055 3222 1174 3281 terram
1191 3235 1243 3280 ca·

111 3323 173 3388 stri
199 3305 304 3388 nostri
329 3321 560 3405 Supruniensis
580 3321 692 3390 Percel
711 3321 798 3409 (igy)
814 3331 974 3408 uocatam,
996 3341 1143 3406 vacuam,
1159 3321 1244 3388 sicut

113 3430 218 3515 dixit,
257 3435 289 3494 et
315 3429 477 3511 quandam
502 3429 619 3496 siluam
645 3437 790 3496 nostram
817 3431 972 3513 Regalem
993 3429 1082 3496 circa
1101 3435 1242 3496 castrum

112 3539 220 3623 ipsius
238 3535 370 3604 Comitis
387 3537 558 3626 Herbordy
573 3537 789 3625 adiacentem,
809 3537 1114 3624 quodhabetprope
1125 3555 1244 3618 aquam

114 3647 292 3730 Balomos,
318 3653 352 3712 et
374 3645 540 3730 quoddam
565 3645 663 3714 senile
688 3645 837 3714 similiter
862 3645 905 3712 ad
925 3653 1068 3713 castrum
1087 3645 1243 3732 Supruni·

115 3771 195 3822 ense
221 3754 387 3840 pertinens
412 3753 446 3821 in
467 3761 553 3822 terra
572 3755 672 3822 Kezel
689 3755 830 3822 existens
847 3753 1063 3849 Kuzepkerek
1080 3771 1245 3836 nuncupa-

115 3873 207 3947 tum,
249 3862 356 3930 eidem
373 3861 413 3929 de
429 3863 630 3948 benignitate
650 3864 753 3948 Regia
769 3861 848 3929 dare
874 3869 906 3929 et
932 3861 1079 3928 conferre
1095 3860 1245 3942 dignare·

116 3995 198 4042 mur.
224 3973 294 4039 Nos
319 3971 417 4056 igitur
442 3971 654 4039 consideratis
680 3969 829 4056 seruicijs
846 3976 878 4036 et
893 3967 1108 4036 fidelitatibus
1124 3965 1246 4050 prefati

116 4081 254 4149 Comitis
272 4081 464 4168 Herbordy,
503 4080 559 4164 qui
584 4079 722 4164 primum
748 4079 878 4146 domino
904 4077 987 4144 Bele
1000 4096 1062 4142 auo
1076 4081 1196 4162 nostre,
1214 4081 1246 4142 ct

114 4191 286 4276 Stephano
312 4173 398 4273 patri
425 4195 535 4255 nostro
559 4188 763 4275 karissimis,
787 4187 972 4254 Illustribus
998 4185 1140 4270 Regibus
1156 4185 1246 4251 Hun-

116 4298 212 4383 garie
228 4294 372 4364 felicium
390 4297 653 4364 recordaciouum
664 4349 673 4382 ,
714 4303 744 4361 et
771 4295 898 4362 rismum
925 4295 1018 4361 uobis
1044 4295 1076 4360 in
1097 4293 1247 4361 omnibus

116 4405 388 4492 expedicionibus
414 4406 519 4488 Regni
540 4406 640 4470 nostri
659 4404 799 4476 fideliter,
809 4401 969 4488 impendit
985 4409 1017 4467 et
1034 4401 1160 4482 deuote,
1177 4418 1246 4480 pre·

115 4513 221 4581 iatam
254 4505 372 4581 terram
399 4515 512 4580 Percel
539 4511 625 4599 (igy)
650 4513 682 4578 iu
711 4513 832 4580 eisdem
857 4511 951 4576 metis
978 4517 1010 4576 et
1025 4508 1189 4588 terminis,
1213 4505 1247 4572 in

115 4625 236 4708 quibus
263 4623 384 4691 dictum
411 4631 552 4690 castrum
571 4621 675 4689 tenuit
701 4628 733 4689 et
758 4619 922 4708 possedit,
947 4626 979 4684 ct
1004 4619 1111 4706 ipsam
1129 4613 1245 4684 siluam
