3118 5158
799 279 959 378 —eg—

316 474 386 540 nois
411 479 444 541 et
468 471 594 554 vicinis,
621 476 653 537 et
678 473 769 539 nullo
795 473 1033 542 contradictore
1063 481 1244 560 apparente
1274 475 1389 541 statuit
1415 482 1449 540 et
1549 543 1550 548 ,

315 579 500 664 assignarit
524 577 689 645 sororibus
706 577 746 645 dc
761 579 874 649 Insula
889 582 992 648 Beate
1009 581 1153 665 Virginis
1169 579 1355 668 antedictis,
1382 585 1449 649 sal·
1549 565 1550 572 ἵ

316 687 367 754 uis
383 694 491 754 amen
515 685 638 752 iuribus
654 687 784 772 nostris,
807 688 961 756 videlicet
979 695 1076 773 terra,
1100 687 1218 774 teneto,
1235 688 1316 756 locis
1334 691 1446 756 vinea·

316 814 387 860 rum
404 799 437 860 ct
452 794 625 878 curiarum,
643 810 706 875 que
721 792 842 862 ibidem
859 797 1023 864 babemus.
1045 798 1166 866 Datum
1181 796 1215 861 in
1230 795 1316 863 festo
1332 797 1446 864 Sancti

316 900 431 967 Jacobi
447 899 698 996 Apostolilanno
714 901 845 969 Domini
862 901 1082 972 M⁰CC⁰LXX⁰
1097 909 1223 987 quarto.

316 1081 452 1145 (Etodotie
466 1077 638 1150 biirlrdrtydn,
661 1099 679 1134 a
692 1083 812 1134 kivillrdl
835 1081 887 1134 oda
909 1088 1032 1148 nyomott
1054 1081 1147 1150 pecsdt
1168 1085 1307 1145 elrosactt,
1332 1083 1448 1136 abudai

316 1169 367 1221 kir.
380 1169 504 1220 kamarai
526 1167 704 1224 lovelttirban.
730 1173 786 1224 Sol<
799 1170 912 1224 hibtval
931 1173 1034 1225 kiadva
1045 1173 1142 1225 Knana
1165 1171 1233 1225 altal
1250 1173 1367 1238 Magyar
1380 1173 1448 1224 Sion

316 1261 367 1310 111.
391 1260 448 1310 kot.
462 1262 522 1312 224.
537 1261 554 1311 l.
574 1258 740 1328 Akirdlynd
760 1259 1001 1328 adomdnylersldt
1022 1259 1081 1316 llud
1101 1260 1227 1328 Fejtmtl
1240 1263 1307 1315 Cod.
1322 1264 1399 1331 Dipl.
1412 1263 1448 1315 V.

774 1353 801 1404 n.
815 1355 842 1404 a.
856 1369 878 1404 r.
892 1355 953 1405 aar.
967 1349 998 1420 1.)

775 1597 986 1610 m

853 1995 909 2062 tl.

318 2190 366 2257 Aa
381 2196 564 2278 eaampomi
587 2195 811 2280 triptolemeo
835 2193 1100 2281 biaoayadplcoela
1109 2245 1119 2276 ,
1134 2198 1217 2282 kopp
1233 2198 1327 2261 Moto
1338 2209 1448 2262 morter

317 2303 499 2386 caterpam-i
523 2303 709 2366 drkaaonok
738 2327 759 2366 u
784 2304 1048 2389 taocmtooptcz
1073 2307 1195 2370 turtozd
1218 2304 1448 2391 Bardagf'o'ldet

317 2430 356 2470 aa
371 2413 552 2494 esaterpami
575 2411 809 2475 tel-erzteetto't
832 2411 965 2492 decedo,
990 2411 1072 2476 Both
1095 2411 1449 2498 concojobta'pyoioat

672 2516 751 2601 adju
767 2516 979 2582 amentata.
999 2517 1095 2584 12⁷4.

426 2727 495 2796 Nos
512 2727 550 2795 G.
575 2726 762 2813 Propositus
787 2735 819 2794 et
835 2727 1019 2812 Capitulum
1045 2727 1194 2797 Ecclesia
1208 2730 1449 2815 strigoniensis

319 2837 539 2922 significamus
557 2836 673 2920 quibus
690 2833 824 2922 expedit
839 2837 1009 2922 uniuersis,
1024 2837 1109 2920 quod
1124 2837 1281 2922 Magister
1295 2840 1450 2907 lllathens

319 2945 434 3013 Custos
459 2943 606 3012 Ecclesie
630 2949 739 3011 nostre
767 2943 894 3010 litteras
926 2943 1033 3011 fratris
1058 2943 1149 3010 Petri
1173 2947 1380 3032 Preooptoris
1406 2949 1451 3015 de

318 3054 464 3140 anula,
483 3053 522 3117 do
538 3051 697 3118 Tulmach
715 3059 746 3118 et
761 3051 803 3118 de
821 3052 920 3118 Zirak
936 3051 1080 3121 exhibuit
1096 3053 1210 3140 nobis,
1230 3055 1449 3143 continentes,

318 3161 404 3244 quod
429 3162 456 3227 si
482 3161 554 3244 ipae
580 3164 613 3224 et
637 3159 719 3228 socii
744 3160 795 3225 sui
821 3158 980 3228 Cruoiferi
1005 3161 1126 3226 Domus
1153 3159 1310 3246 Capitalis
1327 3163 1453 3229 Sancte

320 3268 433 3337 Crucis
452 3268 493 3334 de
509 3266 673 3353 Strigonio
697 3267 861 3354 debitum,
887 3268 956 3335 siue
981 3289 1111 3336 censum
1138 3271 1233 3336 trium
1259 3287 1454 3336 marcarum

321 3376 402 3442 liniti
419 3374 547 3458 argenti
562 3397 621 3460 pro
639 3375 795 3461 pensione
811 3382 904 3463 terro,
928 3375 1034 3442 Beren
1050 3381 1176 3463 uocate,
1198 3376 1242 3442 ad
1258 3377 1454 3444 Custodiam

318 3485 462 3550 Ecclesia
477 3481 709 3566 Strigoniensis
735 3483 942 3568 pertinentia,
971 3483 1003 3548 in
1021 3483 1165 3550 terminis
1191 3483 1371 3568 assignatis
1393 3507 1456 3551 an-

318 3589 443 3656 nuatim
469 3610 533 3656 non
550 3590 733 3675 soluerent;
757 3598 876 3658 extunc
901 3591 1101 3660 incurrerent
1126 3591 1240 3678 duppli
1265 3611 1396 3679 penam,
1420 3601 1457 3660 et

318 3695 546 3764 nichilominus
563 3697 715 3764 caderent
736 3719 755 3764 a
772 3699 939 3766 locucionc
957 3707 1040 3766 terre
1057 3697 1244 3786 supradicte
1260 3699 1332 3784 ipso
1348 3700 1458 3768 sacto.

318 3805 438 3872 Verum
455 3805 531 3888 quia
547 3803 652 3871 dictus
669 3803 769 3871 frater
784 3806 901 3872 Petrus
913 3807 1086 3890 Preceptor
1102 3813 1135 3872 et
1148 3803 1304 3873 Cruciferi
1321 3807 1461 3874 Domus

320 3911 477 3998 Capitalis
506 3911 650 3997 predicte
674 3911 859 3980 solucionea
884 3913 1013 3980 debitas
1038 3913 1072 3978 in
1097 3911 1244 3980 terminis
1268 3911 1461 3996 assignatis

317 4019 425 4087 lacere
450 4019 646 4104 omiserunt,
678 4019 761 4086 sicut
786 4019 932 4106 prefatus
960 4021 1117 4104 Magister
1142 4021 1184 4086 M.
1211 4019 1328 4086 Custos
1352 4023 1462 4090 nobis

317 4127 420 4213 dixit3
445 4125 530 4193 idem
546 4128 661 4195 Custos
687 4126 807 4196 dietam
823 4132 942 4198 terram
960 4130 1064 4196 Beren
1082 4127 1250 4196 reuocauit
1275 4133 1308 4194 et
1323 4133 1464 4217 recepit

318 4235 360 4300 ab
378 4233 520 4322 eisdem,
545 4242 577 4302 et
603 4225 750 4320 loquauit
775 4235 913 4304 eandem
933 4236 1167 4320 jobagionibus
1188 4233 1272 4302 Both
1292 4233 1463 4325 Comitis3

317 4340 470 4409 videlicet
486 4342 597 4409 Cunch
622 4343 772 4410 Stiriensi
799 4351 830 4410 et
849 4345 944 4411 alteri
962 4344 1085 4429 Cunch,
1109 4344 1164 4428 qui
1189 4339 1300 4409 vendit
1324 4342 1464 4432 uinum,

317 4447 457 4515 Albrech
482 4449 593 4516 Cunch
620 4450 686 4517 lilio
711 4449 809 4538 Snap,
836 4449 1008 4518 Fredcrico
1028 4451 1095 4518 filio
1120 4451 1310 4534 Beringuer,
1333 4450 1466 4522 Hench

318 4557 460 4640 Vngaro,
483 4557 632 4645 Lipoldo‚
655 4557 810 4644 Wigman
824 4557 944 4645 villico,
968 4557 1129 4645 Rodolph‚
1147 4558 1276 4643 Vrnicc,
1301 4555 1467 4629 Wakulk
