3126 5150
611 881 662 950 18.

75 1081 128 1146 IV.
147 1081 264 1146 Ldazld
277 1079 387 1165 ktruly
402 1082 579 1165 moperdsr'tr'
600 1077 634 1144 V.
651 1079 826 1144 Irludortak
844 1080 978 1146 1271-th
1002 1082 1205 1147 nenorosus

257 1187 327 1251 rull
343 1188 519 1271 uuamepyeu'
535 1186 732 1271 udrjobbriqy
747 1190 904 1252 eadmu‘ra.
930 1190 1027 1254 1273.

183 1399 358 1468 Ladinlaus
373 1349 375 1354 V
388 1397 451 1468 Dei
483 1400 598 1484 grania
629 1397 807 1487 Hungarie,
838 1399 1029 1488 Dalmaoie,
1060 1399 1204 1486 Oroaeie,
1334 1387 1341 1396 ’

80 1509 186 1593 Rama,
200 1509 323 1594 Seruis,
340 1505 493 1590 Galilaia,
511 1507 709 1591 Lodomerie‚
727 1505 884 1573 Cumania
899 1507 1120 1593 Bulgarieque
1135 1510 1204 1574 Rex
1314 1535 1316 1540 ·

81 1617 227 1682 omuibus
246 1622 315 1681 tam
331 1615 547 1700 presentibus,
573 1635 669 1700 quam
686 1614 804 1682 futuris
829 1622 997 1701 presentes
1013 1615 1141 1682 litteras
1157 1616 1203 1682 in·
1321 1639 1326 1652 ·

82 1722 238 1808 speetun's
258 1721 396 1790 salutem
412 1723 446 1788 iu
463 1723 604 1790 omnium
625 1724 798 1792 saluatore.
822 1725 865 1790 Vt
880 1720 974 1790 iustis
990 1720 1206 1808 petioionibus

85 1829 198 1898 viuuu
228 1829 485 1916 prefulgenoinm
510 1830 620 1898 mundi
645 1831 812 1916 Principes
843 1850 1012 1898 assensum
1043 1833 1207 1916 prebeant,

84 1935 268 2020 benignitas
284 1939 412 2024 suadet,
429 1939 518 2006 raoio
532 1939 747 2024 postulat,jus
763 1937 906 2023 requirit,
924 1937 1092 2022 presertim
1109 1959 1207 2020 quum

84 2041 262 2126 petenoium
272 2049 350 2112 vota
359 2045 464 2130 pietas
479 2045 626 2130 adjuuat,
639 2052 671 2112 et
681 2045 802 2113 veritas
813 2065 877 2110 non
888 2043 1049 2127 relinquit.
1065 2045 1207 2112 Proinde

85 2149 125 2214 ud
150 2151 375 2218 uniuersorum
399 2157 468 2217 tam
495 2153 707 2238 presencium,
734 2171 831 2235 quam
857 2147 1034 2216 futurorum
1055 2149 1207 2218 noticiam

85 2253 195 2323 barum
206 2257 289 2324 serie
299 2260 448 2325 volumus
461 2259 640 2346 peruenire,
652 2259 736 2343 quod
745 2257 840 2325 Paris
856 2258 944 2324 filius
955 2257 1059 2342 Bana,
1068 2259 1208 2326 Jaoobus

86 2371 115 2427 et
130 2363 270 2430 Michael
285 2363 343 2450 filij
360 2367 511 2450 Bolosoy,
533 2389 572 2433 ao
588 2367 788 2432 Laurenoius
804 2366 890 2432 filius
904 2365 1013 2431 Leuoa
1028 2364 1070 2429 de
1087 2383 1208 2448 genere

85 2467 186 2536 Heren
207 2471 407 2554 adnostram
426 2473 620 2538 aecedentes
636 2471 849 2559 presenciam,
875 2470 1090 2537 exhibuerunt
1115 2471 1210 2537 nobis

85 2575 288 2660 priuilegium
312 2577 433 2644 domini
450 2578 604 2664 Stephani
626 2578 744 2662 Inolyti
765 2579 862 2663 Regis
888 2577 977 2644 olere
995 2577 1148 2646 memorie
1167 2615 1204 2624 —-

87 2719 122 2727 -
142 2721 185 2730 —
201 2683 304 2768 patris
319 2685 434 2769 nostri,
459 2706 555 2770 super
571 2705 679 2752 eorum
698 2685 919 2752 translaaione
938 2683 979 2750 de
989 2684 1208 2770 jobagionatu

11 2851 12 2856 ,
87 2789 190 2856 Castri
206 2788 250 2854 ad
266 2789 405 2857 nobiles.
431 2791 531 2857 Cuius
547 2797 637 2857 tenor
653 2792 729 2858 talis
746 2798 795 2858 est
812 2815 820 2855 :

191 2894 375 2980 Stephanus
391 2898 432 2962 D.
448 2917 496 2980 gr.
513 2897 681 2980 Hungarie
697 2897 759 2964 stb.
774 2898 844 2962 Rex
860 2899 923 2964 stb.
941 2893 1154 2982 (luttretkezik
1170 2897 1209 2962 V.

87 3003 196 3068 lstvdu
227 3001 403 3088 kirtlyuak
433 3003 793 3094 1271-iki0kmonya‚
825 3003 907 3068 rnint
932 3003 1211 3086 gydjtemeuyltnlr

86 3107 224 3192 VIII-ik,
241 3109 358 3192 vagyis
375 3130 395 3173 a
411 3106 563 3175 masodik
579 3107 698 3194 lolyam
716 3107 787 3174 3-ik
802 3107 976 3174 noteteben
993 3108 1069 3174 338.
1085 3105 1120 3194 l.)

192 3213 261 3281 Nos
281 3212 381 3298 igitur
406 3212 537 3281 eosdem
563 3215 713 3282 Paridem
741 3221 772 3279 et
791 3215 949 3282 Jaeobum
974 3213 1055 3278 filios
1071 3213 1212 3298 Bolosoy

89 3319 292 3386 attendentes
325 3325 419 3404 aptos
444 3340 517 3387 esse
542 3320 586 3387 ad
609 3320 797 3402 obsequium
823 3319 1005 3386 Maiestatis
1031 3319 1152 3404 Regia,
1179 3320 1214 3383 in

90 3426 340 3508 memoriamque
355 3433 558 3510 reuocantes,
582 3426 725 3508 qualiter
749 3423 847 3511 ijdem
863 3427 922 3494 sub
938 3425 1060 3492 vexillo
1077 3423 1214 3491 Amadei

89 3541 162 3598 tuna
179 3531 316 3598 Comitis
332 3531 439 3598 (lustri
455 3532 565 3598 Ferrei
591 3534 623 3598 in
649 3530 881 3599 deuastaoioue
897 3531 1040 3598 Morauie
1058 3540 1090 3598 et
1106 3532 1228 3617 Styrier

91 3649 215 3724 gratum
240 3641 334 3708 nobis
352 3639 564 3707 exhibuerunt
583 3639 784 3725 famulatum,
805 3646 1010 3724 prenotatam
1025 3639 1214 3706 translacio·

90 3767 160 3814 uem
178 3784 216 3794 --
238 3783 276 3793 -
305 3753 431 3832 patrem
457 3753 602 3814 nostrum
628 3745 929 3812 commendabiliter
954 3744 1086 3830 laetam,
1111 3751 1215 3812 ratam

21 3851 22 3866 ¹
90 3852 246 3921 habentes
262 3853 386 3936 pariter
402 3857 434 3919 et
450 3859 627 3938 acceptam,
651 3853 756 3938 ipsum
772 3851 981 3936 priuilegium
1000 3851 1041 3918 de
1057 3853 1156 3918 uerbo
1173 3852 1216 3916 ud

92 3961 224 4026 uerbum
250 3959 405 4028 insertum
437 3959 642 4045 presentibus
676 3961 900 4026 confirmamus
908 4011 918 4045 ,
953 3955 1092 4043 duplicis
1116 3957 1219 4039 sigilli

90 4067 192 4134 nostri
221 4065 398 4135 munimine
422 4065 627 4150 roborand03
651 4066 700 4130 ita
718 4073 753 4132 vt
777 4083 912 4150 presens
938 4065 1144 4131 eonfirmaoio
1160 4084 1217 4130 seu

93 4171 243 4240 innouate
268 4174 430 4241 libertatis
455 4172 621 4240 consessio
645 4171 763 4258 prioris
784 4171 1013 4238 translacionis
1028 4178 1217 4256 perpetuum

92 4279 133 4345 sit
164 4279 339 4347 munimen.
377 4281 497 4346 Datum
528 4297 587 4364 per
618 4299 732 4346 manus
764 4277 910 4345 eiusdem
943 4277 1092 4360 Magistri
1117 4281 1218 4344 Bene-

94 4385 173 4452 dioti
196 4385 387 4454 Orodiensis
402 4383 548 4452 Euolesie
567 4385 726 4472 Prepositi
736 4433 746 4468 ,
765 4384 842 4450 aule
867 4389 977 4451 nostre
992 4384 1218 4453 Viae-Oanoel-

94 4493 178 4581 larij,
200 4492 313 4563 dileeti
337 4501 370 4560 et
391 4492 498 4561 tidelis
521 4494 642 4576 nostri,
675 4513 760 4559 anno
784 4491 953 4558 Dominioe
975 4491 1218 4558 Inoaruaeionis

96 4599 400 4689 mccuxxult,
424 4601 462 4667 V.
478 4600 640 4668 kalendas
657 4599 757 4688 Junii,
776 4599 878 4684 Regni
895 4604 1003 4665 autem
1019 4601 1118 4666 nostri
1133 4618 1219 4665 anno

47 4699 57 4716 ⁸
135 4735 237 4774 neuun.
253 4736 336 4773 nuno.
352 4737 423 4773 nrsr.
438 4735 510 4779 omn.
527 4747 565 4760 -
586 4729 622 4772 17.
1036 4709 1057 4776 3
