3126 5150
698 395 718 459 3

137 601 256 681 potens
282 611 303 656 a
329 589 423 656 nobis
450 610 522 656 oum
547 590 729 678 instancia,
754 598 789 657 ut
816 592 925 678 ipsum
950 590 1159 678 priuilegium
1182 609 1273 655 acoe-

138 709 246 788 plane,
274 699 449 781 ratificare,
475 717 543 766 saw
560 698 664 764 eciam
691 701 801 766 nostro
827 698 1001 784 priuilegio
1018 697 1208 766 confirmare
1226 695 1273 761 ui-

140 826 326 893 gnaremur.
352 805 452 872 Cuius
469 803 600 887 quidem
617 811 710 870 tenor
726 804 804 870 talis
819 812 868 872 est
885 830 893 870 :

249 913 436 999 Stephanus
453 913 493 977 D.
511 933 560 996 gr.
580 912 747 996 Hungarie
764 919 803 978 st.
830 913 977 980 Rex-sib.
1005 910 1218 1000 (lovetkezik
1236 911 1275 976 V.

140 1025 252 1091 lstvan
270 1021 450 1106 kirtlynalr
470 1023 529 1088 127
535 1020 605 1086 1-ki
632 1018 909 1108 adominylevele,
935 1022 1016 1086 mint
1034 1021 1167 1088 lentebb
1183 1019 1275 1105 gyuj-

140 1128 345 1216 temenyunk
360 1127 498 1212 VIII-ik,
515 1147 601 1213 vagy
617 1127 645 1194 is
667 1147 688 1192 a
703 1125 854 1194 masonis
871 1126 994 1214 folyam
1012 1127 1084 1194 3-ik
1101 1126 1275 1194 kotettben

141 1242 220 1308 337.
238 1237 278 1324 l.)

248 1347 317 1412 Nos
333 1345 454 1431 itaque,
472 1343 529 1428 qui
556 1364 596 1410 ex
612 1342 718 1411 officio
743 1343 885 1430 suscepti
910 1343 1080 1428 regiminis
1102 1343 1207 1410 nostri
1223 1343 1276 1409 iu-

142 1455 203 1522 stis
221 1454 405 1540 peteneium
432 1452 518 1521 votis
543 1451 685 1519 animum
712 1452 867 1520 debemus
887 1451 1081 1520 beneuolnm
1101 1450 1272 1536 inclinare,

143 1569 239 1645 grata
255 1560 415 1646 obsequia
431 1580 498 1628 seru
515 1559 709 1644 obsequiosa
728 1561 846 1626 merita
863 1559 1009 1628 eiusdem
1025 1559 1174 1643 Magistri
1192 1557 1270 1624 Caz-

143 1670 234 1755 merij
253 1671 469 1756 attendentes,
494 1669 805 1753 considerantesque
830 1688 903 1735 enm
920 1667 962 1735 ad
978 1668 1136 1752 obsequia
1161 1671 1273 1734 nostra

145 1785 177 1846 et
186 1779 291 1862 Regni
306 1780 408 1846 nostri
426 1797 497 1845 esse
515 1778 744 1859 necessarium,
761 1784 968 1864 prenotatam
985 1777 1198 1846 collacionem
1215 1794 1272 1860 per

145 1887 252 1972 ipsum
268 1886 478 1954 karissimum
496 1893 619 1972 patrem
636 1892 781 1953 nostrum
809 1885 914 1966 eidem
930 1885 1086 1969 Magistro
1104 1884 1272 1954 Oazmerio

144 2001 177 2060 et
193 1994 262 2060 suis
280 1993 432 2062 fratribus
448 1994 629 2079 prenotatis
645 1992 776 2079 factam,
794 2001 828 2060 et
843 1994 1126 2062 confirmacionem
1147 2014 1188 2060 ex
1204 2013 1275 2076 gra·

144 2101 197 2167 eia
213 2101 317 2187 patris
332 2102 446 2186 nostri,
463 2107 578 2186 ratam,
596 2107 723 2186 gratam
733 2101 890 2170 habentes
905 2102 1029 2187 pariter
1045 2107 1078 2169 et
1093 2107 1274 2187 acceptam,

145 2212 372 2278 confirmamus
388 2208 552 2294 duppliois
569 2208 672 2293 sigilli
689 2209 788 2277 nostri
805 2209 982 2276 munimine
1000 2209 1192 2276 roborando.
1209 2209 1275 2274 Da·

144 2327 214 2386 tum
250 2340 308 2405 per
331 2338 448 2387 manns
474 2317 624 2403 Magistri
650 2318 777 2386 Nicolai
805 2317 960 2386 Albensis
988 2317 1134 2408 Ecclesia
1156 2317 1276 2384 Trans·

144 2427 278 2495 silnane
296 2426 456 2512 Prepositi
472 2428 548 2493 aulo
563 2424 976 2506 nostreVice·Oanoellarij
994 2425 1109 2492 dilecti
1126 2429 1158 2491 et
1173 2423 1277 2492 fidelis

144 2535 261 2622 nostri,
286 2556 373 2602 anno
401 2534 533 2602 Domini
559 2533 732 2602 millesimo
759 2534 979 2603 ducentesimo
1000 2532 1149 2621 LXXIP,
1172 2534 1278 2617 Regni

146 2651 258 2710 autem
286 2645 388 2712 nostri
416 2664 502 2710 anno
528 2642 640 2729 primo.
679 2643 927 2711 venerabilibus
952 2641 1100 2729 patribus
1126 2640 1275 2729 Philippo

145 2753 267 2818 Sancte
284 2749 517 2836 strigoniensis
532 2751 679 2818 Ecclesia
698 2749 951 2837 Arclriepiscopo
978 2757 1199 2838 perpetuoque
1216 2749 1276 2818 Oo-

145 2860 230 2926 mite
255 2859 318 2925 loci
344 2858 501 2946 eiusdem,
529 2861 603 2927 arula
630 2864 742 2926 nostre
764 2856 980 2945 (lancellario,
1005 2859 1170 2943 Stephano
1186 2861 1277 2928 Colo·

144 2967 238 3034 censi
279 2972 312 3032 ct
352 2966 502 3034 Johanne
544 2964 732 3052 Spalatensi
772 2966 1055 3053 Archiepiscopis;
1101 2967 1276 3055 Lamperto

142 3073 318 3158 signiensi,
342 3073 471 3140 Briocio
487 3073 722 3158 Chenadiensi,
749 3076 812 3142 Job
827 3074 1181 3161 Quinqueccolesiensi,
1202 3073 1278 3142 Phi·

144 3180 239 3265 lippo
255 3179 407 3248 Vaoiensi
424 3180 549 3248 Gemite
565 3181 810 3266 Neugradiensi,
826 3183 929 3249 Paulo
946 3182 1199 3270 Wesprimiensi,
1214 3185 1278 3268 'Py-

145 3288 277 3354 motheo
302 3288 531 3374 Zagrabiensi,
564 3289 756 3357 Lodomerio
773 3290 997 3375 waradiensi,
1024 3289 1182 3377 Dyonisio
1199 3290 1276 3356 Jau·

147 3395 250 3462 riensi
277 3401 309 3461 et
324 3397 419 3461 Petro
435 3395 670 3464 Transsilnano
688 3396 859 3482 Episcopis
877 3398 1046 3466 Ecclesiae
1063 3397 1125 3465 Dei
1141 3395 1278 3466 feliciter

146 3504 427 3588 gubernantibus,
453 3504 602 3572 Rolando
623 3505 787 3593 Palatino,
814 3505 943 3572 Matheo
959 3506 1051 3573 Banu
1067 3505 1171 3574 tocius
1189 3504 1277 3571 Scla-

145 3611 253 3696 uonie,
269 3610 429 3681 Joachino
445 3611 601 3695 Magistro
618 3613 873 3682 nauarnioorum
896 3620 1079 3681 nostrorum
1096 3613 1220 3680 Gemite
1236 3613 1277 3680 do

145 3719 264 3806 Pylys,
280 3717 473 3785 Alexandro
490 3718 605 3787 Judics
617 3720 710 3789 Curia
727 3729 838 3790 nostre
848 3722 971 3790 Comite
987 3722 1028 3790 de
1043 3720 1158 3804 Orbas,
1174 3722 1278 3787 Paulo

145 3827 242 3894 Bano
268 3824 308 3894 de
325 3827 481 3912 Zerenio,
506 3828 653 3896 Renoluo
672 3831 829 3916 Magistro
845 3829 1078 3918 Dapiferorum
1097 3835 1277 3896 nostrorum

146 3939 181 4001 et
197 3933 323 4001 Comite
340 3935 381 4000 de
397 3935 546 4019 Zaboloh,
563 3936 698 4019 Wgrino
715 3940 871 4023 Magistro
889 3941 1078 4024 Agaronum
1096 3943 1279 4004 nostrorum

146 4039 274 4109 Comite
300 4043 499 4128 Syrmicnsi,
524 4043 706 4111 Laurencio
723 4045 881 4130 Magistro
901 4045 1131 4114 Pincerncrum
1152 4051 1279 4112 nostro-

145 4171 220 4218 rum
238 4151 363 4218 Comite
389 4151 431 4218 de
447 4151 539 4218 Kone
555 4159 588 4219 et
603 4152 751 4239 Raram,
777 4153 921 4221 Omodeo
939 4154 1064 4222 Comite
1081 4151 1187 4218 Oastri
1204 4152 1280 4220 Fer-

145 4279 217 4346 rey,
235 4259 384 4327 Emerioo
402 4259 757 4348 ComiteSymigiensy,
774 4261 924 4330 Johanne
940 4261 1063 4329 Comite
1079 4260 1279 4346 Zaladiensi,

145 4369 311 4437 Michaele
328 4367 452 4436 (lomite
468 4367 626 4437 Nitriensi
636 4421 645 4456 ‚
671 4377 703 4440 et
720 4372 796 4457 alijs
823 4389 920 4455 quam
936 4371 1084 4456 pluribus
1100 4367 1280 4436 Comitatus

145 4475 255 4560 Regni
272 4475 459 4544 tenentibus
477 4482 509 4544 et
524 4475 671 4545 honores.

146 4617 184 4691 (A
194 4619 285 4688 jlsaoi
296 4622 473 4674 kenrentnelr
484 4623 597 4674 ruenni
607 4620 762 4690 ltiratabol,
772 4640 789 4677 a
799 4623 882 4675 baulai
892 4623 942 4674 kir.
953 4623 1077 4674 kamarai
1088 4618 1281 4686 lortlta'rrbsn.)

611 4777 825 4790 ffl-

1078 4799 1120 4864 lit
