3124 5158
836 784 914 852 lul.

310 955 333 1018 Ι
338 953 369 1020 V.
398 951 513 1024 Lutazto
537 950 711 1036 kirtlyaoio
742 950 859 1035 Ipricza'
888 948 1041 1033 helyatpet
1073 946 1228 1042 tctrpyozo
1258 942 1445 1026 udomctaya

414 1105 418 1114 v
525 1059 615 1122 Peior
630 1059 732 1144 cajeta
749 1061 778 1121 ἐι
794 1059 935 1124 testve'rec’
949 1059 1109 1122 ιιάιιιάια.
1128 1054 1231 1125 1280.,

418 1210 592 1284 Ladialans
635 1218 698 1283 Dei
723 1217 835 1301 gracia
850 1214 1026 1300 Hungarie,
1058 1212 1242 1298 Daimacieg
1263 1207 1444 1294 Orowaoie,

311 1327 413 1392 Reme
425 1375 434 1410 ,
459 1325 571 1393 Seruio
583 1377 591 1411 ,
614 1324 754 1392 Gallicis
765 1375 774 1410 ,
799 1312 1006 1410 Lodomerie‚
1024 1321 1195 1406 Οοιιιιιιιίιι,
1220 1318 1444 1403 Bulgarieque

311 1435 381 1499 Rex
408 1471 445 1480 -
475 1471 513 1482 —
538 1468 582 1480 -
609 1471 647 1482 -
673 1432 707 1497 in
723 1421 864 1499 omnium
882 1432 1055 1498 saluatore.
1076 1429 1127 1495 Ad
1148 1428 1371 1496 uniuersorum
1387 1442 1445 1489 uo·

310 1541 421 1607 tioium
446 1535 559 1606 tenore
589 1541 791 1625 presencium
806 1531 965 1606 'volumus
990 1536 1180 1624 peruenire,
1218 1535 1305 1619 quod
1330 1534 1444 1599 Petrus

242 1663 243 1666 ’
310 1643 480 1714 Voiauoda
507 1640 594 1714 filius
618 1647 784 1714 Dominioi
814 1684 851 1694 -·
882 1657 920 1696 -'
951 1685 988 1695 —
1017 1683 1060 1694 -
1089 1653 1234 1713 nostram
1253 1641 1443 1712 aecedentes

311 1753 512 1842 presenciam
530 1753 697 1822 humiliter
712 1755 917 1840 postularunt
927 1773 936 1842 ,·
963 1760 997 1820 ut
1011 1752 1187 1836 ‘quandam
1204 1749 1442 1846 possessionem

311 1860 490 1930 Alexandri
520 1860 561 1928 de
592 1857 660 1928 th
689 1844 877 1930 decedentis
908 1863 980 1928 sine
1010 1844 1130 1928 herede
1161 1859 1263 1944 Igrici
1294 1861 1441 1925 vocatam

314 2007 351 2019 -
373 2007 418 2019 -
434 2005 477 2017 -
493 1965 537 2017 -‘
554 1976 586 2036 et
601 1974 713 2046 nostra
731 1970 816 2038 idem
837 1961 1031 2037 ¹Alexander
1056 1953 1264 2054 possederat,
1289 1967 1339 2034 eis
1364 1963 1441 2030 dare

313 2085 344 2144 et
360 2077 508 2145 conferre
524 2075 741 2161 dignaremur.
765 2066 836 2148 Sed¹
858 2067 941 2162 quia
958 2063 1065 2145 nobis'
1081 2077 1203 2142 ue'ritas
1230 2095 1297 2141 non
1318 2077 1441 2138 consta·

312 2189 384 2272 bat,
424 2193 529 2252 utrum
556 2179 648 2253 diota
669 2193 755 2254 terra
781 2179 904 2270 absque
931 2171 1037 2252 oon-'—
1056 2221 1093 2231 -
1114 2220 1155 2232 —
1172 2176 1216 2233 -’-
1236 2179 1392 2264 Gregorio
1410 2184 1441 2244 et

313 2291 468 2360 iratribus
493 2307 603 2361 eorum
629 2293 769 2362 conferri
802 2285 834 2360 et
863 2293 962 2359 statui
982 2291 1108 2377 possit,
1147 2289 1300 2356 fidelibus
1325 2284 1440 2353 nostris

313 2395 632 2487 capitulo-Agriane
650 2399 842 2468 dederamus
867 2389 900 2464 in
926 2394 1088 2467 mandatis
1101 2407 1145 2444 9-
1168 2435 1206 2445 -
1228 2433 1266 2442 -—
1288 2395 1440 2461 -homo

313 2513 423 2575 noster
447 2509 542 2574 Petro
559 2499 743 2574 Woiauoda
767 2525 806 2572 ao
822 2505 1039 2590 Gregorius
1058 2491 1212 2592 fratribus
1233 2503 1376 2588 ipsorum
1392 2519 1438 2567 eo·

312 2637 381 2682 ram
394 2615 509 2682 'eorum
525 2613 710 2682 testimonio
727 2605 893 2680 'statueret
917 2607 949 2679 et
974 2614 1176 2698 assignaret,
1207 2613 1235 2678 si
1262 2631 1328 2676 non
1353 2609 1439 2674 fieret

313 2721 548 2789 contradictum
567 2759 604 2768 -—
626 2759 663 2768 -
685 2759 723 2768 —
743 2757 788 2770 -
803 2726 902 2792 earet.
925 2722 1043 2788 Verum
1054 2720 1210 2805 *quia-per
1226 2719 1354 2785 litteras
1365 2715 1439 2782 dieti

314 2829 456 2914 Capituli
473 2829 566 2898 nobis
582 2829 769 2897 omnimoda
785 2831 938 2897 constitit¹
946 2817 1078 2914 ueritas,
1102 2819 1303 2913 sepedictam
1323 2831 1436 2892 terram

313 2937 410 3021 igrioi
427 2944 583 3004 statutam
599 2936 701 3006 fuisse
717 2939 815 3004 Petro
840 2939 954 3024 Voy*
973 2967 1016 2988 ——s
1033 2949 1076 2987 -'-
1094 2923 1188 3022 -te'5
1212 2941 1273 3002 nos
1299 2931 1440 3001 conside·

312 3050 422 3113 rantes
438 3045 577 3112 seruicia
592 3045 670 3113 uicti
685 3046 776 3112 Petri
791 3036 981 3132 voyauode,
995 3033 1146 3130 Gregorij
1166 3049 1206 3110 et·
1217 3041 1353 3109 fratrum
1370 3059 1438 3109 suo·
1546 3059 1547 3064 ¹

317 3283 355 3308 —·-
376 3299 414 3308 ·-
436 3301 473 3310 -
494 3269 632 3348 -runt,
657 3283 693 3330 se
706 3271 752 3330 et
777 3274 838 3330 sua·
862 3263 1001 3331 diuersis
1015 3263 1150 3329 casibus
1166 3260 1296 3327 fortune
1311 3253 1441 3325 submit·

313 3367 430 3445 mado.
454 3367 574 3436 dietam
592 3377 712 3438 terram
726 3369 824 3455 Igiic'i
840 3377 882 3437 et
895 3367 1107 3476 b'e'ni'gnitate'
1122 3368 1258 3467 Regia'
1249 3367 1331 3454 ipsis
1346 3365 1438 3431 Petro

314 3473 520 3562 Voyauoda,
531 3476 775 3562 Gregorio
713 3515 748 3526 -
767 3515 813 3527 -
806 3469 927 3528 —'-'-
949 3478 1139 3578 *unionem
1166 3481 1198 3544 et
1217 3473 1437 3560 reeompensa-

314 3583 439 3650 eionem
456 3583 667 3656 seruiciorum
684 3577 868 3672 eorundem,
884 3587 965 3690 lieet
980 3569 1103 3654 maiora
1119 3567 1326 3700 mererentuu
1352 3577 1438 3646 dedi-

315 3711 396 3772 mus,
411 3687 606 3760 donauimus
621 3687 653 3759 et
669 3685 884 3762 contulimus
866 3683 945 3796 rure
960 3697 1122 3781 perpetuo
1129 3699 1162 3759 et
1193 3729 1232 3740 -
1262 3728 1300 3738 —
1329 3725 1370 3736 -
1386 3721 1437 3772 ,-

315 3798 471 3883 antiquis,
496 3793 612 3882 quibus
637 3800 727 3866 dicta
737 3807 830 3868 terra
846 3789 904 3888 per
913 3801 1144 3868 Alexandrum
1161 3781 1201 3867 de
1214 3783 1285 3866 Eeh
1300 3795 1440 3864 limitata

314 3905 524 3992 dignoscitur
531 3909 802 3993 etpossessa.1n
822 3911 912 3976 ouius
929 3908 977 3975 rei
993 3911 1179 3986 memoriam
1195 3907 1441 3986 firmitatemque

314 4015 506 4102 perpetuam
541 4051 578 4060 —
606 4050 650 4067 -
666 4051 718 4086 -,-
744 4053 787 4066 -
819 4009 1005 4104 munimine
1017 4017 1198 4100 roboratas.
1236 4015 1357 4092 Datum
1380 4030 1441 4097 per

249 4149 253 4159 ·
315 4137 430 4185 monus
448 4119 625 4187 disereti
596 4141 658 4188 vrm
648 4099 822 4207 Magistri
827 4093 1005 4211 A(ohn)nis
1011 4125 1085 4189 aule
1094 4131 1203 4197 nostre
1214 4122 1305 4188 Vioe-
1309 4119 1441 4186 Cancel-

315 4224 390 4308 larij
407 4226 518 4294 dilecti
535 4226 683 4294 etfideiis
701 4269 739 4280 ·-
761 4265 799 4278 -
821 4268 859 4278 -
872 4231 977 4314 chm
986 4238 1096 4297 autem
1105 4229 1208 4298 nostru
1217 4247 1303 4297 anno
1313 4233 1440 4295 octauo

180 4365 187 4382 '
315 4363 452 4431 (Eredetie
475 4367 648 4435 bt'rhtrtyan,
669 4373 731 4437 igsn
751 4329 922 4439 magrongtlt
935 4371 1101 4442 tilaupotban¹
1121 4388 1138 4422 a
1159 4371 1311 4424 riolasuinii
1323 4369 1440 4436 selyem-

351 4457 475 4510 minoren
488 4461 595 4526 suggest
608 4459 699 4527 penset
709 4463 858 4528 einesaett3
878 4481 894 4516 a
913 4465 997 4517 butiai
1015 4465 1067 4521 kir.
1081 4465 1202 4517 kamarai
1214 4460 1403 4527 leutitirbun.)
