3118 5158
847 791 902 859 84.

298 987 343 1054 ,Α
358 1013 401 1058 oz.
404 989 597 1077 joscerandi
621 990 816 1075 leormdayzd
840 990 1020 1056 taeocooat
1044 989 1265 1056 Percontatus
1289 1011 1321 1058 es
1340 991 1442 1078 Lyke·

296 1099 394 1163 'ouo
417 1099 572 1184 tdrpyuzd
596 1098 778 1183 adooadcyu
802 1097 979 1163 Percbs'ooa
1003 1117 1101 1163 comes
1132 1099 1165 1163 ta
1188 1103 1315 1164 testatus
1338 1095 1442 1163 Aatul

738 1207 895 1271 szdmdra.
919 1202 1016 1270 1275.

419 1414 487 1481 Nos
506 1411 608 1480 irater
622 1411 762 1479 Porcius
789 1409 831 1480 dc
846 1411 942 1497 Fayn
957 1413 1113 1498 Magister
1128 1414 1304 1480 Domorum
1321 1411 1439 1500 Hospi-

296 1517 386 1622 ‘talis
402 1519 514 1588 Sancti
529 1517 691 1585 dobaunis
718 1517 990 1586 iherosolimitani
1016 1539 1076 1605 per
1091 1519 1270 1603 Vngariem
1296 1527 1331 1586 ot
1346 1520 1437 1587 Scla-
1457 1602 1460 1613 y

309 1626 420 1691 uonim
445 1626 664 1710 significamus
688 1626 850 1692 uniuersis
876 1625 993 1708 quibus
1017 1623 1158 1713 expedit,
1181 1625 1267 1710 quod
1286 1646 1436 1694 nuscum

309 1733 471 1800 uniuersis
497 1732 650 1799 fratribus
675 1731 795 1798 nostris
820 1733 855 1796 iu
871 1732 1024 1817 Gapitnlo
1042 1739 1154 1800 nostro
1180 1733 1215 1800 in
1231 1733 1282 1800 die
1296 1735 1436 1801 Asuccu-

310 1839 413 1905 sionis
429 1839 562 1907 Domini
587 1839 621 1904 in
638 1837 765 1921 chorgo
789 1837 954 1906 celebrato
980 1839 1145 1907 nobiscum
1173 1839 1433 1924 consedentibus,

300 1944 463 2012 'videlicet
488 1947 589 2013 tratre
605 1947 719 2028 Vgone
744 1943 888 2030 Roraldy
912 1947 1105 2032 Preceptore
1130 1947 1172 2014 de
1189 1946 1318 2034 chorgo
1344 1955 1378 2016 et
1396 1949 1435 2016 de

310 2051 494 2119 Vduorheel
521 2071 561 2117 ac
586 2050 674 2118 vices
706 2059 831 2120 nostras
862 2059 1015 2138 gerente,
1041 2053 1142 2120 fratre
1175 2053 1364 2141 Gryllermo
1396 2054 1435 2120 de

309 2161 429 2227 Sancto
444 2159 546 2227 Paulo
561 2159 755 2244 Preceptoro
772 2159 813 2225 de
829 2157 997 2244 becban,
1021 2159 1121 2228 fratre
1136 2161 1249 2242 Vgonc
1268 2161 1310 2228 de
1325 2162 1436 2230 Monte

299 2265 408 2332 ¹Claro
434 2265 626 2350 Prcoeptore
650 2264 692 2331 dc
717 2264 822 2351 Alba,
848 2263 948 2332 fratre
972 2265 1150 2350 Margarita
1174 2268 1370 2352 Preoeptore
1395 2269 1436 2336 de

308 2373 409 2460 Bela,
433 2374 534 2440 fratre
554 2373 650 2440 Petro
667 2372 845 2439 Ymbertho
865 2373 1059 2459 Preceptore
1084 2373 1125 2442 de
1149 2374 1278 2460 Zyrak,
1302 2383 1336 2442 et
1360 2375 1436 2459 alijs

298 2499 408 2564 uuam
424 2479 586 2566 plurimis,
609 2478 825 2548 consideratis
849 2479 1085 2565 multiplicibus
1110 2481 1257 2566 semicijs
1283 2488 1317 2548 et
1332 2480 1434 2547 fidoli-

309 2587 370 2654 bus
386 2586 520 2654 Comitis
535 2585 694 2672 Perchyni
704 2637 714 2672 ,
740 2587 917 2654 Potestatis
941 2586 984 2652 de
1003 2588 1112 2654 Monte
1131 2587 1294 2673 Greocnsi,
1320 2593 1354 2653 et
1369 2586 1433 2652 An·

310 2694 414 2779 thonij
432 2693 545 2763 fratris
563 2695 623 2778 sui,
639 2713 701 2776 que
716 2692 836 2760 Domui
851 2701 960 2760 nostre
975 2693 1011 2758 in
1026 2691 1167 2760 diuersis
1184 2691 1443 2760 necessitatibus

308 2799 447 2867 fideliter
461 2799 698 2887 impenderunt,
724 2807 755 2866 et
770 2799 944 2867 intendunt
967 2797 1156 2883 impendere
1170 2799 1205 2864 in
1220 2797 1375 2886 futurum,
1399 2801 1435 2866 in

298 2908 426 2991 ouibus
449 2907 548 2993 ijdem
564 2928 624 2994 pro
648 2907 769 2975 bonore
793 2914 826 2976 et
844 2906 996 2974 libertate
1011 2907 1135 2972 Domus
1157 2913 1265 2974 nostre
1290 2906 1432 2974 laborem

308 3035 402 3082 suum
418 3014 603 3080 continuum
628 3014 861 3098 expenderunt,
888 3033 950 3096 que
966 3013 995 3078 si
1012 3013 1121 3099 precio
1147 3010 1336 3080 debuissent
1352 3032 1434 3078 com·
1524 3065 1529 3076 .

307 3123 432 3206 parari,
456 3141 527 3188 oum
555 3121 742 3206 quingentis
767 3122 885 3188 marcis
910 3121 1033 3188 Domus
1057 3127 1171 3187 nostra
1194 3119 1353 3205 potuisset
1378 3120 1433 3185 mi·

306 3227 392 3293 nime
407 3247 634 3313 comparasse,
659 3229 818 3311 quasdam
843 3235 946 3294 terras
962 3229 1088 3294 Domus
1108 3233 1227 3312 nostre,
1253 3245 1376 3293 vacuas
1402 3235 1433 3292 et

305 3335 402 3419 quasi
418 3332 562 3402 desertas
569 3384 579 3420 ,
603 3335 718 3418 biyuor
733 3333 967 3420 Pescbenyoha
982 3339 1013 3398 et
1028 3331 1182 3418 Lykonilr
1198 3339 1344 3419 vocatae,
1361 3352 1432 3400 cum

307 3441 454 3510 omnibus
471 3439 665 3507 vtilitotibus
681 3447 713 3507 et
728 3439 942 3526 pertinencijs
958 3437 1148 3523 earundem;
1173 3458 1308 3524 quarum
1324 3459 1431 3526 unam,

304 3547 457 3618 videlicet
471 3547 586 3631 Mynor
600 3545 842 3632 Pescbcuycba,
864 3545 970 3613 Borcb
987 3553 1020 3614 et
1035 3545 1162 3632 Zioyne
1187 3565 1259 3611 cum
1275 3545 1432 3614 tratribus

306 3675 415 3724 eorum
433 3674 473 3722 cx
486 3661 580 3738 parte
594 3653 717 3720 Domus
733 3661 845 3721 nostre
861 3651 1024 3736 quondam
1044 3659 1217 3719 tenuerant
1225 3703 1235 3736 ,
1258 3649 1298 3718 de
1315 3652 1433 3735 quibus

304 3765 428 3831 Domus
444 3767 555 3830 nostra
570 3762 628 3827 uix
644 3762 923 3828 aunuatimvnius
942 3781 1050 3828 marce
1066 3759 1204 3826 reditum
1220 3760 1432 3846 percipiebat,

302 3869 469 3954 dedimus,
493 3865 687 3934 contulimus
714 3872 746 3934 et
769 3863 961 3933 tradidimus
986 3865 1050 3952 ipsi
1075 3863 1191 3932 Comiti
1215 3863 1376 3934 Pcrchino
1401 3876 1433 3936 ct

301 3973 397 4043 fratri
420 3995 478 4042 suo
496 3973 670 4054 antedicto,
694 3981 727 4040 et
743 3993 801 4060 per
817 3994 873 4042 eos
893 3995 1002 4042 eorum
1022 3971 1196 4041 heredibus
1212 3971 1430 4061 heredumque

302 4077 544 4150 successoribus
569 4083 639 4148 iure
654 4079 745 4148 teudi
760 4082 993 4168 perpetualiter
1008 4079 1236 4169 possidendas,
1261 4089 1360 4169 pacto
1376 4083 1430 4150 bn·

301 4187 440 4254 iusmodi
459 4187 653 4256 interiecto:
680 4187 768 4272 quod
792 4188 883 4255 nulla
898 4189 1060 4276 possimus
1085 4187 1126 4256 ab
1142 4189 1267 4256 eisdem
1292 4198 1325 4257 et
1340 4189 1428 4260 bere·

293 4293 397 4360 ¹dibus
423 4313 533 4361 eorum
557 4295 591 4360 in
616 4294 759 4362 futurum
783 4295 910 4364 auferre
934 4295 1085 4384 racione,
1110 4295 1173 4362 nisi
1190 4297 1225 4363 in
1251 4295 1430 4366 manifesta

302 4398 494 4468 infidelitate
510 4406 624 4468 contra
635 4401 774 4468 Domum
791 4407 935 4470 nostram
949 4407 1135 4490 perpetratu
1148 4411 1348 4490 notarentur,
1370 4425 1428 4472 nco

293 4507 407 4574 eciem
422 4525 481 4593 per
495 4527 715 4577 successorem
739 4513 884 4578 nostrum
903 4511 1107 4595 aliquatenus
1127 4512 1231 4596 possit
1247 4511 1426 4580 retractari
1553 4573 1554 4578 ,
