3146 5166
640 863 718 934 sal.

140 1047 170 1114 A
186 1049 288 1115 madai
303 1049 531 1134 kdptcloenak
538 1049 691 1134 jelentdae
707 1047 802 1112 Peter
825 1042 1073 1133 orazdpbirdboz,
1093 1048 1175 1136 boyy
1199 1048 1260 1114 IV.

138 1158 257 1224 deald
271 1158 386 1244 tirely
396 1161 607 1242 porancadra
631 1154 668 1220 V.
686 1154 798 1222 latoria
824 1157 1003 1240 kirclynak
1023 1155 1148 1222 Tadeos
1173 1157 1262 1243 hely·

138 1268 222 1350 capet
239 1266 397 1350 tdrpyazd
412 1264 667 1348 odomdnyleoelc
682 1266 842 1342 dtiratott,
860 1286 881 1326 a
913 1263 1107 1349 nydlaaipeti
1123 1269 1262 1350 (φάσκα-

460 1373 561 1436 z‘trda
577 1376 738 1438 eadmero.
755 1348 805 1435 Jdo
821 1369 942 1435 aa'lkdl.

244 1549 320 1614 Viro
336 1547 436 1615 nobili
451 1554 483 1613 et
499 1547 632 1615 honesto
649 1549 746 1615 Petro
772 1548 880 1616 Judiei
897 1550 992 1616 Curio
1018 1547 1140 1615 domiui
1161 1549 1261 1634 Regis

136 1655 323 1742 Capitulum
339 1655 498 1722 Budensis
513 1656 655 1722 Ecclesie
671 1664 821 1742 paratum
838 1657 981 1723 animum
997 1655 1040 1724 ad
1067 1657 1137 1722 eius
1162 1658 1260 1725 bene-

133 1762 291 1847 placitum
308 1770 339 1828 et
355 1749 521 1829 bonorem.
538 1762 769 1830 Procuratores
786 1763 855 1830 siue
872 1763 1032 1830 officiales
1050 1783 1192 1830 sororum
1219 1764 1261 1832 de

133 1869 249 1936 Insula
265 1869 384 1936 Sancte
400 1870 501 1936 Mario
517 1869 733 1936 exbibuerunt
749 1870 843 1936 nobis
860 1870 1066 1956 priuilegium
1083 1871 1205 1936 domini
1224 1872 1260 1937 L.

132 1977 272 2043 iilustris
298 1977 395 2060 Regis
428 1979 606 2061 Hungarie,
631 1978 686 2044 ubi
714 1979 866 2044 insertum
894 1986 942 2044 cst
966 1987 1058 2044 tenor
1081 1979 1259 2044 litterarum

132 2065 337 2152 Sereuissimi
354 2085 453 2170 Regis
476 2085 598 2153 domini
615 2085 660 2150 St.
679 2086 767 2152 clarc
783 2087 934 2152 memorie
959 2105 1056 2172 super
1081 2084 1259 2152 donaciouo

131 2190 220 2258 faeta
236 2191 406 2258 cuiusdam
423 2199 509 2258 terre
525 2193 641 2258 Taxun
658 2197 770 2259 uocate
797 2193 926 2261 domine
950 2191 1116 2258 Elisabeth
1143 2199 1174 2259 ct
1197 2191 1258 2258 Ee·

129 2299 231 2365 clesie
246 2298 364 2365 Sancte
389 2301 490 2365 Maria
515 2300 556 2365 de
585 2299 717 2384 Insuia;
749 2306 893 2386 petentes
926 2301 1059 2366 rescribi
1090 2298 1252 2383 quendam

129 2406 308 2472 articulum
324 2408 383 2473 sub
409 2413 518 2474 nostro
543 2408 653 2491 sigillo
678 2407 795 2474 Uestre
823 2407 989 2473 Nobilitati
1015 2405 1251 2492 destinandum,

127 2533 203 2580 cum
219 2513 432 2599 periculosum
449 2522 518 2581 erat
535 2515 581 2580 eis
590 2516 695 2601 ipsum
708 2515 914 2601 priuilegium
924 2521 1056 2600 propter
1065 2513 1253 2582 discrimina

127 2621 253 2687 uiarum
271 2622 453 2707 deportare.
471 2623 567 2688 Cuius
585 2623 715 2706 quidem
733 2623 861 2688 articuli
877 2629 968 2689 tenor
984 2623 1059 2689 talis
1077 2629 1146 2688 est:
1205 2613 1208 2620 ’

237 2729 306 2795 Nos
330 2730 364 2794 in
399 2733 622 2798 concambium
647 2731 803 2796 uillarum
829 2729 960 2797 domiue
985 2727 1164 2818 Elysabetb
1189 2729 1256 2798 tilio

126 2844 240 2902 nostre
256 2837 426 2905 karissime
455 2844 486 2903 et
513 2839 676 2905 sororibus
707 2837 747 2904 de
778 2837 891 2930 Insula
921 2837 1066 2922 Uirginis
1097 2837 1253 2924 Gloriosa,

126 2947 262 3028 quasin
287 2945 407 3030 Magna
438 2943 552 3012 Insula
583 2945 765 3012 auferentes
797 2945 839 3010 de
869 2943 1062 3011 dominabus
1093 2945 1254 3011 sororibus
1355 2972 1360 2978 ·

123 3052 279 3138 predictis
293 3059 325 3118 et
343 3053 476 3118 domina
493 3053 658 3119 Elisabeth
674 3053 743 3120 filia
759 3060 870 3120 nostra
887 3051 1061 3118 Comitatui
1076 3051 1117 3117 de
1143 3052 1248 3137 predi-

125 3167 180 3224 cta
205 3159 326 3242 Magna
351 3159 463 3226 Insula
487 3161 713 3243 annexuimus,
740 3159 888 3226 dedimus
914 3165 945 3226 ct
970 3160 1164 3226 contulimus
1190 3161 1252 3244 ipsi

125 3269 258 3336 dominc
274 3267 451 3354 Elysabetb
469 3274 501 3333 ct
518 3269 679 3334 sororibus
698 3267 852 3353 predictis
869 3273 988 3333 terram
1013 3269 1127 3334 Toxon
1153 3287 1248 3333 uoca-

123 3377 242 3444 tamin
259 3375 417 3442 Comitatu
435 3373 474 3442 dc
490 3377 586 3442 Pcest
602 3377 803 3460 existentem,
820 3375 874 3442 ubi
890 3377 1003 3460 populi
1023 3377 1207 3460 Zulgageur
1218 3385 1249 3445 et

123 3483 240 3572 populi
254 3483 411 3569 Ducatus,
429 3503 562 3567 quorum
579 3491 665 3550 terra
682 3484 783 3550 eciam
811 3483 877 3549 alio
902 3484 1030 3550 nomine
1059 3485 1167 3570 Zeycb
1193 3507 1249 3571 ap-

122 3591 275 3678 pellatur,
291 3590 489 3672 residebant,
507 3612 577 3656 cum
593 3591 702 3658 teneto
719 3592 812 3658 Brizo
829 3599 944 3658 uocato
962 3599 994 3658 et
1010 3592 1087 3677 alijs
1104 3593 1250 3660 utilitati·

119 3701 184 3765 bus
200 3703 358 3784 perpetuo
375 3695 616 3785 possidendam,
634 3717 672 3764 eo
690 3701 760 3766 iure
777 3719 839 3783 quo
856 3700 942 3783 apud
959 3700 1120 3766 Ducatum
1131 3701 1247 3769 existe·

118 3811 173 3871 rat
189 3801 283 3892 (tgy),
302 3805 373 3871 siue
388 3805 468 3876 iuris
485 3804 662 3890 prciudicio
679 3805 789 3892 alieni,
807 3814 839 3871 et
855 3807 937 3873 sicut
952 3807 1055 3874 eciam
1080 3807 1248 3878 Rolaudus

117 3913 206 3980 filius
221 3913 315 3978 Marii
331 3933 389 3996 per
406 3910 615 3979 donacionem
632 3913 768 3996 Regiam
785 3913 878 3980 saluo
904 3915 973 3981 iure
1000 3915 1106 3982 alieno
1131 3917 1244 4002 digno·

115 4023 221 4089 scitur
237 4059 281 4070 -
296 4057 339 4070 -
355 4021 551 4108 possedisse,
568 4029 599 4086 et
616 4027 733 4086 cetera.

229 4128 381 4194 Kivbl:
405 4127 483 4192 Viro
496 4126 596 4194 nobili
614 4125 731 4193 Comiti
747 4127 844 4195 Petro
870 4128 985 4196 Judici.
1004 4131 1100 4198 Curio
1125 4130 1244 4201 domiui

114 4237 221 4320 Regis
236 4256 334 4322 super
349 4237 436 4304 tacto
453 4243 538 4304 terre
553 4235 663 4324 Zeycb
681 4241 805 4302 vocate.

113 4433 261 4500 (Eredotia
276 4430 630 4503 bdrbbrtytmaadrpecsbt
642 4433 811 4496 elvesaatm
835 4433 918 4486 budai
939 4436 991 4491 kir.
1014 4439 1137 4494 kamarai
1161 4439 1244 4495 lavdi.

622 4517 738 4585 ttrban.)

576 4679 788 4692 —uu-—Q-

1026 4722 1090 4788 37·
