3080 5160
585 253 745 362 „ars-

105 461 251 549 Notarij3
275 458 310 528 in
334 456 505 546 presencia
528 461 561 526 et
584 455 765 524 testimonio
791 454 913 524 domini
942 455 1064 525 Mathai
1081 455 1226 540 Diaconi,

107 570 221 639 Nicola
235 564 409 647 Leonardi,
423 563 588 634 Valentini
605 563 706 632 Blasii
716 563 892 651 pelliparij,
905 563 1047 648 Stepane
1056 563 1222 652 Priliepelr

106 677 269 777 pelliparij
287 683 320 744 et
334 674 476 762 plurium
494 674 640 742 aliorum.

213 807 284 890 Ego
308 800 536 869 vero-domnus
547 801 657 894 ¹Luras
674 797 856 867 (laconicus
873 803 906 866 et
919 801 1053 868 Jcratus
1070 797 1226 866 Notarius

105 911 310 998 spalatensis
326 910 388 996 hys
403 907 546 994 intertui,
564 915 596 975 et
612 909 767 1012 oniasque
782 906 884 992 partis
901 907 1070 974 uoluntate
1080 911 1224 992 rogatus,

107 1025 140 1086 nt
156 1017 278 1106 andini,
294 1017 410 1104 scripsi
427 1023 459 1085 et
477 1016 639 1084 roborari.

539 1121 804 1213 ‹terreres-r

270 1322 385 1390 (Hitales
397 1324 528 1378 masolata
540 1337 558 1374 a
569 1321 644 1374 beesi
658 1319 773 1374 ostaatri
786 1323 873 1374 titlroa
885 1318 1070 1386 levelttrban.)

622 2082 696 2154 234.

104 2306 127 2374 Ι
129 2305 165 2376 V.
181 2307 300 2374 Laratc
313 2306 488 2394 kirdlptrak
496 2303 655 2392 Myrpurd
669 2311 749 2371 nect
757 2303 863 2392 fb'ldet
878 2305 1030 2391 tdrpyazo
1044 2303 1225 2392 adcordnya

279 2415 381 2504 Spprre
398 2437 496 2483 cornea
514 2413 719 2498 Therapnae
726 2412 779 2496 fla
800 2413 951 2478 morare.
970 2413 1065 2479 1282.

205 2649 379 2718 Ladinlans
389 2649 449 2717 Dei
462 2651 574 2733 gracia
584 2645 762 2733 chgarie,
773 2646 951 2734 Dalmacie,
963 2646 1105 2732 creante,
1115 2646 1226 2734 Reme,

104 2757 230 2844 Seruio,
246 2757 393 2844 Gallicis,
408 2755 606 2846 Lcdomerie,
626 2755 780 2822 (inmanis
799 2753 1014 2841 Bnlgarieqne
1038 2755 1107 2823 Rex
1122 2756 1225 2822 omni-

104 2866 166 2932 bns
198 2865 315 2934 Christi
340 2863 489 2933 fidelibus
504 2871 671 2952 presentes
687 2864 811 2932 litteras
829 2863 1022 2949 inspecturis
1039 2863 1177 2930 salntem
1191 2862 1226 2929 in

104 2975 224 3042 salutis
241 2974 405 3058 largitore.
422 2973 474 3040 Ad
489 2973 710 3040 vninersornm
726 2972 883 3040 noticiam
901 2978 1012 3039 tenore
1027 2969 1225 3058 presencium

104 3081 256 3148 volumus
272 3081 457 3168 peruenire:
474 3081 560 3166 qnod
577 3100 637 3148 nos
653 3079 865 3148 consideratis
880 3077 1088 3146 fidelitatibus
1104 3084 1136 3145 et
1148 3089 1225 3146 'ser-

105 3189 265 3257 niciornm
280 3189 405 3258 meritis
422 3189 559 3257 Comitis
576 3189 687 3274 Sygne
702 3187 761 3274 filij
779 3187 935 3275 Thomoy,
951 3207 1014 3272 qne
1029 3187 1121 3255 nobis
1137 3188 1225 3256 inde·

106 3299 197 3366 iesse
222 3297 392 3365 fidelitatis
417 3298 524 3365 studio
549 3297 673 3364 sollerti
700 3318 779 3364 cura
797 3295 941 3364 exhibuit
956 3303 1086 3384 propter
1101 3296 1227 3364 Corone

105 3404 307 3490 fidelitatem,
323 3413 356 3474 et
367 3406 469 3492 Regia
483 3405 754 3473 remuneracionis
770 3407 811 3474 ob
827 3410 1026 3492 respectum
1043 3404 1228 3492 specialiter

106 3521 196 3600 tnnc,
223 3514 354 3595 qnando
378 3515 564 3600 generalem
584 3515 766 3583 conflictum
782 3513 817 3580 in
832 3513 928 3582 Hond
944 3515 1125 3602 habuimus,
1141 3513 1226 3582 idem

106 3623 224 3692 Cornea
249 3624 356 3709 Sygne
381 3643 489 3689 coram
515 3623 617 3690 oculis
642 3629 750 3690 nostre
774 3623 966 3710 Mayestatis
982 3623 1228 3694 concinentibus

106 3734 148 3801 ad
175 3733 281 3799 aciem
306 3729 449 3818 ipsornm
469 3731 670 3798 inimicorum
689 3736 870 3798 nostrornm
887 3750 923 3799 se
938 3731 1100 3821 imposuit,
1116 3731 1228 3800 letale·

108 3861 172 3925 qne
200 3840 304 3907 wlnus
329 3841 522 3925 acceptarit
539 3840 607 3908 Nos
624 3837 721 3923 igitar
737 3839 905 3924 cupientes
922 3839 1060 3908 eundem
1076 3840 1228 3928 amplecti

108 3949 212 4034 Regio
226 3947 354 4033 fauore,
370 3956 402 4015 et
419 3949 552 4034 speciali
577 3949 792 4050 prerogatina
806 3946 1018 4032 congaudere,
1034 3954 1066 4015 et
1081 3955 1119 4017 vt
1132 3948 1230 4017 ceteri

108 4055 229 4124 sorcius
254 4053 298 4122 ad
323 4054 490 4123 fidelitatis
507 4076 604 4142 opera
620 4054 836 4124 accendatur:
856 4054 959 4123 cidem
977 4074 1018 4122 ex
1033 4055 1149 4141 Regali
1163 4075 1229 4123 rnn-

109 4163 284 4232 niticeneia
300 4161 474 4249 sonandam
498 4171 617 4232 terram
634 4163 741 4230 castri
756 4163 859 4230 nostri
876 4165 1001 4232 Borsna
1015 4163 1231 4252 adiacentem,

110 4271 143 4340 in
167 4270 330 4340 Comitatn
357 4269 398 4339 dc
423 4273 553 4340 Zotmar
578 4273 779 4356 existentem,
796 4271 953 4357 Myrgusd
969 4279 1129 4360 vocatam,
1145 4272 1229 4340 inter

110 4386 214 4448 terras
239 4378 391 4468 Tereche,
417 4380 543 4467 Bogda,
569 4383 687 4468 Keras,
708 4379 826 4466 Vylolr‚
842 4379 960 4449 Bnhnd
976 4381 1125 4448 similiter
1141 4381 1229 4448 adia·

89 4481 92 4486 ’
113 4495 249 4574 centem,
266 4487 396 4558 nomine
412 4496 498 4558 terre
514 4510 571 4558 sen
589 4489 802 4575 possessionis
819 4489 889 4557 sine
904 4489 1230 4579 herededeeedentis‚

112 4604 283 4688 amneque
297 4597 468 4692 collacioni
484 4597 708 4696 pertinentem,
719 4619 778 4692 per
787 4605 912 4674 veteres
921 4599 1048 4674 metiar
1058 4607 1090 4677 et
1101 4599 1231 4678 datac-
