3138 5164
840 259 908 326 500

305 456 494 537 perpetuam
519 450 701 518 firmitatem
717 459 886 538 presentes
903 453 1029 522 litteras
1047 454 1171 523 eisdem
1198 455 1352 524 iratribus
1380 478 1435 524 no·
1556 471 1557 504 ³

304 557 390 644 stris,
406 557 544 624 libenter
569 565 601 626 et
624 559 808 626 liberaliter
832 567 940 628 nostre
967 563 1128 628 voluntati
1151 561 1374 630 annuentibus
1399 563 1434 628 in
1556 555 1557 612 ἐ

304 665 365 733 hoc
380 667 477 752 lacto,
495 667 568 734 dari
594 667 740 754 fecimus,
772 668 874 750 sigilli
906 671 1008 735 nostri
1039 673 1242 756 appensione
1274 673 1426 738 munitas.

305 773 424 840 Datum
439 780 589 841 etactum
604 775 761 859 Strigonij
779 795 863 840 anno
891 777 1023 843 Domini
1050 777 1170 843 Μῡῡῦο
1193 777 1433 844 LXXX⁰nono
1556 767 1557 776 ¹

305 881 338 946 in
358 883 483 947 octenis
499 881 610 948 Sancti
628 883 759 966 Georgij
776 880 930 948 martiris.

459 1077 508 1142 (Aa
522 1080 622 1132 eredeti
636 1079 702 1132 utin
714 1083 818 1146 limana,
832 1083 947 1148 Magyar
960 1083 1025 1134 Sion
1038 1083 1089 1134 IlI.
1104 1083 1163 1133 kot.
1176 1085 1237 1133 702.
1250 1083 1280 1146 l·)

756 1369 969 1382 ——..

832 1880 908 1946 360.

303 2080 367 2144 Pet
383 2036 624 2163 horvdtorsza'pi
638 2078 699 2141 boia
718 2077 884 2162 behccaepet
908 2078 964 2141 bot
988 2100 1010 2140 a
1026 2077 1180 2142 veleruczei
1198 2081 1432 2166 hbzlctrcusdq-
1556 2045 1557 2096 i

588 2183 590 2188 ’
768 2183 833 2270 qai.
852 2183 949 2248 1289.
1556 2193 1557 2200 ¹

394 2387 432 2451 In
449 2383 568 2453 Christi
579 2381 709 2448 nominc
720 2381 824 2447 Amen
835 2401 842 2463 ;
855 2377 909 2445 die
919 2378 1081 2446 dominico
1092 2381 1178 2447 XlV.
1190 2384 1310 2449 mensis
1319 2383 1437 2470 Medii,

302 2493 504 2580 presentibus
520 2493 641 2560 Jacobo
658 2491 786 2555 Donato
818 2485 979 2554 Leonardi
997 2485 1067 2556 sisi
1099 2489 1212 2556 Sancti
1244 2491 1427 2578 Eustachii,

301 2602 482 2670 Pancracio
498 2599 638 2667 Venerio
663 2597 775 2666 Sancti
800 2593 961 2662 Johannis
976 2595 1139 2682 decollati,
1157 2604 1189 2664 et
1208 2598 1433 2665 hlarcollari-

132 2773 137 2781 .
165 2717 168 2722 '
300 2719 392 2798 petro
408 2709 520 2778 Sancti
536 2705 671 2794 Severij,
688 2704 789 2770 Oculo
806 2701 1021 2789 Oanzellario,
1033 2710 1065 2768 et
1096 2705 1294 2772 Rustcehino
1311 2707 1433 2773 Benin-

297 2819 387 2886 tendi
402 2817 537 2906 hlotario
553 2821 584 2882 et
598 2813 706 2880 scriba
734 2813 875 2879 Ducatus
892 2809 1107 2876 veneciarum
1123 2813 1259 2880 testibus
1287 2815 1432 2899 vocatis,

301 2937 333 2995 et
349 2926 480 3011 rogatis,
498 2929 529 2990 et
544 2923 620 2989 aliis
635 2921 758 2989 multis.
772 2918 1027 2986 Goramlllustri
1043 2919 1173 2986 domino
1189 2921 1285 2987 Petro
1303 2921 1432 2987 Grade-

300 3037 372 3104 nico
389 3035 451 3102 Dei
468 3031 579 3118 gracia
604 3029 828 3114 Veneeiarum,
844 3027 1016 3094 Dalmacie
1032 3033 1130 3111 atque
1156 3027 1309 3095 Chroacie
1334 3028 1431 3097 Duce

298 3153 331 3212 et
344 3143 484 3210 Domino
501 3139 623 3218 Quarta
638 3139 746 3206 Partis
773 3145 805 3204 et
821 3136 966 3204 Dimidia
981 3135 1084 3203 tocius
1098 3135 1229 3223 Imperii
1245 3137 1430 3218 Romania,

300 3251 481 3319 astantibus
498 3249 560 3316 sibi
586 3246 745 3315 nobilibus
763 3245 842 3313 viris
873 3245 1006 3311 Andrea
1023 3245 1064 3311 de
1094 3243 1223 3327 Melino,
1254 3243 1428 3314 Leonardo

299 3359 451 3444 Venerio,
470 3357 595 3424 Marino
612 3355 744 3438 Ruzino,
763 3355 902 3420 Oratono
919 3351 1084 3433 Dandulo,
1111 3351 1265 3418 Gabriele
1290 3351 1434 3422 Deliino

299 3465 495 3534 etJohanne
520 3463 717 3549 Superancio
748 3461 860 3527 Sancti
891 3459 1021 3544 Angeli.
1040 3458 1177 3526 Nobiles
1209 3458 1269 3524 viri
1300 3457 1430 3525 domini

298 3575 428 3657 Pasqua
444 3574 484 3638 de
501 3571 673 3638 Vericasso
689 3575 722 3635 et
736 3566 916 3634 Domaldts
934 3567 975 3632 dc
1000 3563 1167 3651 Sadnlino,
1201 3565 1289 3630 cives
1313 3565 1430 3654 Jadre,

298 3685 421 3766 nuncii,
451 3685 693 3767 procuratores,
710 3675 829 3743 sindici
846 3680 878 3740 et
909 3679 1036 3740 actores
1067 3672 1201 3756 Egregii
1216 3671 1277 3739 viri
1307 3669 1439 3742 domini

298 3791 391 3857 Pauli
408 3787 634 3856 Brebarieneis
651 3784 734 3851 Bani
750 3790 781 3848 et
813 3783 884 3866 ejus
910 3771 1046 3848 fratrum
1073 3779 1208 3846 Comitis
1235 3777 1373 3862 Georgii
1399 3787 1436 3846 et

305 3891 439 3967 Comitis
454 3897 603 3976 Mladini,
620 3895 662 3960 ad
679 3891 886 3975 infrascripta
904 3889 1079 3975 constituti,
1096 3889 1180 3954 sicut
1210 3893 1348 3972 apparet
1374 3907 1441 3971 per

297 4013 545 4076 instrumentum
561 4003 729 4090 publicum
745 4000 821 4067 inde
837 3998 994 4082 scriptum
1011 4003 1044 4062 ct
1059 3997 1243 4062 roboratum
1271 4013 1329 4076 per
1357 4013 1431 4058 ma·

297 4138 373 4184 num
390 4115 522 4184 Henrici
537 4109 704 4196 imperiali
719 4107 914 4176 auctoritate
931 4103 1058 4170 Notarii
1073 4107 1104 4170 et
1133 4099 1304 4168 Jadrensis
1322 4136 1365 4146 —
1388 4138 1435 4150 -

298 4260 578 4275 -----
597 4239 682 4285 anno
699 4219 740 4284 ab
756 4213 991 4282 Incarnaoione
1008 4209 1126 4278 Christi
1152 4207 1345 4275 millessimo
1373 4208 1438 4275 du-

298 4331 474 4400 centesimo
485 4327 680 4413 octogesimo
696 4345 792 4413 nono,
809 4322 993 4390 indiccione
1003 4319 1103 4385 tercia
1119 4317 1171 4384 die
1182 4322 1274 4383 sexto
1284 4313 1442 4383 intrante

296 4461 408 4508 mense
423 4441 545 4525 Martij,
563 4433 796 4523 procuratorio,
814 4431 989 4499 sindicario
1016 4435 1048 4494 et
1065 4424 1185 4493 actorio
1209 4423 1343 4489 nomine
1369 4443 1440 4508 pro

297 4549 454 4638 predictis
472 4547 611 4614 dominis
628 4545 731 4612 Paulo
748 4547 859 4628 Banu,
877 4545 909 4608 et
935 4537 1112 4605 comitibus
1130 4531 1282 4616 Georgia,
1299 4539 1332 4597 et
1347 4531 1440 4600 blla·
1556 4609 1557 4630 E
