3126 5150
558 280 718 377 --Ι-ΡΞ-α

71 473 149 540 riter
163 472 400 558 intelleximus,
418 472 460 540 ad
477 473 665 539 memoriam
686 471 866 540 futurorum
887 479 918 538 et
933 470 1202 541 informacionem

71 587 250 646 ceterorum
278 581 485 666 presentibus
502 581 659 664 jussimus
685 582 846 648 annotari.
872 581 1016 647 Primum
1037 579 1206 665 siquidem,

72 709 141 755 cum
160 687 313 756 dominus
330 690 397 754 Rex
413 695 508 775 pater
531 693 645 754 noster
664 695 740 756 tunc
757 709 874 771 gerens
891 693 975 755 torre
993 687 1203 754 Transdanu-

73 797 170 862 bialis
187 795 457 882 gubernaculum,
474 817 494 862 a
511 796 594 862 facie
610 797 713 880 patris
731 797 792 880 sui,
805 797 860 878 quui
877 815 948 861 eum
966 815 1005 860 ex
1022 794 1206 862 infidelium

73 905 292 988 instigacione
317 905 463 987 relegato
491 911 627 989 paterne
651 904 782 990 pietatis
799 904 919 972 affectu
937 907 1203 989 persequebatur,

74 1015 105 1076 iu
128 1020 272 1078 castrum
299 1013 341 1079 de
357 1013 591 1098 Feketyvlrolm
616 1035 687 1080 cum
705 1034 811 1098 pauca
832 1013 985 1078 comitiua
1002 1011 1206 1098 declinasset,

74 1120 156 1186 idem
183 1121 342 1206 Magister
367 1121 481 1189 Petrus
508 1143 549 1188 ex
574 1121 729 1189 missione
755 1123 860 1207 patris
887 1122 993 1188 nostri
1019 1122 1081 1188 sub
1098 1128 1205 1187 castro

76 1229 181 1295 Deua
199 1237 311 1296 eontra
326 1227 543 1296 Cumanorum
560 1232 739 1298 exercitum
759 1229 899 1298 viriliter
915 1229 1093 1314 dimicavit,
1111 1247 1204 1311 quos·

77 1336 149 1402 dam
175 1356 217 1402 ex
242 1335 289 1402 cis
316 1338 522 1423 cuptiuando,
549 1337 708 1422 quosdam
733 1345 841 1405 antem
867 1336 1070 1423 perimendo,
1095 1338 1204 1404 trium·

78 1443 210 1528 pbalem
226 1447 408 1530 reportarit
428 1445 609 1531 victoriam,
635 1447 805 1530 negocium
825 1445 929 1528 patris
953 1445 1058 1511 nostri
1075 1446 1119 1510 ibi
1135 1443 1206 1512 feli·

78 1551 154 1619 riter
178 1552 371 1620 inchoando.
415 1555 570 1621 Preterea
598 1575 670 1620 cum
705 1561 847 1624 castrum
874 1553 1030 1636 Boryolra
1061 1573 1120 1636 por
1144 1551 1205 1616 ini·

80 1661 175 1728 miros
202 1662 306 1746 patris
331 1662 434 1729 nostri
460 1668 493 1727 et
517 1663 623 1744 Regni
649 1659 818 1744 Hungaric
839 1660 1064 1743 exploratores
1091 1656 1206 1725 fuisset

80 1777 277 1854 occupatum,
303 1770 448 1854 prefatus
467 1770 624 1853 Magister
641 1769 753 1835 Petrus
773 1789 845 1834 cum
863 1755 1019 1834 offusione
1036 1765 1206 1848 sanguinis

81 1879 126 1942 sui
145 1885 178 1942 ot
193 1884 294 1943 morte
311 1897 442 1945 suorum
458 1878 663 1962 recuperauit
678 1883 820 1942 castrum
837 1872 930 1962 illud,
945 1873 1204 1942 otiurisdiccioni

81 1986 217 2050 restituit
241 1984 384 2050 fidelium
410 1991 591 2051 nostrorum
618 1984 797 2050 eliminatis
826 1983 1010 2049 infidelibus
1027 2003 1067 2048 en
1083 1981 1204 2048 eodem.

81 2093 128 2158 bd
153 2093 224 2178 hec,
251 2114 323 2160 cum
354 2094 519 2180 predictus
545 2113 627 2162 euos
653 2100 764 2160 noster
790 2092 983 2158 transmissa
1007 2098 1205 2158 armatorum

82 2202 283 2270 multitudine
308 2202 445 2288 primum
471 2223 542 2290 nos,
572 2209 604 2270 et
630 2203 794 2268 dominam
817 2203 975 2284 Reginam
1000 2207 1146 2285 matrem,
1173 2207 1206 2265 et

82 2331 206 2380 sorores
225 2319 351 2380 nostras
375 2312 569 2379 karissimas
597 2310 638 2377 de
664 2319 771 2378 castro
788 2311 895 2376 Patak
917 2308 1012 2377 educi
1029 2309 1151 2376 fecerat
1174 2316 1206 2376 et

84 2421 226 2507 extraby‚
253 2428 286 2486 et
302 2421 420 2486 exinde
437 2427 561 2504 patrem
588 2426 734 2486 nostrum
751 2417 942 2501 inuestigarj
960 2417 1112 2503 faciebat,
1137 2435 1205 2482 ma-

83 2527 214 2593 chinans
234 2550 308 2596 eum
324 2530 454 2614 priuarc
479 2530 549 2596 iure
575 2529 724 2612 geniture
751 2537 782 2594 et
800 2528 904 2610 Regni
931 2525 1117 2594 diademate
1133 2545 1205 2611 spo-

82 2635 178 2719 liaro;
204 2637 275 2718 ipsc
291 2637 448 2719 Magister
466 2636 581 2702 Petrus
607 2655 679 2700 cum
704 2635 831 2702 Matheo
857 2633 958 2700 fratre
983 2653 1041 2700 suo
1067 2634 1205 2720 primum

84 2743 258 2828 captiuauit
283 2745 505 2828 spreoulatores
541 2745 701 2812 exercitus
729 2746 784 2828 cuj
815 2743 915 2826 nostrj
942 2749 1054 2808 contra
1078 2749 1203 2827 patrem

84 2857 221 2916 nostrum
247 2851 290 2916 ad
306 2850 541 2936 explorandum
568 2851 718 2918 clanculo
739 2851 938 2934 destinatos,
963 2851 1079 2933 quibus
1095 2849 1135 2915 de
1152 2869 1204 2916 ce·

85 2957 227 3041 ptiuitate
254 2959 438 3026 huiusmodi
463 2959 508 3026 ad
534 2961 694 3026 cautelam
720 2959 894 3041 absolutis,
921 2979 979 3050 por
1005 2958 1203 3042 quorundam

85 3065 239 3131 Beronum
266 3067 352 3151 patri
376 3073 487 3134 nostro
513 3065 675 3150 fidelium,
711 3066 789 3130 licet
814 3071 892 3148 tunc
918 3064 981 3149 ipsi
1006 3083 1069 3131 auo
1094 3072 1204 3132 nostro

86 3181 190 3241 coacte
213 3173 459 3261 famolancium,
480 3173 626 3240 Saxones
652 3179 684 3239 et
701 3174 761 3258 alij
784 3173 928 3238 homines
946 3171 1090 3254 regionis
1105 3173 1205 3238 Tran-

87 3281 206 3350 silvane
232 3283 275 3348 ad
301 3290 425 3368 patrem
451 3287 595 3348 nostrum
622 3281 797 3365 redierunt,
823 3299 895 3347 eum
920 3278 1103 3346 naturalem
1120 3284 1204 3346 terre

87 3387 242 3456 dominum
268 3396 511 3474 cognoscentes.
537 3391 574 3454 ln
590 3390 707 3472 quibus
732 3387 863 3472 quidem
889 3387 1017 3454 casibus
1043 3385 1130 3470 patri
1150 3406 1205 3450 no·

88 3503 147 3562 etro
175 3505 206 3564 et
230 3498 324 3566 nobis
350 3497 444 3580 quasi
469 3497 502 3561 in
529 3496 758 3582 desperacione
793 3495 918 3582 positis,
943 3493 1028 3562 idem
1050 3492 1204 3578 Magister

88 3602 191 3672 Petrus
216 3625 288 3672 oum
315 3603 428 3671 eodem
446 3603 603 3687 Magistro
620 3603 750 3669 Matheo
777 3603 877 3670 fratre
893 3623 962 3690 suo,
989 3611 1022 3668 et
1047 3623 1118 3669 cum
1134 3603 1205 3686 qui-

88 3711 213 3778 busdam
232 3713 310 3796 alijs
329 3713 388 3777 sub
404 3719 510 3778 castro
530 3711 675 3795 predicto
691 3719 723 3777 et
738 3711 820 3779 locis
836 3711 909 3777 aliis
926 3710 1072 3796 repetitis
1090 3730 1204 3796 nempe

89 3818 201 3886 uicibus
225 3841 286 3904 pro
302 3819 424 3886 honore
440 3827 473 3886 et
489 3819 688 3886 liboraoione
705 3820 831 3904 negooij
858 3819 963 3904 patris
979 3821 1081 3886 nostri
1098 3818 1204 3884 dubiis

89 3925 233 3992 bellorum
250 3929 420 3994 edentibus
445 3949 480 3994 se
497 3933 697 3994 committere
722 3948 787 3993 non
804 3927 936 4012 expauit
953 3932 1097 4010 potenter
1115 3923 1205 3989 dimi-

89 4035 193 4122 cando,
210 4035 362 4101 militiam
390 4034 535 4102 exercuit
561 4036 745 4117 frequenter
764 4036 963 4119 virtuosam,
990 4034 1123 4100 sudores
1140 4033 1205 4098 bel-

89 4138 159 4206 licos
187 4150 217 4208 et
231 4143 347 4208 letalia
372 4143 508 4208 uulnera
534 4141 743 4227 sustinendo,
766 4143 906 4208 maxime
932 4141 964 4206 in
982 4161 1020 4208 eo
1046 4140 1204 4224 conflictu,

88 4248 210 4328 quando
228 4251 428 4316 Laureucius
454 4250 539 4316 filius
555 4252 681 4335 llemyn
708 4249 850 4316 etmulti
875 4250 933 4338 olij
962 4249 1047 4335 capti
1067 4248 1205 4334 luerunt,

89 4359 117 4417 et
131 4355 238 4440 plures
256 4358 405 4441 iugulati.
431 4359 517 4426 Sane
543 4379 614 4425 oum
630 4359 749 4424 llernei
766 4359 876 4424 Banus
900 4363 932 4423 et
948 4355 1005 4443 ulij
1026 4356 1129 4424 nostri
1145 4359 1202 4422 Ba-

89 4481 172 4532 rones
188 4473 359 4553 prenotate
374 4467 613 4554 persecucionis
631 4473 776 4552 tempore
791 4473 904 4532 contra
919 4474 1044 4551 patrem
1061 4471 1203 4532 nostrum

89 4581 203 4640 armata
229 4573 351 4642 milicia
377 4574 601 4661 accessissent,
630 4575 715 4640 idem
732 4575 888 4658 Magister
903 4575 1020 4641 Petrus
1045 4593 1117 4638 cum
1135 4593 1204 4657 prc-
