3146 5166
834 233 992 338 ...Q-

348 423 415 490 mul
445 443 517 490 eum
556 423 682 490 Gemite
712 423 881 492 Herbordo
912 426 1078 508 quendam
1109 429 1346 512 possessionem
1377 449 1476 496 suam

346 530 503 598 Kwthfeu
520 539 670 599 rooatam
687 532 720 598 in
738 529 895 601 Oltaruoh
910 534 1113 621 existentem,
1130 555 1188 622 per
1203 536 1360 621 antiquas
1377 546 1487 604 metas

349 644 381 704 et
396 639 562 724 terminos,
579 646 609 706 et
625 657 698 705 oum
714 641 864 708 omnibus
890 639 1085 708 vtilitatibus
1113 648 1146 709 et
1169 643 1385 728 pertinenoijs
1411 643 1487 711 suis

349 747 490 831 receptis
507 747 644 830 triginta
661 748 779 816 mareis
805 769 825 814 a
850 748 974 816 Gemite
1000 746 1110 816 Oehuz
1135 749 1348 836 adplenum,
1376 749 1485 818 eidem
1566 799 1567 804 η

238 911 241 918 .
350 851 468 919 Comiti
485 845 609 937 0bhuz,
626 858 659 920 et
674 875 732 940 per
748 875 822 921 eum
838 853 905 922 suis
922 854 1098 922 heredibus
1124 857 1322 924 heredumne
1345 877 1481 925 suorum

347 960 603 1044 suecessoribus,
621 961 775 1029 dixerunt
790 961 976 1029 uendidisse
992 963 1025 1028 in
1042 971 1231 1048 perpetuum
1248 963 1479 1051 possidendam

347 1068 444 1154 pleno
459 1071 539 1136 iure.
556 1070 616 1137 Cui
633 1078 719 1138 terre
734 1067 882 1136 Kuthfer
898 1074 1014 1135 uooete
1028 1071 1070 1137 ab
1081 1070 1249 1137 oeeirlente
1259 1077 1489 1142 oommetanei-

348 1183 423 1243 sunt
439 1176 598 1260 Magister
617 1173 723 1240 Buzal
742 1180 775 1235 ot
799 1168 985 1242 Friderious
1000 1175 1059 1262 filij
1078 1177 1172 1244 enak
1188 1179 1281 1264 Bani,
1301 1187 1333 1245 et
1347 1179 1392 1245 ab
1418 1181 1480 1246 ori-

344 1289 418 1350 ente
433 1289 508 1352 sunt
522 1290 608 1351 mete
623 1289 708 1350 terre
723 1283 894 1368 Desoyoh;
912 1282 989 1350 item
1016 1304 1037 1348 a
1053 1284 1195 1350 meredie
1228 1293 1362 1371 separat
1389 1287 1473 1353 Gur·

348 1381 410 1475 ges
422 1391 494 1458 riue
508 1392 597 1458 riuus
615 1390 790 1474 Oltaunoh3
808 1395 840 1456 et
856 1391 898 1456 ab
914 1391 1069 1474 aquilone
1083 1391 1118 1456 in
1137 1412 1203 1458 una
1219 1392 1385 1478 particula
1399 1401 1472 1461 tnn-

344 1497 393 1582 git
407 1503 496 1566 terra
510 1497 647 1566 Baohita
661 1504 787 1564 rosato.
800 1497 849 1563 Eo
860 1503 955 1580 paeto
966 1495 1166 1585 interposito,
1184 1483 1271 1582 quod
1285 1501 1381 1567 nulla
1396 1507 1477 1568 tem-

344 1623 458 1689 porum
469 1606 583 1692 spaoia
592 1604 772 1674 futurorum
782 1623 843 1672 nee
853 1604 927 1689 ipsa
937 1604 1070 1671 domina
1080 1623 1140 1670 neo
1150 1603 1477 1694 conesflernordus,

342 1731 402 1779 neo
411 1714 515 1781 eoiam
524 1713 643 1798 aliquis
654 1722 866 1799 cognatorum
880 1731 1009 1780 suorum
1026 1731 1122 1798 super
1131 1712 1281 1798 predicta
1290 1717 1474 1800 possessio-

344 1839 386 1887 ne
408 1820 531 1889 Kutseu
556 1827 670 1889 uooute
688 1819 774 1908 (igy)
791 1819 952 1887 Comitem
962 1819 1370 1890 Oohuzuelsuorheredes
1382 1831 1477 1908 pote·

344 1933 419 1994 runt
432 1927 620 2012 aliqualiter
636 1929 824 1996 molestare.
841 1929 882 1994 Ilt
897 1927 926 1994 si
941 1927 1105 2014 quispiam
1121 1930 1281 2015 premisse
1307 1930 1483 1998 uendieio·

343 2032 395 2102 nis
411 2041 617 2120 transgessor
633 2036 685 2102 uel
701 2035 877 2121 impeditor
894 2037 1060 2122 existeret,
1094 2037 1244 2121 predicta
1275 2037 1412 2103 domina
1445 2045 1480 2106 et
1566 2125 1567 2130 ἵ

343 2141 457 2209 (lomes
473 2143 662 2212 Herbordus
678 2143 836 2212 Comitem
853 2142 963 2211 Oohuz
979 2149 1012 2209 et
1022 2163 1098 2211 suos
1124 2142 1261 2212 heredes
1286 2164 1479 2230 assumpse

342 2255 417 2316 runt
432 2253 586 2337 expedire
602 2251 670 2319 suis
687 2249 855 2319 laboribus
872 2257 904 2319 et
919 2251 1080 2336 expensis.
1098 2252 1136 2318 In
1152 2253 1244 2320 euius
1261 2271 1319 2336 rey
1344 2269 1472 2318 memo-
1566 2255 1567 2260 ’

342 2358 425 2424 rium
440 2359 693 2442 firmitatemque
724 2365 914 2444 perpetuam
940 2358 985 2425 ad
1009 2359 1203 2444 peticionem
1228 2359 1373 2444 peruium
1398 2380 1479 2444 pre-

343 2471 454 2558 sentes
470 2465 690 2534 oonoessimus
705 2467 835 2533 litteras
850 2465 952 2550 sigilli
969 2467 1070 2532 nostri
1085 2464 1263 2532 munimine
1290 2467 1476 2534 eommuni-

341 2578 403 2638 tas.
422 2571 543 2640 Datum
559 2593 646 2640 anno
660 2572 792 2639 Domini
808 2572 928 2639 M⁰OG⁰
943 2571 1141 2656 octagesimo
1157 2593 1253 2640 nono.

343 2785 479 2854 (Eredette
491 2784 667 2856 bbrhtrtylrn,
678 2788 791 2857 melprttl
803 2803 821 2838 a
835 2784 931 2856 penset
942 2785 1115 2854 sirpe-verbs
1127 2784 1358 2854 selyemssinbron
1370 2789 1461 2856 sum

650 2891 668 2928 a
680 2877 762 2930 burlsi
776 2877 826 2929 luir.
837 2877 961 2930 lamanai
973 2873 1165 2943 leveltlsbau.)

799 3159 1010 3177 „hu—-

860 3667 938 3735 369.

336 3867 395 3933 IV.
414 3869 533 3936 Mittor
561 3869 651 3953 pope
677 3890 699 3931 a
731 3869 874 3932 morinos·
899 3867 1113 3953 perpetratos
1144 3863 1304 3951 tctrpyazo
1317 3862 1395 3928 341.
1424 3886 1469 3931 az.

336 3999 368 4039 a.
384 3973 960 4060 iotezkedeseorbsopaoatooitdectra
974 3971 1142 4038 ooootkozo
1156 3971 1283 4036 iratolt:
1300 3967 1336 4051 1)
1353 3965 1383 4032 A
1398 3976 1471 4054 pct-

491 4104 541 4167 φα
556 4079 717 4146 tributore
740 4077 890 4143 &reinolt
907 4079 1026 4146 idezber'
1041 4079 1202 4146 rendelete.
1219 4078 1315 4145 1289.

443 4224 630 4342 Venerabili
645 4276 679 4340 in
696 4273 825 4342 Christo
841 4274 927 4358 patri
943 4273 1075 4341 domiuo
1099 4274 1193 4340 fratri
1209 4271 1366 4358 Gregorio
1379 4271 1468 4358 Epi·

335 4404 434 4470 soopo
449 4383 677 4469 Traguriensi3
710 4401 748 4449 eo
772 4381 951 4450 reverendo
966 4380 1038 4449 viro
1057 4379 1193 4448 domiuo
1209 4379 1377 4448 Leonardo
1395 4379 1468 4446 Fa-

334 4495 418 4560 letro
433 4491 577 4557 Plebeno
592 4487 703 4556 Sancti
719 4489 836 4572 Angeli
856 4489 897 4557 de
912 4488 1075 4574 Veneoijs,
1091 4489 1268 4556 Morinensi
1286 4495 1318 4554 et
1333 4486 1469 4554 Sibeui-
1566 4513 1567 4566 i
