3080 5160
634 279 790 380 Q

143 467 450 644 ἓξῒιιὶξῑτίεοηί]
477 489 565 536 enno
582 469 714 542 Domini
732 473 776 538 li⁰
792 471 858 538 00⁰
874 473 1048 542 LXXXIV
1063 475 1097 543 in
1113 473 1275 544 dominico

191 583 224 643 to
276 578 283 593 '
311 578 332 644 i.

227 773 279 842 (Aa
293 775 398 827 eredeti
411 773 479 826 uttn
493 776 590 828 Xnans
602 774 723 839 Nlndor,
742 779 859 846 Magynr
872 777 938 829 Sion
951 778 1002 829 111.
1017 779 1071 830 lr'ot.
1085 779 1146 838 los,
1160 781 1190 846 l.)

675 1559 753 1626 284.

140 1758 306 1824 Domokoe
322 1780 417 1824 comeo
432 1781 453 1820 a
470 1757 580 1843 kirtly
595 1758 716 1821 udoore’
733 1759 1014 1843 tilroeoyezekomek
1029 1733 1176 1846 altiroja
1192 1783 1274 1844 moq-

141 1867 273 1951 hapyja
288 1889 310 1929 a
327 1865 460 1929 laevam·
474 1863 679 1943 konoentoek,
695 1865 779 1950 liopy
794 1865 879 1930 Poste
894 1873 1094 1932 commeasset
1110 1865 1199 1931 illeso
1208 1865 1270 1930 to·-

251 1976 311 2057 edp
317 1970 445 2057 fejlbem
462 1971 560 2055 Beya
575 1971 699 2058 helyeeq
716 1970 883 2037 limokooa
900 1972 1048 2057 lelpezze.
1067 1974 1165 2040 1284.

250 2199 373 2267 Amiois
389 2200 456 2268 sois
481 2199 653 2286 Prepesito
668 2206 701 2266 et
716 2201 898 2268 conuentul
932 2200 975 2268 de
1004 2201 1136 2268 Hotuan
1154 2201 1270 2270 Comes

140 2309 335 2376 Dominieus
352 2303 529 2373 Vieeiudex
546 2307 641 2374 Gurie
657 2306 779 2374 domini
795 2305 893 2390 Regis
909 2307 1092 2375 amioieiam
1108 2316 1268 2394 paratam.

141 2417 321 2499 Noueritis,
348 2412 433 2497 quod
459 2413 574 2488 (lomes
589 2415 674 2481 Pous
690 2401 775 2482 ‘filius
792 2415 900 2482 Mersa
916 2417 1130 2499 personaliter
1146 2435 1272 2503 eompa-

140 2521 245 2591 rendo
271 2522 415 2590 exhibuit
439 2523 565 2590 litteras
582 2521 721 2608 Capituli
737 2522 906 2600 Budensls‚
923 2522 1018 2588 iuxta
1033 2529 1176 2592 tenorem
1193 2543 1271 2608 qua-

142 2653 215 2700 rum
227 2684 236 2718 ‚
272 2629 450 2700 seeundum
476 2649 568 2696 suam
593 2629 846 2714 obligaeionem‚
873 2632 978 2700 Jooou
1003 2629 1103 2696 filium
1129 2631 1271 2718 Xeehen,

141 2739 270 2807 Aeham
295 2737 427 2804 tratrem
460 2735 615 2820 eiusdem,
641 2744 673 2804 et
696 2734 842 2804 Poukam
869 2737 972 2805 filium
997 2737 1119 2824 Peme,
1145 2738 1180 2804 in
1204 2758 1271 2805 vno

138 2865 253 2915 mereo
277 2865 336 2931 pro
361 2843 447 2911 laeto
472 2843 654 2930 principali,
678 2851 710 2910 et
736 2843 835 2929 duplo
862 2845 960 2912 trium
977 2863 1177 2930 marearum
1194 2845 1272 2914 item

135 2955 234 3020 iuxta
249 2951 388 3020 sormam
404 2952 586 3017 litterarum
597 2949 807 3034 judicialium
822 2971 885 3018 non
903 2950 1120 3036 competendo
1130 2971 1190 3018 nee
1202 2954 1271 3020 mit-

137 3061 240 3130 tendo
266 3081 326 3146 per
351 3055 485 3128 eundem
503 3057 658 3125 Comitem
675 3059 759 3126 Pom
777 3057 1054 3144 exhibitorum,·in
1072 3067 1209 3144 quatuor
1220 3063 1272 3146 ju·

138 3169 241 3254 dieijs
267 3171 380 3236 eontra
407 3165 543 3234 eundem
560 3165 716 3234 Comitem
732 3167 831 3254 Pons,
847 3166 977 3235 eosdem
994 3167 1207 3251 comperimus
1223 3187 1271 3236 re·

138 3276 314 3344 mansisse.
344 3271 505 3352 Quocireo
535 3273 717 3341 amieieiam
748 3280 888 3342 vestram
919 3275 1058 3360 petimus
1090 3272 1273 3357 diligenter,

136 3387 303 3468 quotenus
327 3387 470 3449 vestrum
496 3379 580 3448 detis
604 3380 833 3468 testimonium,
860 3401 971 3449 eorem
996 3401 1059 3464 quo
1080 3379 1271 3448 Leonardus

135 3487 228 3557 filius
252 3487 373 3555 Moohlr
398 3487 440 3554 de
468 3505 589 3572 genere
605 3473 722 3554 Buohk
740 3487 837 3554 homo
853 3487 975 3554 domini
990 3488 1091 3572 Regis
1106 3507 1163 3574 pro
1180 3485 1269 3570 footo

134 3595 328 3686 principali,
353 3591 508 3662 videlieet
532 3613 598 3662 une
613 3613 726 3662 maroa
742 3603 774 3663 et
790 3593 890 3682 duplo
913 3597 1012 3664 trium
1028 3613 1219 3684 marearum,
1237 3604 1270 3663 et

135 3703 273 3773 racione
290 3709 442 3788 quattuor
450 3701 648 3790 judioiorum
665 3701 882 3788 predictorum
897 3703 1005 3789 ipsum
1016 3703 1172 3770 Comitem
1183 3695 1270 3770 Peos

135 3809 327 3880 introducet
353 3813 386 3877 in
411 3809 635 3895 possessiones
661 3809 804 3896 ipsorum
834 3809 947 3897 Jseou,
976 3809 1069 3876 Aehe
1100 3817 1131 3876 et
1154 3809 1271 3878 Peuke
1344 3839 1347 3846 ·

135 3921 236 4005 ssuya
251 3925 427 4002 vocatam
443 3915 496 3984 die
511 3915 763 3984 introdueeionis
779 3935 882 4002 usque
897 3915 1172 3999 quintodeoimum
1182 3917 1268 3984 diem
1282 3999 1286 4006 Ι

134 4043 383 4114 permansurum
409 4024 443 4090 in
469 4021 602 4110 eisdem,
631 4023 659 4091 sl
685 4043 749 4092 non
764 4023 863 4090 fuerit
879 4023 1125 4109 contradictum,
1142 4029 1269 4092 eontra·

135 4133 282 4202 dictores
308 4139 417 4200 eutem
442 4132 470 4200 si
496 4132 550 4216 qui
578 4131 708 4219 luerint,
725 4138 757 4198 et
772 4129 959 4217 speeieliter
975 4131 1141 4217 predictos
1156 4129 1269 4215 Jsoou,

134 4239 264 4310 Aehom
290 4247 323 4306 et
347 4237 497 4306 Pookom
513 4237 557 4306 erl
572 4237 707 4322 Regiam
723 4237 801 4304 citet
815 4237 1019 4323 perserieiom
1037 4237 1083 4306 ad
1098 4238 1271 4306 terminum

136 4353 394 4438 eompetentem;
422 4346 561 4414 dicendo
587 4345 708 4414 eisdem
732 4345 836 4414 Jeeou
862 4351 894 4412 et
920 4345 1025 4414 Pouee
1041 4345 1141 4412 uerbo
1157 4345 1270 4434 Regio,

135 4457 226 4552 quod
236 4457 271 4524 in
286 4456 425 4523 termino
443 4453 506 4522 sibi
521 4455 689 4542 assignato
706 4459 915 4539 eompereent
928 4451 1145 4540 personaliter
1160 4471 1270 4520 eoram
1406 4528 1411 4540 ,

135 4565 268 4634 domino
297 4561 385 4648 Rege
413 4581 513 4650 super
532 4559 811 4670 laetevprineipoli
829 4562 1048 4648 perempniter
1064 4555 1270 4648 responsurij'
