3146 5166
765 322 925 422 ..b-id—

280 521 390 602 partes
415 513 491 581 illus
518 513 675 583 accedere
700 518 871 602 nequimus
889 538 988 602 vsquc
1004 516 1119 584 modo:
1147 519 1233 584 scire
1258 517 1409 584 volumus

279 623 468 690 fidelitatem
485 627 635 708 vestram,
656 623 743 706 quod
760 625 793 691 in
811 626 901 693 breui
918 626 961 692 ad
979 627 1153 694 vestalem
1172 626 1334 692 hominem
1351 627 1408 693 da-

279 731 450 818 stinamus,
466 731 521 814 qui
549 751 607 798 vos
639 737 744 798 tama
772 733 886 820 Paulo,
919 735 975 818 qui
992 735 1096 801 ricem
1125 739 1208 819 gerit
1225 755 1286 820 prc
1317 735 1411 801 Banu

281 838 450 924 Maritima,
475 857 573 922 quem
599 860 621 906 a
644 840 769 908 ciuibus
794 841 923 926 Spalati
943 849 975 910 et
1002 843 1044 909 de
1070 843 1234 928 Sibcnigh,
1262 863 1303 908 ac
1330 841 1412 925 alijs

279 949 429 1016 omnibus
464 968 522 1015 vos
547 947 806 1033 molestantibus,
831 949 1025 1018 defensabit.
1054 949 1201 1017 Misimus
1227 951 1333 1016 eciam
1361 951 1412 1014 eis

280 1055 404 1124 litteras
420 1063 558 1142 nostras,
574 1064 608 1124 vt
632 1078 653 1124 a
680 1057 966 1124 molestacicnibus
984 1065 1017 1123 et
1044 1057 1291 1142 grauaminibus
1317 1057 1412 1124 vobis

281 1163 457 1232 inferendis
474 1163 634 1232 desistunt
650 1165 787 1251 penitus,
805 1175 839 1234 et
854 1167 958 1233 eciam
974 1167 1218 1250 conquiescant.
1238 1167 1288 1231 De
1317 1165 1410 1231 dam-

281 1272 332 1338 nis
348 1269 508 1356 siquidem
524 1271 641 1339 vestris
658 1272 820 1339 iusticiam
845 1271 918 1340 fieri
933 1272 1090 1340 faciemus
1107 1271 1295 1358 pleniorem,
1311 1280 1410 1358 prout

281 1377 383 1463 exigit
399 1377 479 1445 crdo
495 1377 622 1445 iurium.
639 1379 785 1447 Petimus
802 1400 953 1466 namque,
970 1387 1007 1457 et,
1019 1379 1170 1445 fidelitati
1188 1387 1295 1448 vestre
1312 1381 1409 1446 firmi-

281 1493 332 1552 ter
356 1485 547 1552 mandamus
562 1487 787 1574 precipientes,
800 1493 961 1570 quatenus
976 1487 1164 1554 addelitate
1175 1495 1331 1556 consucta
1345 1509 1411 1553 non

283 1592 483 1680 recedentes,
500 1595 595 1661 nobis
621 1594 811 1662 fidelitatem
837 1595 981 1662 debitam
1006 1593 1204 1679 obscrnetis;
1236 1603 1266 1662 rt
1291 1616 1350 1660 nus
1375 1595 1411 1659 fi-

281 1700 450 1766 delitatem
490 1708 632 1768 vestram
673 1703 834 1786 pessimus
871 1723 935 1769 non
976 1701 1137 1768 immerito
1168 1703 1408 1769 commendare.

282 1809 403 1876 Datum
420 1808 510 1908 itude
526 1809 627 1876 tercio
644 1805 695 1876 dic
712 1810 824 1878 Sancti
842 1810 1014 1892 Laurcncij
1027 1809 1184 1878 martiris.

533 2025 656 2094 (Lucius,
669 2028 797 2080 Memoris
809 2027 927 2078 storichc
941 2027 969 2078 di
981 2027 1054 2078 Trau
1067 2027 1110 2079 92.
1120 2023 1152 2093 1.)

742 2313 955 2323 .-.—-—.—--

814 2847 891 2914 424.

283 3044 344 3114 IV.
370 3051 486 3116 Lctsztc
510 3051 687 3134 kirdlynak
703 3049 850 3115 elismcrb'
875 3047 966 3113 tcvete
987 3043 1076 3110 Tuan
1092 3050 1188 3112 cdrcc
1214 3047 1409 3131 temepttez,

282 3160 364 3244 kopp
378 3183 400 3222 a
414 3159 523 3225 dissui
538 3164 599 3224 adr
613 3157 807 3223 cddclmtben
838 3157 1004 3246 sepitsdpet
1034 3157 1187 3264 cycjtctt.
1220 3132 1271 3218 Ευ
1297 3154 1413 3220 natast

389 3352 565 3423 Ladizlaus
581 3355 646 3421 Dei
662 3354 775 3439 grecia
790 3355 859 3420 Rex
876 3349 1206 3438 Hungariefidelibus
1217 3348 1407 3419 suiandici

284 3467 317 3527 et
331 3461 558 3530 communitati
568 3462 779 3548 Traguriensi
790 3463 927 3531 salutem
944 3469 977 3529 et
991 3459 1147 3546 grauiam.
1159 3459 1406 3524 Nunciuuernnt

282 3569 376 3637 nobis
394 3571 536 3657 hospites
552 3571 655 3638 nostri
681 3568 722 3638 da
747 3571 869 3654 Klissa,
888 3567 975 3653 quod
1004 3588 1063 3636 vos
1091 3567 1126 3632 in
1156 3564 1409 3634 conseruucicne

282 3676 382 3744 castri
399 3697 508 3744 corum
523 3697 676 3762 magnum
693 3677 742 3745 eis
758 3675 916 3742 auxilium
943 3673 1129 3760 prebuistis.
1161 3669 1270 3750 Quare
1296 3678 1404 3738 vestre

281 3778 434 3850 fidelitati
450 3783 658 3870 mandamus,
671 3789 831 3868 quatenus
846 3801 905 3867 pro
920 3777 1104 3848 huiusmodi
1119 3777 1283 3846 fidelitate
1298 3785 1413 3845 vestra

283 3889 433 3958 volumus
448 3893 541 3961 vobis
556 3891 600 3959 ad
614 3891 815 3959 voluntatem
831 3895 974 3956 vestram
991 3905 1156 3955 sucurrere
1173 3887 1288 3969 gracia
1303 3884 1409 3967 Regia

283 4004 317 4064 et
332 3997 464 4084 iancre;
480 4005 513 4065 et
528 3998 745 4085 precipientes
762 3997 864 4083 vobis,
886 3996 972 4080 quod
987 3994 1190 4077 fidelitatem,
1206 4011 1305 4076 quam
1330 3991 1406 4058 bac·

284 4111 379 4173 tenus
395 4107 490 4175 nubis
506 4107 700 4174 exhibuistis
715 4106 749 4174 in
766 4103 1018 4173 conseruacione
1033 4102 1111 4170 dicti
1127 4101 1237 4186 castri,
1254 4108 1287 4168 et
1302 4099 1409 4168 adhuc

283 4213 469 4299 impendere
485 4213 642 4283 debeatis.
658 4217 779 4282 Datum
796 4213 886 4280 Bude
902 4212 936 4277 in
953 4209 1117 4278 dominice
1132 4208 1360 4277 Reminisccre.

521 4411 641 4478 (Lucius,
654 4413 786 4464 Memoria
799 4409 916 4465 storiche
928 4409 956 4462 di
968 4409 1050 4464 Trea.
1066 4410 1125 4463 lte.
1148 4403 1180 4474 l.)

742 4673 956 4691 ὴ
