3146 5166
819 891 898 957 387.
989 898 992 906 '

290 1068 321 1133 A
337 1069 439 1136 badad
453 1071 681 1156 ltdptcluunak
697 1072 975 1157 biaocysdplauete,
993 1075 1076 1160 bcpy
1096 1071 1206 1138 Felretc
1230 1073 1350 1140 neuter
1365 1099 1408 1141 ω’

291 1201 351 1246 mar
365 1181 514 1266 diacuycs
524 1180 625 1246 tudae·
638 1181 783 1246 restittat
799 1205 820 1244 c
830 1181 1021 1267 cydleaiqetc'
1031 1181 1327 1267 apdczaza'rdcnak
1342 1185 1403 1267 utp-

537 1287 737 1374 rmdetettteq
751 1289 1043 1374 bupycmdcyozott.
1069 1289 1167 1354 1290.

567 1480 597 1544 A
826 1481 853 1546 B
1131 1481 1156 1547 0

397 1671 580 1759 Capitulum
596 1673 756 1742 Budensis
771 1676 916 1742 Ecclesic
951 1675 1100 1743 omnibus
1122 1674 1243 1743 Christi
1253 1675 1407 1760 fidelibus,

293 1778 410 1865 quibus
425 1789 593 1866 presentes
609 1781 832 1866 ostenduntur,
850 1783 988 1851 salutem
1013 1785 1046 1850 in
1073 1783 1214 1850 omnium
1239 1783 1408 1850 suinetcre.

293 1887 346 1955 Ad
362 1888 584 1955 uniuersorum
600 1889 754 1955 noticiam
770 1897 882 1958 tencre
898 1891 1104 1974 presencium
1131 1891 1279 1957 volumus
1304 1909 1410 1976 perne·

293 1994 374 2076 nire,
390 1993 477 2076 qued
509 1991 622 2060 Gemes
646 1994 813 2079 Nycclaus
846 1995 947 2080 Niger
973 1997 1059 2063 tilius
1090 1997 1193 2063 Erens
1219 1996 1261 2062 de
1294 1995 1412 2062 Calidis

294 2100 396 2183 Aquis
413 2119 520 2168 coram
537 2101 630 2169 nobis
656 2101 872 2186 personaliter
896 2103 1092 2169 constitutus
1118 2101 1202 2169 dixit
1226 2103 1304 2169 nina
1329 2121 1414 2184 uoce,

295 2205 380 2290 quud
396 2226 468 2274 cnm
484 2209 555 2294 ipse
570 2207 723 2274 heredum
738 2208 781 2274 sit
795 2208 859 2274 iam
884 2211 1006 2276 solacio
1022 2209 1206 2296 destitutus,
1223 2230 1283 2276 nec
1312 2207 1412 2273 adhue

293 2313 415 2381 babeat
429 2333 518 2399 spem
535 2315 576 2381 de
590 2317 680 2402 prole
695 2316 921 2401 susscipienda
936 2323 1069 2402 prepter
1093 2318 1247 2384 inermem
1274 2322 1414 2385 senectu-

292 2427 374 2504 tem3
392 2421 548 2504 quasdam
563 2422 787 2507 possessiones
803 2443 888 2508 suas,
904 2423 947 2489 ad
962 2444 998 2490 se
1013 2423 1127 2510 selum,
1144 2425 1229 2492 sieut
1248 2423 1332 2490 dixit
1349 2441 1410 2488 mc

294 2526 345 2592 dis
362 2527 510 2594 omuibus
525 2528 734 2616 pertinentes,
757 2529 909 2597 videlicet
924 2551 1021 2598 unum
1046 2532 1176 2597 vineam
1190 2531 1225 2596 in
1251 2529 1414 2597 territorio

295 2633 448 2700 Ohusmal
464 2642 578 2702 uocatu
593 2636 698 2721 sitam,
721 2636 925 2705 adiacentem
950 2637 1044 2705 vinee
1068 2637 1216 2704 Ecclesie
1243 2636 1284 2704 de
1310 2637 1413 2704 Mene

294 2737 411 2805 reuda
427 2747 519 2825 parte
536 2742 736 2828 occidentali,
753 2749 883 2829 aparte
900 2763 977 2811 nere
988 2743 1135 2812 orientali
1146 2743 1245 2811 vinee
1255 2741 1418 2826 quendam

297 2845 474 2932 Golomani,
491 2849 526 2912 in
542 2847 704 2930 quandam
721 2858 841 2916 terram
861 2870 953 2918 suam
970 2849 1175 2918 Bnkenlelde
1193 2857 1419 2918 uocatamccn·

297 2951 432 3038 tiguum,
449 2962 481 3021 et
497 2956 637 3022 uicinam
653 2957 731 3025 ville
748 2957 912 3042 Scingatn,
930 2957 973 3024 ad
989 2977 1048 3024 sex
1065 2963 1178 3025 aratra
1193 2955 1417 3038 sufficientem,

298 3079 370 3127 eum
386 3061 534 3128 omnibus
550 3063 744 3132 utilitatibus
769 3070 801 3130 et
827 3065 1041 3150 pertinencijs
1066 3065 1156 3148 suis;
1183 3063 1262 3130 item
1289 3062 1419 3129 lundum

297 3166 385 3234 curie
401 3187 472 3233 eum
487 3169 630 3254 pallacic
646 3177 678 3237 et
693 3169 770 3254 alijs
786 3169 923 3256 editicijs
949 3172 984 3237 in
1009 3171 1124 3238 eodem
1149 3169 1360 3236 existentibus
1385 3169 1433 3232 in·

297 3274 446 3359 predicta
461 3277 541 3343 villu
556 3277 673 3344 Galide
690 3277 783 3360 Aque
798 3278 1017 3365 adiacentem,
1046 3278 1086 3344 cb
1112 3275 1290 3344 remedium
1315 3274 1419 3342 anime

297 3401 354 3450 sne
370 3388 402 3447 et
418 3401 509 3466 spem
526 3388 635 3450 eterne
659 3383 881 3472 beatitudiuis,
897 3383 1046 3450 Ecclesic
1067 3385 1171 3450 Beate
1187 3381 1293 3448 Maris
1308 3381 1350 3446 de
1374 3381 1420 3446 Iu·

299 3489 383 3572 sula,
400 3496 432 3556 et
456 3489 622 3557 sororibus
648 3491 809 3559 uniuersis
834 3492 868 3556 in
894 3490 1008 3559 eadem
1036 3490 1183 3558 Ecclesia
1208 3491 1279 3556 Dec
1304 3487 1420 3572 iugiter
1466 3471 1472 3482 ’

299 3595 542 3683 famulantibus,
583 3597 673 3664 dedit
708 3607 740 3664 et
764 3598 888 3682 legauit
912 3604 1068 3684 perpetue
1106 3603 1137 3664 et
1163 3594 1419 3663 inreuceabiliter

300 3703 533 3788 possidendum
551 3705 729 3784 tutiusne,
747 3707 834 3790 qued
870 3704 1071 3773 ususfructus
1088 3711 1119 3770 et
1144 3704 1300 3771 utilitates
1325 3703 1419 3768 dicta·

300 3835 370 3879 rum
387 3811 627 3897 possessionum
645 3811 731 3878 idem
750 3811 863 3879 (lomes
891 3810 1057 3896 Nyeulaus
1082 3829 1182 3892 nsque
1207 3809 1309 3875 uitam
1335 3827 1419 3876 snam

299 3921 456 4006 percipiet
473 3926 504 3986 et
521 3919 662 4005 habebit,
677 3925 750 4005 pest
767 3926 902 3985 mertem
917 3938 995 3986 uere
1012 3938 1105 3985 suem
1121 3916 1346 4002 possessiones
1354 3933 1419 4000 pre·
1544 3983 1545 4008 χ

299 4027 385 4095 dicte
401 4027 434 4091 iu
451 4026 501 4093 ius
518 4033 550 4092 et
564 4027 795 4112 proprietatem
812 4026 898 4093 dicte
915 4023 1061 4091 Ecclesia
1078 4031 1109 4088 et
1141 4041 1287 4089 sororum
1314 4021 1418 4088 deuel·

298 4141 423 4204 nentur.
440 4134 531 4201 Dixit
545 4135 648 4201 eciam
665 4133 748 4202 idem
766 4136 880 4202 Ocmes
897 4133 1074 4220 Nyeclaus,
1092 4131 1238 4199 uoluitet
1250 4127 1417 4210 ordinauit,

300 4243 385 4328 qnod
416 4241 548 4310 demina
570 4263 650 4310 vxor
675 4263 734 4310 sua
759 4243 831 4326 ipsc
857 4245 899 4310 ab
926 4242 988 4308 hec
1014 4241 1086 4306 luce
1111 4239 1286 4322 subtracto,
1318 4255 1418 4320 usqne

301 4352 401 4418 uitam
426 4349 567 4417 suumin
596 4348 716 4417 eisdem
748 4349 895 4416 domibus
928 4347 1075 4416 etfunde
1102 4345 1189 4412 curie
1219 4347 1418 4431 permaneret

299 4461 329 4526 si
344 4479 421 4524 uere
437 4459 589 4523 maritum
599 4457 738 4544 duceret,
756 4458 878 4524 nullum
896 4457 946 4524 ius
963 4476 1019 4523 sen
1031 4453 1256 4521 auctoritatem
1267 4451 1415 4534 deinceps

301 4563 434 4628 haberet
449 4563 482 4626 in
498 4563 571 4648 ipso
587 4562 686 4631 funde
706 4564 794 4630 curie
810 4571 842 4631 et
858 4563 1006 4630 domibus
1023 4559 1237 4630 existentibus
1248 4557 1282 4625 in
1299 4555 1412 4625 ecdem.
