3080 5160
829 263 986 364 ,38-4,

351 453 459 542 todiri,
491 447 614 544 prefata
644 455 817 545 priuilegia
832 459 924 525 nobis
941 456 1085 524 exhibita
1101 465 1133 523 et
1148 457 1300 545 perlecta,
1317 461 1352 525 in
1367 457 1458 524 nulla

354 571 447 648 parte
463 564 633 650 deuictae,
659 563 698 632 de
723 567 819 632 verbo
840 564 884 634 ad
900 566 1030 632 verbum
1046 566 1247 650 presentibus
1272 565 1453 650 insertam

352 678 494 740 eternam
514 673 561 740 rei
585 674 772 741 memoriam
787 671 983 740 authoritate
997 671 1147 740 duximus
1156 673 1358 758 presencium
1385 693 1454 738 con·

350 780 518 848 firmanda.
544 779 585 847 Vt
607 790 714 848 autem
739 781 898 868 presentis
922 781 1034 868 scripti
1058 783 1158 849 series
1174 783 1265 849 nnlla
1290 783 1401 848 valeat
1426 781 1456 846 iu

351 895 511 974 posterum
542 890 776 977 inpugnacione
796 889 945 974 conuelli,
960 911 1020 956 nec
1033 909 1090 975 per
1106 889 1245 974 aliquem
1273 889 1460 975 perturbari,

349 1005 531 1082 presentem
541 1000 757 1068 concessimus
782 998 936 1085 paginam
963 996 1103 1084 duplicis
1127 985 1228 1082 sigilli
1243 998 1346 1065 nostri
1362 996 1457 1060 muni·

349 1105 435 1174 mine
459 1108 651 1174 roboratam.
676 1105 793 1174 Datum
809 1127 867 1192 per
884 1125 999 1172 manus
1014 1105 1207 1173 venerabilis
1224 1105 1324 1192 patris
1341 1103 1457 1170 Thone

349 1212 411 1280 Dei
427 1215 540 1299 gracia
560 1215 715 1303 Episcopi
732 1215 909 1282 watiensis
925 1214 999 1280 aule
1013 1220 1123 1282 nostre
1139 1211 1332 1299 (lancellarij
1352 1210 1457 1278 dilecti

349 1329 382 1387 et
396 1321 499 1391 tidelis
509 1325 626 1408 nostri;
637 1343 722 1391 anno
733 1323 865 1391 Domini
881 1322 1051 1390 millesimo
1063 1321 1279 1390 ducentesimo
1308 1325 1457 1403 octuage-

349 1426 429 1495 simo
443 1436 568 1517 quarto,
578 1439 670 1498 sexto
685 1429 841 1498 calendas
850 1430 1047 1516 Decembris,
1062 1428 1247 1497 Iudicoione
1262 1427 1339 1494 XII.
1355 1427 1455 1512 Regni

348 1545 455 1603 autem
473 1539 571 1605 nostri
588 1557 672 1604 anno
688 1537 811 1606 decimo
827 1541 939 1606 tercio.

347 1731 475 1802 (Bithory
494 1732 584 1789 Istva'n
606 1735 708 1802 erdelyi
729 1737 810 1802 vajda
834 1740 901 1790 lota
915 1737 944 1788 lui
966 1735 1080 1790 abacta
1093 1733 1254 1801 attrectatu
1278 1753 1296 1787 a
1316 1735 1399 1788 budai
1412 1736 1456 1787 kin.

743 1829 865 1881 kamarai
877 1825 1064 1896 leveltbrban.)

793 2119 1012 2132 *-

858 2657 932 2728 att.

343 2859 401 2924 IV.
427 2859 541 2926 Ldszlo
564 2860 674 2944 kirtly
699 2859 882 2946 maperbsiti
907 2856 1048 2923 Ctaocd
1073 2855 1308 2944 oemzetacqbeli
1337 2857 1453 2921 Tomos

343 2980 449 3034 comest
474 2969 638 3054 Poaprdcz
655 2969 720 3052 ficit
744 2967 842 3046 Orod,
859 2967 1000 3046 caeam,
1021 2967 1126 3032 Temea
1141 2969 1171 3031 e's
1187 2965 1317 3031 Szercm
1333 2967 1450 3052 mepyei

681 3079 793 3144 motos
807 3076 1008 3142 birmtctan.
1026 3075 1123 3140 1284.

453 3275 637 3361 Ladyulaus
661 3275 724 3343 Dei
749 3237 860 3359 gracia
883 3273 1057 3359 Hungarie,
1097 3271 1274 3359 Dalmaoie,
1317 3269 1452 3346 Oroatia,

342 3385 452 3470 Rome,
463 3381 586 3464 Seruie,
604 3381 750 3470 Gallicie,
766 3381 966 3466 Lodomerie‚
984 3382 1138 3449 Cumania
1153 3379 1370 3465 Bulgarieque
1388 3381 1449 3446 Res

342 3491 487 3559 omnibus
512 3490 631 3558 Christi
655 3491 804 3559 fidelibus
830 3499 895 3559 mm
921 3491 1121 3578 presentibus
1139 3509 1236 3574 qnam
1251 3489 1369 3557 suturis
1386 3507 1449 3574 pre-

342 3619 417 3667 sens
441 3599 595 3684 scriptum
619 3599 810 3686 inspecturis
836 3601 973 3668 salutem
998 3599 1030 3664 in
1056 3597 1197 3664 omnium
1213 3598 1385 3664 saluatore.
1400 3593 1448 3661 nd

340 3706 402 3772 hoc
427 3705 510 3772 euim
536 3705 655 3774 Diuiua
679 3708 855 3775 clemencia
878 3709 1011 3794 Regiam
1027 3726 1199 3794 personam
1215 3704 1365 3790 regimini
1381 3725 1451 3790 pre-

340 3814 449 3901 posuit
462 3815 676 3900 subditorum‚
694 3824 728 3882 vt
745 3816 889 3902 oppressi
901 3817 987 3900 jure,
1003 3815 1242 3901 possesionibus
1268 3815 1396 3900 priuati,
1421 3821 1451 3878 ot

340 3924 410 3991 sine
426 3943 524 3990 causa
540 3923 669 4007 spoliati
693 3923 725 3990 in
742 3923 887 4010 pristinis
913 3925 1172 4010 possessionibus
1199 3929 1230 3988 et
1251 3923 1380 4006 juribus
1396 3943 1450 4010 per

340 4033 444 4118 ipsam
461 4032 501 4100 de
517 4031 620 4116 Regia
635 4031 776 4115 equitate
791 4033 1010 4120 restituantur,
1037 4039 1067 4100 et
1085 4053 1105 4098 a
1120 4049 1293 4119 prauorum
1312 4033 1446 4098 incursi-

339 4141 398 4207 bus
415 4161 454 4208 ac
470 4137 649 4224 temerarijs
666 4139 935 4225 occupationibus
963 4140 996 4206 in
1013 4145 1175 4224 postorum
1191 4137 1278 4206 illesi
1293 4145 1449 4205 tueantur.

338 4245 419 4314 Inde
435 4254 492 4335 est,
511 4246 595 4334 quod
611 4246 653 4314 ad
668 4250 889 4316 uniuersorum
906 4248 1057 4315 noticiam
1073 4249 1187 4314 harum
1202 4247 1286 4315 serie
1302 4250 1448 4316 volumus

338 4357 516 4444 peruenire,
542 4356 627 4440 quod
652 4357 766 4424 Comes
790 4357 932 4425 Thomas
955 4357 1040 4425 lilius
1064 4356 1235 4442 Pangracij
1261 4355 1301 4423 de
1335 4375 1448 4441 genere

339 4459 473 4530 Chauad
504 4463 546 4530 ad
571 4469 712 4532 nostram
737 4463 917 4533 accedendo
947 4467 1149 4550 presenciam
1181 4465 1328 4534 exhibuit
1359 4463 1450 4532 nobis

339 4569 541 4652 priuilegium
557 4571 686 4651 gloriosi
701 4573 799 4656 Regis
824 4573 902 4638 Bele
927 4571 1092 4639 karissimi
1108 4573 1162 4638 aui
1188 4573 1287 4638 nostri
1305 4573 1448 4640 laudabi-
