3124 5158
825 975 902 1044 158.
957 975 960 980 ’

301 1173 331 1238 Α
356 1175 459 1240 Jonas
483 1197 579 1240 eomes
604 1177 794 1262 Isipnekfia
819 1179 851 1242 es
878 1175 982 1242 Oobne
1000 1200 1099 1242 comeo
1122 1178 1192 1241 kozt
1219 1174 1353 1242 Choana
1367 1175 1424 1242 oir-

301 1281 392 1345 tokra
407 1283 581 1348 oonotkozd
596 1283 882 1368 epymetleosdybeo
906 1285 1010 1368 eljdrd
1036 1284 1202 1348 odlasztott
1227 1281 1425 1368 birdkjelen-

569 1395 626 1456 te'se
642 1392 733 1456 Peter
748 1393 919 1458 uddorboz.
946 1394 1043 1460 1278.
1059 1393 1163 1458 torol.

408 1587 485 1654 Viro
510 1585 613 1654 nobili
638 1593 672 1654 et
699 1585 833 1656 bouesto
858 1589 955 1656 Petro
979 1587 1131 1654 Palatino
1156 1586 1272 1654 Comiti
1287 1585 1423 1671 Symigi·

301 1697 370 1764 ensi
396 1701 427 1762 et
451 1695 559 1764 Judioi
591 1693 808 1764 Cumanorum
835 1693 951 1764 Comes
978 1695 1156 1780 Gregorius
1188 1695 1275 1762 tilius
1300 1693 1422 1778 Iberus,

300 1807 414 1873 Comes
440 1803 573 1870 Cosmas
600 1805 641 1869 de
667 1803 819 1889 Koasna,
846 1811 878 1869 et
904 1805 992 1887 Vgra
1018 1804 1103 1870 tilius
1126 1802 1235 1888 Ipoliti
1251 1823 1309 1888 pro
1327 1801 1423 1884 tratre

299 1933 358 1980 suo
386 1909 554 1996 Nyeholao
580 1908 829 1976 inelinaoionem
856 1929 928 1974 oum
960 1910 1155 1978 reuerenoia
1188 1910 1240 1976 Ad
1271 1909 1422 1976 noticiam

301 2027 441 2088 uestram
457 2025 568 2084 tenore
583 2017 786 2102 presencium
806 2016 1002 2101 deferimus,
1028 2018 1114 2102 quod
1139 2037 1210 2084 cum
1232 2017 1314 2084 seria
1330 2025 1424 2084 sexta

299 2127 446 2216 proxima
469 2131 542 2212 post
566 2125 683 2191 festum
709 2124 807 2209 medij
821 2125 1048 2210 kadragesimo
1068 2145 1176 2192 eoram
1193 2125 1288 2192 nobis
1304 2125 1420 2208 Segus-

300 2235 369 2301 dini
393 2255 451 2320 per
475 2233 599 2300 litteras
626 2239 658 2299 et
683 2251 740 2316 per
765 2233 958 2318 peticionem
976 2233 1126 2320 Dyouisij
1146 2232 1311 2316 quondam
1328 2233 1420 2298 Poia-

299 2345 359 2410 tini
384 2344 454 2409 iure
478 2361 614 2426 persone
639 2341 783 2406 eiusdem
815 2362 872 2426 pro
898 2341 1145 2409 arbitratotibus
1165 2341 1248 2406 inter
1268 2339 1421 2406 Comitem

297 2452 478 2518 Jobannem
504 2449 604 2514 titium
631 2449 722 2534 Isep,
748 2455 889 2516 aetorum
906 2447 1066 2534 uidelicet,
1092 2457 1125 2515 et
1140 2445 1296 2514 Comitem
1314 2446 1421 2513 Oobuz
1550 2487 1551 2492 κ

299 2579 340 2626 ex
370 2558 472 2625 altera
487 2555 670 2642 deputatis,
704 2556 788 2622 idem
817 2557 932 2624 Comes
959 2556 1126 2624 Jobannes
1152 2558 1279 2623 litteras
1296 2555 1422 2622 domine

298 2665 423 2749 Regine
438 2663 575 2731 senioris
607 2669 639 2730 et
664 2663 793 2731 litteras
819 2665 940 2731 domini
966 2666 1064 2748 Regis
1089 2664 1254 2749 Ludislai,
1283 2684 1344 2730 nee
1360 2683 1420 2727 nou

298 2775 367 2841 alia
383 2774 604 2856 instrumenta,
622 2770 651 2837 si
667 2791 732 2853 qua
748 2771 856 2857 babet,
878 2781 989 2840 eontra
1000 2773 1135 2840 eundem
1147 2774 1304 2840 Comitem
1317 2769 1421 2838 Oobuu

298 2883 449 2951 exbibere
465 2901 506 2947 ex
522 2879 659 2946 arbitrio
684 2880 761 2946 dieti
787 2879 937 2966 Dyonisij
958 2881 1101 2948 Palatini
1118 2881 1299 2966 debuisset,
1326 2899 1422 2964 super

298 3013 335 3060 eo
351 2989 523 3073 uidelicet,
546 2995 581 3054 ut
606 2993 724 3054 terram
750 2987 886 3054 Cbuana
911 2995 1060 3056 uocatam
1085 2990 1156 3074 ipse
1182 2990 1296 3056 Comes
1316 2986 1422 3054 Oebuz

297 3099 443 3166 detinere
460 3118 523 3164 non
539 3095 675 3180 debeat,
700 3096 844 3182 predioto
862 3097 985 3166 Comite
1001 3097 1151 3165 Jobanne
1167 3097 1295 3163 litteras
1311 3103 1419 3180 paten-

297 3215 347 3273 tes
372 3201 560 3292 St(ephani)
586 3205 684 3287 Regis
716 3204 769 3289 pie
801 3205 971 3288 memorie,
1006 3213 1038 3271 et
1069 3203 1273 3290 priuilegium
1300 3201 1421 3270 domini

296 3312 442 3380 Ledislai
456 3311 575 3397 Regis,
600 3331 659 3377 nee
683 3331 746 3378 nou
771 3311 978 3396 priuilegium
998 3311 1130 3379 domine
1146 3311 1267 3396 Regino
1284 3310 1423 3379 senioris
1549 3343 1550 3346 ¹

296 3422 330 3489 iu
345 3419 543 3507 supradietis
574 3421 647 3488 toeo
673 3427 705 3488 et
730 3440 815 3486 anno
847 3441 955 3486 eoram
981 3421 1075 3488 nobis
1106 3441 1205 3505 super·
1230 3421 1319 3487 dieta
1336 3427 1423 3486 terra

296 3528 431 3595 Choana
456 3527 649 3613 exhibente,
684 3527 829 3614 prefatus
855 3526 971 3596 Comes
988 3527 1098 3595 Oebuz
1118 3548 1181 3594 non
1198 3527 1422 3614 personaliter,

295 3656 354 3702 nee
386 3655 443 3720 per
474 3633 636 3700 bominem
662 3633 705 3700 ad
730 3635 900 3701 arbitrium
925 3641 1071 3702 nostrum
1101 3635 1204 3702 uoluit
1234 3653 1421 3718 conparere.

296 3744 377 3809 Item
395 3762 454 3809 nos
470 3741 597 3809 nobiles
615 3740 804 3828 supradicti,
822 3749 854 3809 et
864 3741 972 3809 Endre
984 3741 1071 3810 iilius
1081 3743 1249 3811 Mortunus
1259 3761 1317 3827 pro
1328 3749 1423 3826 parte

296 3849 430 3918 Comitis
446 3850 626 3934 Jobannis,
650 3857 681 3916 et
708 3849 884 3917 Foroasius
903 3849 990 3917 iilius
1005 3851 1160 3917 Deoimus
1177 3869 1236 3935 pro
1252 3855 1345 3934 parte
1362 3847 1422 3916 Co-

294 3958 382 4025 mitis
408 3956 517 4024 Oohuz
541 3955 774 4041 inquisiciones
799 3977 897 4043 super
922 3957 1153 4040 destruccioue,
1183 3975 1280 4040 quam
1307 3955 1423 4023 Comes

294 4067 458 4134 Jobannes
489 4087 586 4152 super
616 4071 704 4133 terra
728 4085 788 4134 sua
812 4066 880 4133 Eur
896 4073 1014 4132 uooata
1044 4085 1103 4150 per
1129 4064 1284 4132 Comitem
1310 4061 1422 4129 Oohuu
1548 4059 1549 4064 ’

295 4173 427 4241 dioebat
444 4193 515 4242 esse
533 4173 666 4261 saetam,
689 4173 807 4242 notioie
824 4181 933 4241 uentre
950 4174 983 4240 in
999 4173 1061 4241 fide
1077 4173 1150 4241 Deo
1167 4173 1279 4240 debita
1294 4171 1422 4237 intima-

295 4301 385 4349 mus:
410 4282 496 4365 quod
521 4281 676 4364 inquisita
702 4281 886 4348 omnimoda
911 4281 1046 4347 ueritate
1071 4279 1222 4348 soiuimus
1246 4301 1305 4366 pro
1321 4288 1423 4365 oerto,

294 4388 382 4472 quod
397 4387 503 4457 dietus
529 4389 643 4457 Comes
660 4389 768 4457 Oohuz
787 4398 905 4456 terram
921 4388 1039 4476 prefati
1055 4387 1190 4456 Comitis
1205 4385 1373 4470 Jobannis,
1389 4396 1424 4452 et

294 4498 430 4583 populos
446 4497 516 4567 eius
533 4498 566 4566 in
582 4499 696 4566 eadem
712 4506 800 4568 terra
816 4499 880 4566 Eur
897 4498 1077 4566 residentes
1093 4495 1263 4580 destruxit,
1283 4499 1315 4560 et
1326 4492 1424 4559 rebus
1547 4573 1548 4576 Ἴ

294 4603 442 4676 omuibus
468 4605 632 4691 spoliauit.
673 4607 766 4675 Vnde
791 4607 868 4674 lieet
892 4627 949 4692 per
974 4603 1101 4691 pridem
1126 4603 1319 4690 Dyonisium
1346 4607 1424 4668 tunc
