3124 5158
604 293 762 396 gau-

115 495 212 582 parui
238 492 380 579 Danubij
391 543 401 578 ,
425 497 459 560 ct
482 491 686 579 postmodum
710 493 804 562 iuxta
819 489 957 561 cundem
973 491 1160 560 Danubium
1178 511 1250 578 par-

118 621 197 670 uum
213 599 450 687 protenduntur
465 598 594 668 tormini
611 620 713 684 usquo
731 599 774 668 ad
790 599 922 667 domum
937 599 1106 686 Laurencij
1119 600 1249 688 sutoris,

115 711 215 778 sitam
230 707 264 776 in
280 727 360 776 area
375 707 570 794 blonasterij
598 709 640 776 de
655 707 756 795 lloyk
771 709 1082 777 Premonstratensis
1098 705 1248 791 Ordinis3

116 821 150 884 ct
165 815 215 883 sic
231 821 440 884 reuertuntur
466 814 594 884 termini
620 821 653 882 et
676 815 894 884 limitacioucs
922 812 1081 901 usquead
1097 827 1249 900 magnam

116 923 263 1007 plateam
283 921 364 1008 sori;
389 929 421 991 et
436 922 484 992 sic
499 929 763 1010 reuertuntuntur
779 924 894 992 iterum
910 923 953 992 ad
969 923 1118 992 sanctum
1133 923 1250 1008 vicum,

117 1029 160 1098 dc
176 1051 241 1116 que
258 1031 406 1116 superius
432 1038 482 1098 est
497 1032 712 1119 premissum
736 1051 808 1098 cnm
825 1031 974 1098 omnibus
991 1029 1125 1116 iuribus,
1142 1031 1246 1099 accic-

49 1195 54 1202 .
114 1139 233 1225 nibus,
272 1137 482 1222 ingressibus,
516 1139 711 1227 egressibus,
741 1139 950 1224 utilitatibus,
976 1136 1162 1226 commodis,
1195 1157 1248 1204 ac·

117 1245 268 1315 censibus
285 1251 316 1312 et
332 1245 545 1331 pertinencijs
561 1247 650 1333 suis,
675 1266 776 1330 usquc
802 1247 834 1314 in
860 1247 933 1316 uias
949 1252 981 1314 et
997 1247 1128 1332 plateas
1143 1244 1248 1328 publi-

116 1373 177 1421 cas
209 1371 266 1421 seu
299 1371 505 1439 communes,
529 1353 573 1418 ad
589 1352 785 1439 babendum,
802 1353 987 1439 tenendum,
1010 1351 1250 1439 possidendum,

116 1459 335 1546 pendendum,
350 1461 610 1552 permutandum,
628 1459 812 1547 locandum,
832 1461 1012 1547 fruendum,
1028 1459 1247 1546 alienandum,

118 1567 409 1637 usufructuandum
430 1575 462 1635 et
477 1566 631 1652 quicquid
647 1568 711 1654 ipsi
728 1569 879 1654 capiccio
896 1568 1065 1655 placuerit,
1090 1574 1249 1654 perpetuo

116 1683 150 1743 et
165 1676 392 1762 temporaliter
408 1673 609 1759 faciendum,
647 1696 705 1762 pro
731 1675 840 1762 precio
868 1682 898 1743 et
914 1675 1078 1744 solucione
1095 1675 1248 1743 ducenta·

116 1805 190 1850 rum
206 1802 388 1852 marcarum
404 1782 461 1849 lini
478 1783 625 1866 argenti,
665 1803 746 1865 quas
773 1783 929 1851 ducentas
947 1802 1074 1850 marcas
1089 1781 1247 1850 discretus

115 1892 168 1958 sir
182 1891 342 1975 Magister
358 1891 525 1976 Nycclaus
537 1891 624 1958 filius
641 1891 805 1973 quondam
820 1890 968 1958 Ladizlai
984 1891 1077 1978 Bani,
1100 1889 1248 1972 clericus,

115 1999 199 2067 dare
226 2007 258 2067 ct
280 2001 409 2068 soluere
435 1997 574 2066 debebat
593 2005 626 2066 et
642 2002 815 2066 tenebatur
831 1999 995 2066 nominate
1014 1995 1247 2084 strigoniensis

114 2105 265 2175 Ecclesia
283 2107 443 2192 Capitale,
464 2105 639 2174 secundum
657 2114 800 2174 nostram
816 2105 1022 2173 diffinitiuam
1039 2104 1247 2190 sentenciam,

114 2216 211 2282 nulla
225 2213 451 2300 appellaeionc
482 2213 534 2282 uel
560 2212 804 2299 supplicacione
829 2233 1032 2300 suspensam,
1063 2234 1121 2299 prc
1153 2213 1247 2281 satis·

114 2322 266 2390 faccione
296 2329 329 2386 et
359 2321 517 2388 interesse
542 2319 733 2388 iniuriarum
759 2320 918 2388 factarum
945 2327 978 2388 et
1001 2321 1168 2390 illatarum
1186 2341 1245 2406 per

114 2429 224 2515 ipsum
256 2429 446 2515 Magistrum
471 2428 643 2497 Nicolaum
660 2427 833 2496 eanonieis
865 2435 897 2496 st
922 2427 1074 2516 Capitale
1099 2429 1247 2495 Ecclesia

113 2537 300 2622 antedicta,
326 2536 549 2606 estimatarum
575 2535 615 2602 de
641 2537 803 2604 communi
828 2535 1003 2604 concordia
1028 2543 1061 2604 et
1077 2536 1246 2604 uoluntate

113 2646 264 2731 parcium
295 2642 337 2712 ad
368 2645 589 2730 quantitatem
615 2643 865 2729 quingentarum
891 2665 1075 2714 marcarum
1101 2645 1174 2731 puri
1195 2666 1244 2712 ar-

113 2755 227 2840 genti5
267 2773 327 2838 pro
351 2753 469 2837 quibus
495 2751 643 2826 ducentis
660 2752 778 2821 marcis
794 2753 983 2821 nominatus
998 2754 1140 2840 Vgrinus
1156 2751 1248 2820 dedit

111 2871 146 2930 et
164 2860 327 2929 concessit
343 2880 382 2928 ac
398 2858 533 2928 tradidit
562 2859 759 2944 antedictum
784 2860 947 2945 palacium
968 2881 1040 2930 curn
1058 2859 1126 2928 sois
1145 2860 1243 2946 pcrti-

112 2968 245 3052 nenciJs
269 2975 302 3035 et
326 2967 443 3037 finibus
468 2969 501 3035 iu
528 2967 668 3036 solutum
685 2987 743 3036 scu
761 2967 965 3037 ucudioicnis
981 2968 1101 3053 titulo,
1144 2973 1180 3033 ut
1196 2973 1245 3035 est

113 3077 250 3142 dictum.
274 3077 325 3144 De
340 3074 459 3160 quibus
474 3075 622 3143 ducentis
638 3077 756 3143 marcis
772 3075 851 3144 fecit
875 3096 933 3162 pcr
959 3096 995 3144 sc
1014 3083 1045 3143 et
1061 3096 1138 3143 suos
1155 3073 1244 3143 here·

111 3186 185 3270 des,
212 3183 259 3252 eis
279 3184 509 3270 recipientibus
526 3191 558 3251 et
573 3185 825 3270 stipulantibus,
851 3203 910 3270 pro
931 3185 1081 3269 Capitale
1097 3182 1246 3250 Ecclesia

112 3292 282 3362 antedicta
298 3293 394 3360 finem
410 3301 444 3361 et
459 3292 693 3362 refutacicnem
710 3345 719 3382 ,
749 3293 992 3362 absolucionem
1018 3301 1049 3378 ct
1072 3290 1243 3359 liberacio·

112 3419 191 3468 ncrn
207 3407 412 3487 perpetuam,
437 3407 470 3467 et
493 3419 679 3486 expressum
699 3407 829 3488 pactum
850 3401 890 3468 de
907 3400 1041 3468 ulterius
1054 3420 1117 3468 nou
1135 3403 1243 3485 peten-

112 3505 178 3591 do;
204 3508 399 3575 renuncians
413 3509 600 3594 crespeioni
616 3529 682 3576 nou
699 3507 825 3576 uenditi
841 3516 873 3576 et
888 3506 1009 3594 traditi,
1027 3508 1171 3576 concessi
1187 3525 1245 3575 ssu

111 3614 212 3702 cessi,
230 3613 299 3682 siue
315 3616 348 3682 iu
365 3615 504 3683 solutum
521 3614 590 3682 dati
606 3616 686 3684 dicti
702 3615 820 3704 palacij
838 3637 903 3682 non
920 3616 1029 3686 debite
1045 3616 1131 3682 dicte
1141 3635 1244 3699 quan·

112 3723 223 3790 titatis
240 3723 450 3792 ducentarum
468 3744 653 3792 marcarum
672 3726 804 3810 abipso
821 3725 980 3810 Magistro
996 3723 1133 3792 Nicolao
1149 3723 1244 3807 Capi·

110 3831 186 3896 tulo
202 3837 399 3918 memorato,
422 3830 491 3898 doli
508 3831 606 3920 mali,
638 3833 711 3900 sine
727 3850 837 3916 cansa,
861 3839 892 3899 et
919 3833 960 3900 ob
976 3851 1107 3900 causam
1124 3837 1155 3899 et
1171 3831 1244 3897 sinc

104 3943 203 4027 justa
219 3959 335 4022 causa,
361 3937 567 4024 deocpcionis
584 3940 670 4007 ultra
687 3938 857 4006 dimidium
873 3939 949 4008 iusti
965 3938 1077 4026 precii,
1095 3945 1128 4005 et
1146 3938 1243 4006 lesio·

111 4051 167 4116 nis
184 4045 338 4132 enormis,
363 4051 395 4112 ct
425 4047 513 4112 omni
539 4046 596 4132 alij
614 4045 811 4134 excepcioni,
837 4046 974 4127 accioni,
1014 4045 1196 4114 defensioni
1213 4054 1245 4112 et

110 4157 159 4224 rei
177 4151 327 4242 generali
359 4160 390 4220 et
421 4153 569 4244 speciali,
604 4155 686 4224 reali
714 4161 746 4222 ct
760 4153 950 4241 personali,
989 4161 1021 4222 et
1038 4153 1171 4222 cuilibet
1186 4153 1244 4237 alij

111 4265 205 4350 iuris,
229 4261 484 4346 consuetudinis,
509 4263 751 4331 constitucionis
767 4269 800 4330 ct
817 4263 942 4348 statuti,
956 4261 1037 4330 sacti
1053 4269 1084 4330 et
1100 4260 1245 4330 faciendi

112 4372 251 4457 auxilio,
276 4369 507 4458 appellaeioni,
545 4371 793 4458 supplicacioni,
810 4377 843 4438 et
859 4371 1084 4456 imploracioni
1115 4371 1243 4438 restitu·

114 4481 220 4550 aionis
236 4479 270 4546 iu
287 4477 467 4562 integrum,
498 4477 631 4545 militari
647 4485 680 4546 ct
696 4501 735 4546 ex
751 4477 900 4546 clausula
915 4477 1061 4562 generali
1077 4528 1087 4563 ,
1119 4476 1148 4542 si
1179 4495 1245 4559 qua

112 4593 201 4658 iusta
218 4605 322 4656 causa
340 4585 512 4674 uidebitur,
531 4593 562 4654 ct
578 4588 665 4656 omni
680 4586 839 4658 beneficio
855 4591 887 4653 et
897 4585 1017 4656 auxilio
1035 4585 1124 4653 Jnris
1140 4583 1243 4651 Oano-
