3140 5150
645 969 719 1036 123.

110 1201 158 1268 Ae
185 1209 370 1293 comparui
393 1207 620 1294 ltdptalannok
645 1208 925 1294 bizonysa'gleoale,
950 1209 1031 1294 bopy
1050 1207 1113 1272 Pdl
1134 1215 1244 1271 morter

108 1338 127 1376 o
143 1315 458 1403 leirdlynajepyabje,
483 1319 610 1382 temnere
625 1317 716 1382 Peter
734 1319 908 1402 repulatae
925 1316 1108 1402 ta'rpydboo
1123 1339 1145 1380 c
1161 1315 1241 1378 chol·

261 1426 338 1490 nolti
351 1425 499 1510 adpelrlcel
514 1425 746 1510 baroooposan
761 1426 964 1512 cpyealredett.
990 1427 1086 1490 1277.
1191 1463 1193 1470 ·

215 1661 285 1730 Nos
302 1659 488 1748 Capitulum
504 1662 654 1730 Ecclesia
670 1660 901 1747 strigoniensis
917 1660 1032 1728 damus
1049 1677 1107 1745 pro
1118 1676 1235 1724 memo·

103 1769 163 1854 ria,
189 1768 277 1855 quod
293 1771 378 1839 sicut
402 1771 436 1838 in
462 1772 580 1840 litteris
605 1771 784 1840 Hermanui
813 1769 964 1856 Magistri
989 1774 1022 1835 et
1046 1768 1232 1834 Conuentus

101 1876 345 1945 cruciferorum
361 1879 507 1948 Ecclesie
523 1881 634 1948 Sancti
646 1879 746 1965 Regis
762 1877 802 1946 de
818 1876 982 1962 Strigonio
997 1874 1139 1943 vidimus
1156 1893 1231 1942 con·

100 1984 195 2052 tiueri
212 1985 247 2052 in
264 2005 375 2074 causa,
399 2007 496 2073 quarn
522 1988 677 2074 Magister
702 1987 824 2054 Paulus
850 1987 925 2052 aule
950 1983 1081 2052 domine
1104 1983 1230 2064 Regino

97 2093 254 2161 Notarius
270 2093 312 2160 dc
327 2097 430 2180 Beer,
455 2105 487 2164 ct
513 2095 629 2164 Comes
654 2095 812 2164 Martinus
838 2094 996 2162 Officialis
1012 2089 1147 2159 comitis
1163 2091 1227 2156 Do·

99 2201 211 2269 minici
219 2202 400 2270 castellani
407 2203 639 2290 deWysagrad
649 2225 707 2291 pro
716 2205 830 2273 eodem
842 2205 883 2270 D.
891 2201 1016 2270 Oomite
1027 2199 1158 2269 domino
1168 2217 1226 2266 suo

95 2329 196 2396 snper
210 2308 444 2379 interfeccione
460 2311 593 2378 Comitis
609 2311 697 2378 Petri
713 2310 824 2380 fratris
839 2311 943 2396 ipsius
952 2307 1100 2393 Magistri
1119 2305 1225 2392 Pauli,

93 2418 149 2501 qui
166 2417 296 2502 quidem
312 2419 428 2487 Petms
443 2420 548 2487 iuerat
564 2419 711 2488 semicns
726 2421 766 2486 D.
792 2417 926 2487 (lomitls
945 2415 1092 2504 predicti,
1117 2435 1157 2482 ac
1172 2433 1224 2482 su·
1307 2447 1320 2472 ·

92 2545 152 2612 per
167 2527 403 2595 interfecoioue
417 2528 548 2614 paruuli
565 2533 597 2596 et
612 2528 743 2612 cognati
769 2528 923 2615 eiusdem,
943 2533 975 2593 et
990 2523 1160 2593 oblacione
1174 2542 1222 2588 re-

91 2655 162 2701 rum
179 2654 323 2722 suarum,
347 2643 459 2704 eontra
483 2639 619 2725 populos
645 2637 848 2706 dominarum
873 2655 1017 2704 sororum
1042 2633 1084 2702 de
1107 2631 1223 2700 Insula

90 2743 213 2811 Sancte
226 2743 331 2812 Maris
346 2744 387 2810 de
403 2743 483 2812 villa
498 2744 647 2814 Gholnuk
673 2753 852 2833 mouerant,
875 2744 960 2811 inter
984 2749 1095 2832 partes
1115 2741 1220 2830 predi-

88 2858 157 2920 ctas
173 2871 234 2938 per
250 2852 419 2922 arbitrium
435 2855 593 2924 bonorum
617 2857 759 2924 virorum
785 2854 937 2924 extiterat
961 2852 1071 2920 taliter
1090 2851 1218 2919 ordina-

86 2969 173 3028 tum:
197 2960 287 3044 quod
302 2961 441 3046 predicti
457 2963 570 3049 populi
586 2962 625 3030 de
641 2965 722 3032 villa
741 2963 892 3032 Obolnnk
916 2959 1045 3048 prefato
1060 2958 1217 3044 Magistro

86 3069 188 3135 Paulo
204 3075 238 3134 ot
254 3068 325 3137 eius
340 3069 503 3156 fratribus,
526 3072 651 3141 scilicet
671 3074 815 3141 Peturkc
840 3079 872 3140 et
897 3071 1001 3138 Panlo
1033 3068 1215 3165 debuerant

86 3177 214 3244 soluere
230 3196 339 3245 coram
371 3179 517 3266 predicto
543 3181 712 3249 Conuentn
737 3181 888 3266 sexagita
912 3196 1042 3246 marcas
1059 3177 1094 3244 in
1109 3175 1213 3244 tribus

83 3285 233 3352 terminis
248 3284 292 3354 ad
307 3287 370 3354 hoc
386 3289 572 3373 assignatis.
598 3293 639 3357 lit
655 3311 728 3358 cum
753 3311 812 3358 nos
838 3288 881 3356 ad
899 3286 1093 3374 peticionem
1109 3285 1210 3352 domi·

84 3411 197 3459 narum
214 3415 361 3462 sororum
377 3396 595 3483 predictarum
612 3405 755 3466 nostrum
775 3398 879 3466 eciam
904 3395 1067 3462 bominem
1084 3394 1127 3462 ad
1144 3413 1211 3459 ma·

82 3500 180 3568 iorem
198 3503 377 3570 cautellam
394 3505 614 3590 misissemus,
639 3506 731 3572 ouius
748 3503 930 3572 testimonio
948 3501 1099 3589 predicta
1121 3501 1210 3570 lieret

80 3614 111 3672 ct
126 3609 345 3696 compleretur
359 3613 494 3696 solacio,
519 3612 605 3680 idom
621 3613 717 3680 homo
732 3619 843 3682 noster
867 3611 911 3681 ad
928 3632 988 3680 uos
1003 3610 1207 3698 postmodum

80 3715 209 3784 rediens
236 3718 331 3785 nobis
344 3719 476 3787 retulit:
501 3721 587 3804 quod
612 3723 646 3788 in
662 3721 776 3789 ultimo
796 3721 933 3787 termino
953 3721 996 3788 ad
1012 3719 1205 3787 soluendum

77 3825 257 3915 assignato,
282 3827 399 3912 prelati
418 3830 530 3916 populi
557 3829 598 3898 de
622 3831 774 3898 bholnun
798 3831 833 3896 in
859 3827 995 3916 predicti
1020 3829 1205 3895 Oonuentus

77 3935 106 3995 et
122 3931 225 4017 ipsius
241 3933 382 4002 hominis
397 3939 500 4006 nostri
525 3941 696 4026 presencia
719 3940 885 4006 noluerunt
904 3935 1032 4024 prelato
1048 3935 1202 4019 Magistro

74 4036 175 4107 Paulo
191 4047 224 4108 et
239 4043 383 4111 Peturlre
399 4043 491 4114 fratri
508 4049 587 4134 eius,
611 4055 761 4134 presente
777 4049 933 4133 Magistro
959 4045 1082 4113 Jacobo
1098 4043 1201 4110 Nota·

73 4145 121 4211 rio
137 4147 300 4217 Dominici
322 4153 465 4237 Comitis,
490 4157 600 4223 decem
620 4163 652 4223 et
669 4163 742 4225 octo
768 4175 915 4224 marcas:
940 4152 1106 4221 residuum
1123 4172 1200 4220 uero

71 4252 213 4337 ipsarum
230 4260 406 4343 sexaginta
422 4283 605 4332 marcarum
622 4264 729 4334 luerat
740 4266 774 4331 in
790 4263 951 4350 prioribus
971 4260 1118 4328 terminis
1128 4279 1199 4346 per·

70 4361 219 4430 solutum.
243 4367 287 4434 lit
301 4369 421 4455 prefati
436 4373 592 4458 Magister
607 4375 741 4461 Paulus,
766 4385 797 4442 et
816 4372 965 4456 Peturko‚
985 4389 1025 4436 ac
1041 4367 1197 4436 Notarius

69 4465 106 4532 D.
134 4469 269 4541 Gomitis
284 4477 450 4562 predictos
466 4481 603 4568 populos
620 4479 661 4549 de
677 4481 828 4550 cholnuk
852 4499 949 4568 super
973 4482 1075 4545 morte
1101 4477 1196 4544 et're·

68 4575 127 4643 bus
143 4581 301 4663 predictis
316 4585 513 4671 reliquerunt
536 4590 726 4678 expeditos3
749 4589 796 4658 ita
812 4593 898 4676 quod
914 4589 944 4656 si
959 4587 1014 4672 qui
1030 4589 1072 4657 de
1088 4591 1195 4654 cetero
