3124 5158
560 307 720 408 ,ι’-οι-

76 500 244 570 sororibu's
267 507 310 568 let
340 500 484 569 Ecclesie
516 502 636 594 Sancte
660 499 762 568 Marie
787 500 829 567 de
853 499 986 587 Insula;
1008 507 1208 570 memoratus

73 607 229 677 uldelioet
259 591 380 677 Comes
407 610 524 676 Petrus
548 608 638 676 filius
663 607 816 694 Tyburoij
834 627 929 702 suam
944 603 1130 694 porcionem
1144 629 1204 696 pro

75 716 194 801 uiginti
224 717 345 785 merois
369 717 451 784 finiti
476 717 624 803 argenti3
664 719 744 785 item
769 717 861 785 iwan
885 716 973 785 filius
988 717 1100 786 Kener
1116 737 1209 787 suem

72 809 196 891 terrem
212 825 283 892 siue
297 825 484 911 porcionem
508 845 567 912 pro
582 823 737 916 *quinque
762 825 881 893 mareis
899 826 972 912 puri
992 825 1121 911 argenti
1137 826 1209 894 iure

73 939 232 1018 perpetuo
247 933 387 1019 paeilloe
406 929 656 1020 possidendam
681 954 780 1018 quam
803 933 976 1020 peouuium
1002 932 1104 1018 ijdem
1129 953 1205 1002 ven·
1256 1001 1259 1011 ,

72 1039 198 1108 ditores
229 1061 251 1105 a
278 1027 375 1108 Petro
402 1047 433 1109 et
459 1039 598 1110 Nicolao
622 1041 801 1109 Comitibus
831 1043 961 1127 nomine
986 1040 1206 1128 prediotarnm

74 1165 222 1214 sororum
254 1148 456 1218 soluentibus
482 1156 692 1217 asseruerunt
709 1149 858 1236 plenarie
873 1150 1037 1219 babuisse.
1076 1150 1207 1217 Assum·

72 1247 208 1341 pserunt
241 1255 470 1325 nichilominus
495 1257 596 1342 ijdem
617 1255 732 1326 Comes
748 1259 864 1326 Petrus
882 1265 913 1326 et
928 1259 1041 1342 Iwan,
1066 1263 1099 1324 et
1115 1277 1151 1324 se
1167 1275 1208 1323 ue

73 1381 150 1429 suos
161 1360 304 1429 ‘heredes
321 1363 365 1430 aul
380 1364 442 1431 hoe
456 1364 592 1432 tirmiter
607 1365 805 1450 obligarunt,
828 1371 864 1433 ut
884 1365 913 1432 si
929 1367 1043 1450 eliqua
1058 1364 1127 1433 litis
1138 1383 1210 1450 spe·
1279 1387 1281 1395 ’

73 1469 139 1537 ties
156 1477 302 1556 temper
318 1474 501 1554 extraneos,
518 1491 615 1555 quam
632 1473 735 1540 eoiam
753 1493 812 1559 per
823 1493 898 1542 suos
915 1479 1070 1558 cognatos
1087 1471 1210 1539 moueri

73 1579 209 1646 rasione
225 1572 441 1662 predictarum
457 1579 647 1676 portionum
674 1579 783 1670 aliquo
811 1600 952 1664 unquam
977 1586 1122 1665 tempore
1139 1595 1211 1647 oon·

73 1685 226 1772 tingeret,
250 1686 314 1772 ipsi
335 1693 372 1753 et
384 1687 434 1755 sui
451 1686 589 1756 heredes
605 1688 711 1756 dietas
727 1709 856 1757 sorores
873 1693 906 1755 et
920 1688 1101 1756 Ecclesiam
1119 1694 1209 1755 ante·

73 1783 201 1861 dietum
204 1793 408 1897 expedirent
435 1795 511 1863 suis
529 1794 682 1886 proprijs
697 1795 878 1882 sumptibus
894 1805 927 1862 et
942 1797 1065 1863 labore.
1090 1796 1211 1864 Astito·
1269 1823 1274 1831 ·

74 1904 170 1968 runt
162 1919 298 1988 insuper
306 1901 598 1990 Tyburorusirater
608 1901 753 1972 eiusdem
763 1902 897 1972 Comitis
906 1903 1003 1988 Petu,
1012 1903 1210 1970 Benedictus

74 2007 164 2077 filius
182 2009 325 2096 Thomo,
348 2012 403 2093 qui
430 2030 469 2078 ae
485 2011 542 2097 olij
561 2013 775 2080 commetanei
789 2011 954 2100 prenotati
968 2031 1060 2078 suurn
1078 2029 1209 2079 eonsen-

74 2137 146 2185 sum
163 2119 373 2203 prebuerunt.
407 2120 444 2184 ln
469 2118 560 2186 ouius
586 2119 632 2188 rei
657 2122 845 2188 memoriam
866 2121 908 2187 ad
924 2119 1120 2187 instanciam
1136 2137 1208 2204 par-

73 2228 162 2296 eium
194 2234 361 2309 presentes
386 2227 602 2294 oonoessimus
628 2228 753 2294 litteras
785 2226 888 2314 sigilli
913 2227 1016 2295 nostri
1031 2227 1208 2294 munimine

75 2337 260 2404 roboratas.
282 2337 405 2401 Datum
430 2354 488 2419 per
508 2355 623 2431 manus
644 2336 794 2420 Magistri
809 2336 971 2421 Ambrosij
986 2335 1130 2403 Leotoris
1146 2333 1207 2401 Bu·

74 2445 199 2530 densis,
224 2429 312 2508 anno
333 2441 467 2510 Domini
481 2443 528 2508 ιιιο
545 2440 609 2510 CC⁰
624 2443 733 2509 LXX⁰
748 2464 833 2510 nono
842 2495 852 2530 ,
876 2443 1033 2527 Magistro
1058 2442 1208 2512 Jobanne

72 2553 240 2640 Centone,
263 2551 443 2620 Laurentio
469 2553 628 2642 Custode,
655 2553 838 2637 Paugruoio
854 2551 1007 2636 Deoano,
1040 2551 1162 2620 Bedew
1177 2557 1209 2618 et

72 2661 231 2728 iohanne
247 2660 485 2747 sacerdotibus,
499 2661 664 2745 Stephano
679 2681 720 2728 ao
734 2662 820 2747 Elyu
835 2660 1012 2746 Magistris,
1028 2660 1209 2742 eeterisqua

71 2769 253 2839 Canouieis
270 2767 495 2894 existentibus.
605 2797 607 2804 ’

70 2915 217 3046 (Eredetie
236 2948 411 3018 bttrhirtytu,
429 2966 446 3002 ι
465 2947 558 3018 paestt
577 2955 655 3002 vtirtls
668 2945 899 3014 selyemasimbron
918 2948 1004 3016 ltlgg,
1024 2945 1136 3002 ebusini
1155 2945 1207 2998 ιιι.

481 3039 606 3092 kamarai
624 3035 802 3092 leutitirban.

537 3299 750 3316 m

608 3682 685 3753 177.
777 3723 781 3729 -

64 3869 121 3936 Az
139 3869 213 3952 cyri
234 3865 458 3952 kdptulanuaie
473 3863 749 3950 bizonyotiplevaia
774 3864 855 3949 kopp
880 3858 1010 3927 Alaeus
1025 3884 1045 3927 a
1060 3861 1213 3948 kirdlynt

56 3975 353 4063 ftitdlnoitmoetore
378 3996 400 4037 a
425 3973 531 4058 Kyciri
546 3970 732 4037 nemeseklcel
748 3969 840 4035 Mitt
855 3969 1009 4034 tutotuto
1023 3969 1207 4054 mepbletteo·

329 4083 374 4145 ert
389 4079 620 4166 bardtsdpoeon
636 4077 837 4166 epyezloodott.
863 4079 960 4144 1279.

192 4277 347 4344 Omnibus
363 4276 485 4344 Christi
500 4273 651 4343 fidelibus
667 4281 734 4341 tam
750 4271 956 4358 presentibus
972 4291 1070 4357 quem
1092 4269 1208 4339 futuris

63 4403 218 4476 presens
248 4385 401 4468 seriptum
426 4383 621 4468 inspecturis
647 4381 834 4467 Capitulum
859 4379 1007 4447 Euolesie
1035 4378 1207 4464 Agriensis

63 4497 223 4568 salutem
238 4491 273 4558 in
291 4493 431 4559 omnium
447 4493 621 4559 saluatore.
640 4489 693 4556 Ad
703 4489 925 4556 uniuersorum
936 4486 1088 4554 noticiam
1097 4493 1209 4553 tenore

65 4598 290 4692 presencium
315 4599 466 4667 uolumus
491 4598 681 4685 peruenire:
716 4598 803 4680 quod
829 4594 987 4664 Aladario
1004 4594 1071 4662 filio
1087 4590 1208 4659 Chethe

112 4731 470 4778 nom-nuru.n1sr.-
489 4734 561 4778 nuru.
577 4729 613 4774 17.
1006 4705 1046 4770 17
1139 4781 1141 4784 Ι
