3140 5150
614 287 774 394 jaa—

126 489 351 580 supplicantes
361 541 369 576 ,
395 495 431 555 vt
450 486 585 558 easdem
601 490 786 558 libertatum
804 488 1032 574 prerogatiuas
1048 483 1211 555 ratitioare
1228 492 1260 554 et

127 584 331 686 approbare,
357 597 525 679 dictasque
549 597 676 666 litteras
703 596 928 683 priuilegialos
948 594 991 663 ad
1011 594 1170 666 vberioris
1186 614 1259 660 oau-

128 709 196 777 tale
214 705 419 773 enidenoiam
435 705 601 791 priuilegij
628 705 730 774 nostri
748 703 929 792 patrocinio
954 703 1128 772 elementer
1148 700 1262 786 digna-

128 836 236 885 remur
252 817 453 883 oonlirmaro.
471 814 619 894 Quarum
634 821 726 882 tenor
741 815 820 882 talis
836 820 907 882 est:

239 924 322 991 Bela
336 924 399 991 Dei
414 925 530 1008 gracia
547 924 719 1010 Hnngario
734 924 797 990 stb.
813 924 883 990 Rex
898 922 962 990 stb.
978 918 1194 1008 (kdvetlrezik
1209 919 1263 986 lV.

128 1033 213 1101 Btla
228 1031 408 1118 kiralynak
427 1031 567 1101 1248-ki
582 1031 749 1119 okmdnya
757 1083 767 1118 ,
788 1031 869 1098 mint
885 1027 1166 1116 gylljtemtnylink
1181 1025 1262 1113 Vll,

131 1141 251 1227 vagyis
267 1161 289 1206 a
303 1139 453 1208 mtsodik
472 1140 597 1226 folyam
614 1141 656 1206 Il.
674 1140 851 1208 kdteteben
877 1141 951 1207 258.
968 1137 1003 1225 l.)
1318 1228 1322 1237 v

240 1249 307 1317 Nos
333 1249 431 1333 igitur
456 1249 550 1316 iustis
567 1258 599 1316 ut
615 1249 769 1335 legitimis
796 1249 1017 1335 predictorum
1041 1246 1185 1316 fidelium
1210 1269 1264 1317 no·

135 1363 273 1425 atrorum
293 1356 509 1444 petitionibus
533 1356 760 1424 fauorabiliter
785 1355 932 1423 inolinati
959 1355 992 1420 in
1008 1355 1070 1423 hae
1085 1362 1189 1443 parte,
1216 1361 1263 1422 at-

135 1462 307 1533 tendentes
324 1461 410 1549 quod
429 1465 517 1533 iusta
541 1463 660 1550 petioio
684 1463 817 1532 auribus
842 1463 943 1547 Regie
967 1463 1184 1547 Benignitatis
1201 1484 1266 1530 non

136 1571 257 1640 debeat
273 1571 458 1660 displicere,
476 1573 541 1640 imo
557 1572 601 1640 ad
617 1570 839 1640 exauditionis
861 1572 1005 1656 grauiam
1023 1570 1152 1638 admitti
1167 1589 1265 1637 mere·

138 1685 230 1764 atur;
263 1687 452 1767 prenotatas
483 1681 608 1748 litteras
642 1681 810 1767 ipsorum,
841 1700 907 1746 non
938 1678 1163 1764 oanoellatas,
1203 1698 1267 1744 uon

138 1790 295 1874 abrasas,
318 1810 378 1858 neo
404 1791 438 1857 in
463 1791 578 1875 aliqua
600 1789 651 1857 sni
669 1796 762 1876 parte
777 1788 934 1874 violatas,
966 1788 1008 1854 de
1026 1792 1125 1856 verbo
1141 1786 1184 1854 ad
1198 1807 1267 1854 ver-

137 1899 213 1964 bum
230 1898 435 1982 presentibus
460 1897 612 1980 insertas,
637 1918 703 1965 vna
718 1901 790 1964 'oum
807 1895 994 1982 prescriptis
1010 1894 1089 1978 alijs
1106 1896 1268 1980 approba·

140 2024 222 2092 mus,
248 2003 447 2074 ratificamus
473 2011 506 2072 et
530 2006 725 2074 auctoritate
750 2005 852 2088 Regio
870 2002 1054 2072 Maiestatis
1070 2002 1110 2070 de
1125 2003 1270 2068 Prolato-
1365 2037 1367 2043 ,

139 2133 209 2179 rum
227 2119 259 2180 et
275 2115 440 2182 Beronum
467 2113 572 2199 Regni
598 2114 702 2182 nostri
723 2112 858 2181 oonsilio
876 2111 919 2178 ad
934 2117 1124 2198 perpetuam
1143 2110 1190 2176 roi
1205 2129 1269 2176 me·
1369 2129 1371 2134 ·

141 2219 276 2286 moriam
292 2222 529 2290 oonfirmamus.
552 2223 591 2289 In
607 2223 699 2289 ouius
714 2219 932 2288 testimonium
957 2225 1124 2306 presentes
1143 2237 1270 2285 oonues·

141 2329 243 2394 simus
274 2328 404 2396 litteras
429 2329 594 2417 duppliuis
629 2328 731 2414 sigilli
758 2328 860 2397 nostri
885 2320 1062 2395 munimine
1088 2326 1268 2392 roboratas.

143 2437 265 2502 Datum
281 2456 339 2524 per
355 2456 470 2505 manus
486 2436 635 2521 Magistri
650 2435 780 2504 Nioolai
790 2435 942 2503 Albensis
963 2431 1109 2501 Euolosie
1125 2432 1271 2498 Transii-

145 2543 315 2612 nauiensis
331 2543 493 2631 Prepositi
509 2546 586 2612 aule
601 2554 712 2612 nostro
729 2542 948 2628 Oanoellarij,
972 2539 1083 2607 dileoti
1108 2546 1140 2607 et
1165 2539 1271 2605 fidelis

141 2650 264 2738 nostri,
291 2672 378 2719 anno
403 2653 535 2722 Domini
572 2653 745 2720 millesimo
777 2649 998 2718 ducentesimo
1030 2644 1272 2735 septuagesimo

143 2765 246 2844 sexto,
273 2759 380 2858 Regni
395 2767 502 2827 autern
513 2762 614 2829 nostri
631 2781 716 2828 anno
727 2760 839 2842 quinto
855 2758 928 2826 VII.
940 2755 1103 2824 kalendas
1124 2752 1272 2836 Augusti.

181 2938 232 3006 (Aa
252 2936 434 3008 Okoliosdnyi
448 2938 542 2994 esaltd
555 2939 734 2996 levelttrtbol
748 2941 856 2993 resulto
870 2936 950 2992 ndhai
965 2935 1105 3002 Saoutagh
1118 2932 1236 3000 anial.)

601 3235 818 3252 mannan-unu·-

689 3732 743 3802 96.

150 3949 208 4016 IV.
227 3943 343 4012 Loszto
357 3937 531 4024 tirotyoat
548 3957 569 4000 o
583 3933 760 4019 oydlsziqet
775 3930 914 3996 tiaratos
924 3927 1079 4014 tdrpyozd
1094 3923 1276 4008 odorndoya

364 4071 402 4114 aa
418 4047 519 4113 ottoni
537 4038 765 4129 opdcaozrtrdo
784 4041 942 4106 szdmdro.
966 4037 1031 4104 127
1033 4039 1063 4102 6.

255 4244 445 4332 Lodyzlaus
464 4243 526 4309 Dei
541 4239 655 4324 grauia
669 4234 854 4322 Hungarie,
883 4230 1074 4316 Dalmauie,
1100 4225 1276 4308 Crowaoie,

151 4361 270 4443 Bane,
294 4355 427 4440 Seruio,
451 4349 612 4436 Gallicis,
640 4345 848 4430 Lodomerio‚
877 4337 1035 4409 Cumania
1058 4331 1278 4420 Bulgarieque

150 4467 219 4534 Rex
233 4465 384 4533 omnibus
409 4457 529 4527 Christi
548 4454 697 4523 fidelibus
715 4457 899 4541 presentem
915 4446 1071 4535 paginam
1087 4441 1279 4530 inspecturis

150 4573 290 4641 salutern
318 4569 352 4636 in
378 4569 519 4638 Domino
547 4565 785 4652 sempiternam.
809 4557 921 4625 Diuini
938 4554 1087 4623 Numinis
1103 4552 1280 4636 incompre-
