3146 5166
799 301 966 400 Q

315 497 403 562 terea
420 501 530 578 partes
546 514 605 579 pro
621 496 705 562 bono
737 494 827 579 paois
852 501 1007 580 perpetuo
1039 493 1193 564 durature
1209 496 1441 564 ordinaueruut

316 602 461 686 interos,
477 600 562 684 quod
584 600 663 685 quia
678 601 902 687 possessiones
925 603 1069 687 ipsarum
1086 601 1232 686 paroium
1249 621 1309 688 per
1325 623 1438 688 aquam

317 714 349 774 et
363 709 482 775 siluam
497 707 591 773 Baba
607 706 828 792 distinguntur
844 707 1104 792 possessionibus
1126 707 1282 775 videlieet
1300 709 1439 795 Ohepani

318 823 350 880 et
365 813 536 898 Laurenoij
554 834 594 880 ao
619 813 838 908 proximorum
869 833 998 882 snorum
1029 813 1243 900 predictorum
1261 836 1282 880 a
1297 815 1436 897 meridie,

319 927 352 988 et
366 921 409 987 eb
424 923 561 1006 oriente,
594 925 627 985 et
653 920 916 1004 possessionibus
948 919 1150 1008 prefatorum
1180 923 1323 990 filiorum
1354 921 1440 990 Ebed

319 1035 351 1095 et
366 1027 583 1114 proximorum
598 1046 729 1095 suorum
746 1047 767 1093 a
783 1033 877 1112 parte
902 1026 1047 1114 predicte
1071 1046 1158 1111 aque
1182 1047 1296 1096 uersus
1321 1029 1439 1112 aquilo·

318 1153 391 1201 nem
406 1132 667 1218 remanentibus;
684 1131 725 1200 de
741 1139 847 1201 eetero
862 1151 969 1217 neque
985 1131 1169 1219 Ohepanus
1180 1135 1394 1220 Laurenoius,
1410 1143 1440 1202 et

319 1241 460 1328 proximi
476 1259 585 1308 eorum
611 1247 740 1324 aparte
764 1239 1007 1325 possessionum
1033 1239 1173 1308 filiorum
1199 1239 1291 1308 lebet
1316 1249 1349 1308 et
1374 1262 1441 1328 pro·

320 1347 511 1433 pinquorum
558 1365 714 1432 suorum;
761 1352 793 1413 et
824 1367 842 1412 e
875 1366 1034 1414 conuerso
1065 1365 1170 1430 neque
1201 1345 1259 1432 filij
1293 1349 1387 1416 llbed
1416 1357 1447 1415 et

318 1453 492 1542 propinqui
523 1453 573 1521 sui
599 1460 728 1540 aparte
752 1455 992 1540 possessionum
1009 1453 1157 1541 Ohepani
1173 1461 1205 1521 et
1220 1455 1396 1542 Lauranoij
1413 1461 1444 1521 st

319 1562 537 1648 proximorum
554 1560 668 1628 eorum
684 1560 796 1642 aliqua
812 1559 943 1627 raoione
968 1562 1023 1628 uel
1040 1561 1150 1646 aliquo
1166 1562 1261 1629 titulo
1277 1562 1444 1630 medianti-

318 1671 379 1736 bus
396 1672 548 1754 poterunt
564 1667 675 1752 aliqua
689 1667 762 1734 iura
776 1657 940 1750 poroion'is
965 1668 1150 1736 uendioare.
1176 1666 1384 1737 Addiderunt
1400 1669 1444 1735 in·

321 1793 429 1862 super,
445 1775 528 1860 quod
544 1774 572 1842 si
598 1772 783 1861 sepedietus
808 1773 964 1841 Nioolaus
996 1774 1140 1859 prelatas
1165 1775 1391 1862 possessiones
1407 1794 1447 1842 ex

320 1881 434 1951 fauore
450 1881 642 1950 dilsooionis
674 1881 849 1966 sepedictis
875 1881 954 1966 filijr
969 1881 1063 1949 Itbod
1086 1889 1119 1948 et
1148 1883 1305 1968 proximis
1336 1903 1445 1952 eorum

322 1989 393 2058 sine
408 1989 441 2055 in
457 1989 526 2056 uita
542 1987 611 2055 sine
626 1988 661 2054 iu
676 1993 779 2054 morte
801 1987 983 2056 liberaliter
999 1986 1171 2057 donauerit
1179 2041 1190 2078 ,
1216 1989 1277 2059 erit
1291 1990 1356 2058 sibi
1370 1990 1445 2058 libe·

321 2116 392 2164 rum
408 2095 527 2162 faeere.
544 2095 582 2160 In
599 2114 696 2179 quom
712 2094 816 2163 eoiam
832 2095 1003 2164 articulum
1014 2093 1189 2182 Ohepanus
1205 2097 1444 2165 etLaurenoius

323 2222 363 2269 ae
377 2203 519 2288 proximi
536 2219 645 2270 eorum
661 2221 743 2288 pure
768 2208 801 2268 et
816 2201 1004 2289 simplieiter
1034 2209 1273 2270 consenserunt
1297 2205 1338 2270 In
1355 2203 1443 2271 ouius

323 2309 371 2374 rei
398 2307 585 2375 memoriam
616 2315 783 2393 presentes
808 2307 1025 2376 ooneessimus
1051 2309 1175 2377 litteras
1201 2315 1312 2376 nostro
1337 2309 1444 2394 sigillo
1540 2359 1546 2368 .

323 2415 504 2482 roboratas.
520 2415 640 2481 Datum
657 2413 863 2500 feriaqninta
879 2421 953 2500 post
969 2415 1088 2482 testum
1104 2415 1199 2482 Beati
1216 2415 1349 2501 Georgij
1367 2435 1442 2483 mar·

322 2521 394 2588 tiris
410 2541 495 2588 anno
511 2519 642 2588 Domini
666 2521 838 2589 millesimo
869 2520 1089 2590 ducentesimo
1105 2522 1328 2606 nonagesimo.
1344 2520 1441 2607 Magi·
1547 2503 1548 2555 ³

321 2627 398 2694 stris
415 2624 596 2694 Garaohino
612 2628 791 2717 Proposito,
823 2629 996 2698 Dominioo
1013 2627 1159 2715 cantore,
1191 2629 1274 2698 Bors
1299 2629 1441 2714 Lentone,

323 2733 487 2820 Stephano
504 2735 645 2803 Custode
660 2736 806 2804 lindesie
822 2743 930 2804 nostre
946 2735 1169 2805 existentibus.

554 2879 1290 2948 sec-D·

322 3021 457 3086 (Ersdetis
470 3017 643 3088 bb'rhdrtydn,
656 3023 785 3088 molynslx
798 3021 882 3089 lltggd
894 3021 1011 3090 pscsdtjs
1040 3019 1097 3074 mbr
1109 3023 1245 3084 lslnullott,
1258 3038 1276 3074 a
1289 3038 1374 3076 nemu.
1387 3037 1442 3075 mu·

595 3182 599 3189 Ι
716 3127 794 3164 reum
813 3107 1053 3178 koairatstrtbsn.)

780 3381 786 3388 1
802 3380 824 3390 ..ψ
837 3380 990 3393 --ψ--ρ--η

847 3821 925 3888 390.

322 4001 352 4068 Α
387 4003 520 4070 vurodrs‘
541 4003 772 4088 kdptulonnak
798 4023 990 4088 upyaaaaon
1014 4001 1234 4088 appetentem
1268 4002 1442 4068 oonutkosd

682 4108 955 4193 bieooysdpleoete.
981 4108 1077 4174 1290.

589 4251 619 4316 A
877 4251 904 4316 B
1163 4249 1189 4317 G

432 4392 500 4459 Nos
516 4393 704 4479 Capitulum
720 4391 869 4460 Iloolesie
884 4390 977 4459 Beati
991 4391 1160 4458 Michaelis
1186 4391 1381 4477 Archangeli
1406 4389 1444 4456 ds

327 4500 440 4566 Castro
456 4497 606 4586 (Ferreo)
617 4499 818 4568 uotifioamus
828 4506 938 4568 tenore
955 4499 1157 4586 presencium
1172 4495 1342 4581 uniuersis,
1352 4494 1436 4584 quod
