3118 5158
817 208 978 307 „mo-

329 401 546 488 demptionem
561 401 650 488 poni‚
670 407 703 467 et
717 400 823 485 ipsum
842 400 977 486 redimi;
1002 401 1088 484 quod
1107 402 1203 488 illud,
1234 397 1323 486 quod
1339 399 1461 484 recipe·
1540 387 1541 466 ἶ

329 517 416 576 retur
432 530 490 594 pro
506 506 730 594 redemptione
746 509 827 595 ipsa,
843 509 886 575 sit
901 513 1004 575 totum
1020 509 1182 576 dictarum
1196 509 1463 576 Universitatum.

328 617 470 682 Tenetur
487 623 596 684 tamen
613 617 720 684 dictus
737 614 889 683 dominus
906 617 977 683 Rex
994 616 1036 684 de
1052 616 1190 703 captivis
1207 617 1366 702 predictis
1385 615 1463 680 dare
1540 605 1541 618 ³

329 725 408 810 ipsis
434 725 731 812 Universitatibus,
756 723 784 792 si
812 725 962 812 aliquem,
988 726 1041 792 vel
1066 727 1194 811 aliquos
1221 727 1296 812 capi
1323 743 1364 789 ex
1381 723 1461 808 ipsit

330 831 501 916 contigerit
526 832 662 900 edictis
689 833 911 918 Dalmasibus,
938 837 970 899 et
988 831 1114 899 cambio
1140 832 1345 918 competenti.
1381 833 1460 896 Item

330 939 416 1023 quod
444 937 648 1032 ordinabitur
671 961 729 1025 per
746 940 911 1007 dominum
927 941 1048 1024 Regem
1065 941 1244 1026 predictum
1261 960 1346 1006 unus
1365 937 1460 1021 (lapi-

329 1057 456 1131 taneus,
480 1050 536 1130 qui
554 1050 654 1131 presit
674 1047 769 1116 dietis
785 1047 889 1132 galeis
907 1048 1058 1133 quinque,
1083 1056 1115 1115 ct
1140 1069 1261 1134 omnes,
1286 1049 1342 1130 qui
1370 1033 1460 1112 eruut

329 1157 363 1223 in
379 1154 476 1221 dictis
501 1155 606 1238 galeis
631 1156 780 1223 obedient
805 1157 868 1240 ipsi
893 1157 1082 1242 capitaneo,
1110 1156 1166 1238 qui
1192 1157 1261 1240 erit,
1287 1155 1340 1222 vel
1357 1163 1456 1219 muta·

330 1264 425 1348 bitur,
455 1269 487 1328 ct
518 1263 593 1331 aliis
625 1265 862 1349 subornabitur,
896 1265 938 1329 ad
969 1263 1170 1330 voluntatem
1202 1264 1306 1346 ipsius
1337 1263 1458 1331 domini

329 1370 439 1455 Regis.
479 1371 562 1438 Item
593 1374 679 1454 quod
711 1372 738 1438 si
770 1371 873 1454 aliqui
905 1393 944 1438 er
970 1371 1183 1438 Dalmasibus
1214 1372 1319 1439 velint
1349 1373 1459 1437 venire

329 1486 444 1562 sponte
461 1478 505 1544 ad
522 1479 735 1547 habitandum
761 1499 832 1545 cum
849 1478 975 1544 fartilia
992 1500 1053 1545 sua
1079 1479 1122 1543 ad
1139 1485 1242 1545 terras
1259 1479 1459 1546 Universita-

330 1595 397 1652 tum
414 1587 644 1673 predictarum,
663 1588 808 1654 homines
825 1587 1046 1671 predictarum
1062 1587 1317 1653 Universitatum
1335 1589 1459 1672 possint

329 1693 418 1778 ipsos
435 1694 597 1780 recipere,
622 1694 795 1760 dummodo
821 1716 886 1760 non
904 1695 968 1760 sint
988 1699 1099 1760 contra
1119 1694 1318 1760 voluntatem
1337 1695 1457 1760 domini

328 1800 424 1881 Regis
442 1798 627 1886 Hungarie5
652 1808 782 1887 recepte
798 1809 906 1868 tamen
932 1802 1021 1886 prius
1047 1801 1151 1867 abeis
1177 1800 1296 1866 idonea
1323 1811 1355 1869 ct
1372 1804 1457 1868 sulli-

328 1908 427 1974 cienti
454 1910 593 1994 cautela,
617 1911 703 1993 quod
729 1930 793 1976 non
821 1910 984 1976 offendent
1008 1910 1172 1976 dominum
1197 1912 1317 1993 Regem
1345 1909 1457 1977 Sicilie

329 2017 380 2082 rel
397 2025 525 2100 gentem
542 2039 654 2104 suem,
673 2025 706 2084 ct
722 2019 808 2101 quod
824 2017 946 2084 facient
963 2037 1112 2101 guerram
1128 2018 1224 2084 dictis
1237 2017 1457 2086 Dalmasibus.

329 2125 379 2189 lta
395 2131 502 2192 tamen
528 2124 657 2210 quodsi
682 2147 739 2210 per
756 2125 878 2210 dictos,
901 2125 957 2208 qui
983 2125 1149 2192 venissent
1174 2125 1216 2190 ad
1242 2124 1455 2191 habitandum

329 2229 371 2297 ad
387 2229 492 2300 dictas
511 2241 623 2319 terras,
647 2233 780 2317 aliquod
806 2235 960 2300 damnum
986 2233 1117 2300 daretur
1133 2234 1195 2319 ipsi
1215 2231 1344 2299 domino
1365 2233 1455 2316 Regi,

328 2339 380 2406 vel
396 2339 489 2424 genti
512 2361 570 2406 sue
595 2360 653 2424 seu
678 2341 775 2407 alicui
802 2341 849 2406 sic
873 2359 932 2426 per
952 2340 1095 2426 pi1·atas;
1120 2338 1202 2406 dicte
1222 2339 1456 2406 Universitates

329 2447 369 2514 dc
385 2447 471 2516 dioto
495 2448 613 2515 damno
639 2456 808 2517 teneantur
833 2449 920 2515 dioto
938 2448 1067 2516 domino
1084 2449 1174 2533 Regi.
1200 2449 1270 2516 Hoc
1288 2456 1385 2535 paeto
1405 2469 1456 2512 ex-

328 2574 440 2638 presso
466 2556 549 2623 inter
577 2555 741 2642 predictas
767 2563 895 2644 partes,
929 2557 1014 2642 quod
1044 2558 1128 2624 dicto
1154 2555 1390 2623 Universitates
1416 2556 1456 2621 de

329 2661 423 2729 dictis
448 2663 554 2748 pectis
581 2683 646 2731 non
670 2673 861 2750 teneantur,
884 2667 913 2732 si
938 2665 1084 2751 predicto
1109 2664 1240 2731 domino
1267 2665 1348 2747 Regi
1369 2663 1455 2728 Hun-

328 2770 421 2852 garie
447 2769 664 2854 displicerent.
689 2773 730 2840 Idt
746 2793 843 2858 quam
869 2774 933 2840 cito
950 2794 1007 2857 per
1024 2775 1128 2858 ipsum
1155 2771 1318 2839 dominum
1335 2772 1454 2854 Regem

328 2875 494 2962 Hungaric
518 2879 671 2966 predictis
696 2882 966 2950 Universitatibus
993 2879 1194 2966 constiterit,
1218 2880 1305 2962 quod
1330 2881 1361 2944 ci
1387 2898 1454 2964 pre·

328 2984 415 3051 dicta
441 2985 646 3076 displiceant,
672 2996 843 3056 teneantur
868 2989 1013 3076 predicto
1029 2989 1159 3055 domino
1175 2988 1257 3072 Regi
1272 2987 1383 3054 Sicilie
1410 2986 1455 3050 di-

323 3095 453 3178 stincte,
477 3103 572 3178 prout
598 3097 639 3163 ab
657 3096 770 3164 eodem
790 3098 920 3164 domino
936 3100 1024 3180 Rege
1040 3096 1210 3180 Hungarie
1225 3097 1454 3181 presenseriat‚

327 3204 536 3290 annuntiarc;
561 3213 593 3271 et
608 3214 744 3275 extuncc
761 3207 868 3274 dictus
884 3207 1034 3274 dominus
1050 3208 1120 3272 Rex
1136 3203 1247 3271 Sicilie
1264 3203 1360 3270 dictis
1377 3203 1454 3270 Uni·

329 3311 535 3380 versitatibue
552 3314 592 3381 de
610 3316 763 3400 predictis
783 3317 817 3384 in
833 3317 936 3383 nihilo
951 3317 994 3382 sit
1009 3315 1194 3399 adstrictus,
1219 3313 1277 3382 sed
1295 3315 1367 3396 ipso
1379 3312 1456 3396 jure

326 3417 369 3483 sit
385 3419 426 3482 ab
443 3421 589 3487 omnibus
614 3421 772 3506 predictis
790 3423 1040 3509 obligationibus
1057 3421 1232 3505 liberatus3
1258 3427 1290 3485 et
1306 3417 1453 3504 predicte
1478 3498 1486 3506 ¹

328 3523 566 3593 Universitates
597 3528 631 3594 in
663 3530 840 3599 continenti
871 3532 915 3598 ad
946 3530 1190 3614 requisitionem
1221 3528 1301 3594 dicti
1332 3525 1454 3593 domini

326 3631 426 3717 Regis
457 3632 621 3720 predictas
652 3635 765 3720 galeas
782 3639 829 3704 eis
861 3637 1124 3704 accommodatas
1156 3631 1260 3701 cidem
1287 3632 1456 3699 restituere

328 3748 509 3809 tencantur.
544 3741 614 3820 Quo
630 3745 739 3812 omnia
765 3752 798 3812 et
813 3744 944 3831 singula
968 3745 1107 3830 predicti
1124 3741 1249 3808 Sindici
1269 3740 1400 3808 nomine
1415 3759 1456 3805 ao

326 3847 397 3917 rice
413 3849 572 3917 dictarum
588 3851 841 3919 Universitatum
857 3853 1076 3938 promiserunt
1091 3851 1226 3917 solemni
1243 3849 1456 3935 stipulatione
1540 3885 1541 3894 κ

326 3955 560 4027 interveniente
585 3961 671 4028 dicto
697 3961 826 4029 domino
852 3963 934 4046 Regi
959 3961 1073 4028 Sicilie
1099 3959 1271 4028 attondere
1296 3961 1454 4026 etobse1·-

325 4087 411 4152 vare,
436 4075 469 4132 et
494 4088 530 4134 sc
546 4067 689 4136 facturos
715 4077 748 4136 et
772 4089 806 4136 se
822 4077 999 4155 curaturos,
1024 4070 1111 4154 quod
1137 4068 1281 4152 quelibet
1295 4066 1455 4133 dictarum

324 4173 581 4242 Universitatum
598 4177 707 4244 omnia
733 4183 765 4244 et
780 4177 911 4262 singula
931 4178 1138 4245 ratifioabunt
1160 4185 1193 4244 et
1208 4176 1455 4261 approbabunt-3

321 4281 472 4367 jurantes
498 4281 575 4350 dicti
601 4285 725 4353 Sindioi
752 4287 965 4372 corporaliter
988 4287 1135 4372 prestitis
1160 4282 1376 4352 sacramentis
1399 4303 1456 4348 no·

325 4391 410 4478 mine
427 4391 680 4460 Uniremitatum
699 4395 864 4480 ipsarum,
890 4401 921 4460 et
937 4394 978 4479 ,in
995 4395 1166 4460 animabus
1183 4391 1348 4457 hominum
1366 4391 1456 4473 ipsa-

325 4519 398 4568 rum
415 4499 673 4569 Uuivereitatum
690 4523 729 4570 cx
744 4509 907 4593 potestate
933 4521 1088 4570 concessa
1103 4502 1152 4570 eis
1171 4521 1192 4566 a
1208 4498 1303 4567 dictis
1322 4497 1458 4566 Univer-
