3140 5150
618 339 773 440 en...

123 537 212 628 (tgy)
229 545 261 606 et
277 538 485 623 indaginibus
501 537 654 623 antiquis,
670 543 766 622 prout
781 534 888 604 iaoent
904 555 1006 622 nsque
1016 553 1169 618 magnum
1182 551 1252 616 por-

123 654 191 713 tum
208 646 305 713 sitem
323 645 415 713 iuxta
430 645 704 732 magnum-viam,
728 643 944 712 uendiderunt
968 665 1027 729 pro
1038 643 1155 732 =deoem
1171 660 1254 708 mur·

124 753 172 819 eis
188 755 317 821 Rnbino
333 752 568 839 Uieeuoyuuda
584 751 652 818 filio
669 752 805 820 Comitis
821 752 977 818 Hermoni
993 751 1062 818 iure
1078 745 1257 818 herditurio

123 857 359 944 possidendum
387 860 539 925 heredum
555 859 589 924 in
607 859 751 926 heredes.
777 855 872 935 Quod
888 863 924 924 ut
939 863 1045 924 ratum
1061 857 1105 924 sit
1121 873 1256 942 presens

122 965 280 1051 seriptum
312 966 510 1035 contulimus
541 972 652 1033 nostro
684 965 795 1050 sigillo
826 965 1064 1034 communitum.
1098 963 1255 1048 Magistro

123 1072 252 1139 Thomu
267 1074 437 1160 Preposito
464 1073 612 1142 Euolesie
638 1079 766 1161 nostre,
792 1074 948 1157 Magistro
973 1073 1089 1156 Eguke
1108 1070 1258 1152 Contere,

125 1181 262 1247 Andrea
277 1181 437 1270 Custode,
462 1183 578 1250 Cosma
597 1184 731 1251 Deouno
757 1181 983 1250 existentibus.
1005 1183 1101 1247 Anno
1118 1177 1256 1245 Domini

125 1289 301 1356 millesimo
318 1287 539 1358 dueentesimo
553 1289 795 1374 septuagesimo
812 1297 939 1358 ootuuo.

236 1417 359 1484 Ksed:
392 1415 492 1482 Certa
509 1415 629 1482 Rubini
646 1433 743 1502 snper
759 1415 926 1500 emptione
941 1412 1004 1481 loei
1021 1415 1121 1481 eastri
1138 1409 1254 1478 Zalei.

125 1593 177 1659 (An
200 1594 303 1646 eredeti
326 1591 393 1647 utin
414 1593 511 1648 Rdmer
523 1595 622 1658 Florio,
642 1595 726 1662 Gyiiri
747 1590 913 1646 uortenetmi
933 1591 961 1644 es
973 1592 1115 1660 Regdsueti
1128 1591 1260 1654 Fiizetek‚

575 1685 613 1738 11.
626 1683 684 1735 ket.
704 1684 767 1735 305.
781 1682 811 1750 l.)

591 1951 797 1966 Q

658 2412 733 2482 154.

129 2614 158 2680 A
175 2617 349 2702 ueezpre'mi
367 2613 592 2701 kdptolonouk
612 2613 893 2701 bizouysdpleuete,
928 2616 1012 2701 hopy
1027 2615 1137 2700 Eykui
1152 2613 1260 2695 Gutud,

129 2723 295 2810 Nemptye'
320 2721 505 2809 Madeynuk
531 2731 660 2809 dzuepye
685 2724 919 2808 hozomo'uydro
947 2724 979 2789 te
1004 2721 1153 2790 hitbe‘rdue
1169 2729 1260 2788 uc’eve

522 2830 744 2916 tielepttteteu.
776 2831 873 2896 1278.

239 3011 308 3076 Nos
335 3006 518 3098 Capitulum
544 3006 797 3093 vesprimiensis
822 3006 969 3074 Eoelesie
989 3006 1104 3073 dumus
1121 3025 1179 3092 pro
1195 3027 1259 3074 me·

131 3119 244 3203 moria,
267 3115 354 3200 quod
369 3098 504 3182 dominu
520 3113 616 3182 Gund
632 3114 700 3181 filia
716 3115 805 3181 Petri
822 3113 863 3180 de
880 3113 986 3200 Eyku,
1011 3113 1125 3180 relietu
1140 3112 1259 3198 Mudey

131 3224 174 3290 de
188 3223 310 3308 Nemty
320 3273 330 3308 ‚
363 3242 443 3290 vxor
467 3242 544 3290 vero
570 3221 720 3307 Fubyuni
746 3221 786 3289 de
812 3219 879 3287 th
897 3239 968 3286 oum
985 3221 1099 3288 eodem
1115 3221 1260 3287 Fabiano

132 3330 250 3396 marito
278 3347 338 3396 suo
363 3329 540 3396 constituta
555 3328 770 3412 personaliter
787 3345 894 3394 eorum
910 3326 1014 3411 nobis,
1044 3327 1192 3394 confessu
1208 3349 1261 3396 ex·

131 3437 211 3522 titit,
235 3455 271 3504 se
287 3455 308 3501 u
323 3437 419 3504 Petro
435 3435 503 3502 titio
518 3435 637 3520 Mudye
653 3433 817 3520 prenotati
833 3432 941 3502 mariti
957 3433 1007 3502 sui
1023 3434 1086 3500 ium
1105 3434 1258 3522 defundi,

133 3551 167 3612 et
182 3541 340 3611 acomite
357 3540 510 3628 Gylyano
525 3559 645 3627 genero
671 3541 816 3610 eiusdem
832 3541 930 3625 Petri,
955 3540 1106 3608 vndeoim
1132 3561 1260 3610 mareas

132 3669 192 3736 pro
216 3647 429 3736 expedicione
457 3648 542 3716 dotis
569 3655 601 3716 et
625 3667 731 3715 rerum
752 3666 886 3718 suarum
901 3647 1156 3732 puruturnulium
1171 3649 1263 3716 iuxta

135 3759 275 3824 sormam
291 3756 538 3842 composicionis
563 3755 708 3824 habitam
728 3754 811 3826 inter
826 3756 915 3842 ipsos
931 3756 1111 3841 recepisse,
1133 3757 1262 3841 sibique

134 3884 235 3951 snper
250 3863 417 3949 premissis
443 3863 519 3931 dote
535 3870 567 3931 et
582 3865 678 3931 rebus
694 3882 804 3931 seeum
820 3863 939 3930 delatis
956 3862 1027 3930 fore
1043 3863 1191 3948 plenarie
1207 3882 1261 3932 sue

132 3971 311 4038 tistuetum.
333 3970 429 4039 Vnde
454 3970 567 4040 eadem
592 3970 726 4038 dominu
749 3970 881 4037 Petrum
906 3977 938 4038 et
962 3969 1122 4039 Comitem
1138 3969 1261 4056 eytya·

133 4099 211 4146 num
227 4085 415 4164 prenotatos
430 4079 465 4145 in
482 4097 581 4147 eausa
596 4077 742 4166 predicta
757 4077 902 4147 reddidit
912 4079 1081 4164 expeditos
1092 4084 1125 4147 et
1134 4077 1262 4164 penitus

133 4185 325 4266 absulutos,
347 4192 461 4270 petens
487 4204 558 4252 eum
579 4185 751 4270 instancia,
768 4185 862 4270 qnod
878 4183 945 4252 filio
960 4185 1079 4272 Mudye
1095 4185 1260 4272 sepeuioto

131 4302 263 4362 nostrus
288 4289 514 4377 priuilegiuler
541 4291 620 4361 dure
644 4293 771 4362 litteras
795 4311 892 4379 super
916 4293 1078 4378 premisse
1097 4292 1261 4381 expedici-

133 4422 196 4471 one
211 4399 428 4486 dignsremur.
452 4399 547 4481 Quod
563 4421 624 4469 noe
640 4399 782 4468 fauturos
797 4399 1004 4485 promisimus
1013 4448 1021 4482 ‚
1047 4399 1076 4468 si
1092 4408 1261 4485 presentes

132 4509 229 4578 nobis
255 4508 292 4576 in
317 4507 378 4574 hoe
402 4529 488 4578 enno
513 4513 725 4594 reportentur.
748 4507 868 4575 Datum
893 4525 981 4576 unno
998 4507 1131 4574 Domini
1149 4505 1262 4574 M⁰GG⁹

133 4615 378 4702 septuagesimo
398 4621 520 4682 uotum.
