3124 5158
886 875 959 945 224.

362 1077 394 1148 A
409 1083 505 1170 pydra‘
517 1080 748 1172 ledptalcaoek
761 1079 964 1168 cgyeccrrdl
983 1079 1066 1148 aedld
1080 1083 1150 1148 mdo
1164 1077 1362 1165 leiadedago.
1379 1077 1463 1143 1281.

401 1283 403 1289 Ι
472 1311 656 1399 capitulum
677 1313 860 1384 lentiensis
876 1311 1020 1381 Ecclesie
1035 1313 1183 1380 omnihus
1200 1309 1318 1378 Christi
1332 1308 1465 1377 fidelibus

364 1425 531 1510 presentes
554 1421 683 1488 litteras
699 1421 892 1508 inspecturis
908 1419 1045 1489 salutem
1055 1423 1086 1489 iu
1097 1419 1235 1488 Domino
1244 1419 1465 1503 sempiternam.

362 1527 416 1598 Ad
437 1528 659 1599 rniucrsornm
683 1529 834 1598 noticiam
861 1531 975 1597 harum
1000 1530 1084 1598 serie
1111 1530 1258 1597 volumus
1287 1525 1465 1615 peruenire;

364 1635 450 1722 quod
475 1657 546 1705 cum
571 1637 738 1724 Nicolsus‚
762 1637 874 1705 Buaad
899 1643 932 1704 et
946 1636 1112 1704 Feldricus
1129 1636 1184 1722 filij
1203 1634 1366 1719 quondam
1385 1629 1463 1698 utet

363 1741 450 1811 Beni
468 1747 501 1810 in
517 1754 629 1813 nostra
644 1744 812 1838 presencia
827 1745 1037 1832 personaliter
1057 1744 1220 1812 constituti
1237 1743 1392 1826 quasdam
1406 1759 1467 1825 pos·

364 1853 527 1920 sessiones
559 1873 635 1920 suas
667 1853 844 1936 Hydegsed
875 1861 907 1920 et
948 1851 1066 1936 llonlsy
1095 1859 1228 1918 rocctes
1259 1851 1292 1916 in
1323 1847 1467 1916 comitatu
1529 1917 1530 1958 1

365 1958 580 2046 Supruniensi
605 1960 780 2029 existentes
805 1960 980 2029 secundum
1001 1959 1134 2026 sormam
1152 1955 1468 2026 memorialiumlitte·
1529 1969 1530 2036 l

365 2086 473 2136 rerum
499 2077 682 2136 nostrarum
708 2069 864 2154 Gregorio
889 2079 921 2136 et
944 2068 1074 2136 Andrco
1099 2068 1173 2152 filijs
1195 2069 1282 2134 Petri
1309 2066 1349 2132 de
1365 2078 1468 2148 genere

366 2173 434 2259 Osl,
451 2195 491 2244 ac
507 2177 664 2265 Dyonisio
682 2178 746 2246 filio
765 2177 983 2245 Bartholomci
1001 2177 1040 2246 de
1055 2176 1206 2245 Vezeken
1222 2173 1399 2243 comitibus
1421 2187 1468 2256 pro

366 2283 515 2351 ducentis
546 2285 675 2373 mercis,
707 2305 769 2370 quc
799 2287 833 2352 iu
862 2285 1003 2369 denarijs
1036 2283 1272 2352 Viennensibus
1305 2301 1370 2349 non
1399 2277 1468 2345 rasis

365 2390 498 2460 luerunt
513 2394 677 2477 persolute
693 2413 799 2460 coram
816 2393 918 2478 nobis,
929 2413 1029 2477 usqne
1039 2399 1158 2459 certum
1169 2393 1340 2459 terminum
1355 2383 1468 2476 pignori

368 2499 578 2587 obligassent,
604 2521 663 2567 nec
688 2499 818 2568 easdem
833 2501 1055 2587 possessiones
1070 2520 1147 2567 suas
1162 2501 1195 2566 in
1212 2499 1327 2584 primo,
1345 2491 1468 2564 secundo
1529 2481 1530 2484 ¹

368 2617 400 2673 ct
416 2607 515 2674 tercio
532 2608 678 2675 terminis
694 2628 751 2694 per
768 2605 967 2693 Gregorium,
991 2607 1154 2674 Andream
1170 2614 1201 2673 et
1217 2603 1406 2689 Dycnisium
1420 2602 1468 2669 eo-

370 2716 465 2782 mites
489 2722 555 2782 tam
581 2715 794 2784 amicabiliter
809 2735 905 2799 quam
921 2714 1170 2782 misericorditer
1187 2714 1275 2780 ultre
1290 2712 1371 2780 duos
1385 2727 1469 2798 aanor

370 2825 553 2908 prorogatis
578 2823 735 2891 redimere
759 2827 959 2910 potuissent;
976 2823 1106 2890 landem
1122 2843 1180 2908 per
1196 2829 1304 2910 partes
1320 2821 1411 2908 probi
1425 2818 1466 2882 lc

369 2930 471 3000 mines
497 2931 540 2998 ed
565 2931 778 3000 estimandum
804 2931 901 3018 ducti,
927 2939 1077 3020 presente
1102 2938 1211 2998 nostro
1232 2929 1362 2997 bomine
1378 2945 1472 2996 secun·

369 3039 443 3107 dum
461 3037 699 3108 ordinacionem
716 3039 859 3126 parcium
875 3061 934 3128 per
957 3059 1017 3107 nos
1033 3039 1140 3126 misso,
1156 3040 1243 3106 dicte
1257 3037 1473 3125 possessiones,

370 3155 468 3232 prout
482 3154 593 3234 partes
609 3149 838 3216 estimationes
856 3155 888 3214 et
903 3155 1013 3216 noster
1027 3147 1123 3216 homo
1138 3147 1182 3214 ad
1198 3167 1256 3213 nos
1272 3147 1395 3213 reuersi
1409 3149 1475 3209 retu·

366 3257 484 3342 lerunt,
510 3275 568 3342 pro
593 3255 744 3324 trecentis
759 3256 876 3322 marcis
892 3255 1020 3324 luerunt
1037 3255 1203 3342 estimate3
1219 3275 1278 3340 pro
1293 3255 1410 3338 quibus
1424 3261 1472 3318 tre·

367 3364 469 3433 centis
484 3365 604 3431 marcis
619 3363 709 3452 prius
725 3374 833 3432 tamen
849 3364 1037 3432 sufficenter
1052 3363 1238 3432 satisfaccio
1249 3360 1476 3449 perAndrerm,

368 3473 562 3557 Gregorium
577 3477 609 3539 et
624 3472 817 3560 Dyonisium
833 3472 973 3540 Comites
995 3470 1036 3537 dc
1050 3471 1119 3538 illis
1135 3476 1263 3538 centum
1279 3470 1406 3554 marcis,
1422 3483 1474 3550 quc
1529 3547 1530 3560 ἵ

366 3578 631 3652 inestimatione
655 3587 865 3662 encreuerant
888 3599 987 3666 supra
1012 3578 1168 3647 ducentas
1191 3598 1320 3644 marcas
1345 3586 1475 3661 tempore

313 3699 316 3705 '
366 3689 655 3776 impignorscionis
680 3689 819 3775 habites,
847 3689 924 3756 dicti
948 3689 1110 3773 Nicolauq
1137 3688 1247 3755 Buncd
1273 3697 1305 3755 et
1320 3686 1477 3756 Feldrieus
1529 3719 1530 3750 r

368 3798 427 3883 lilij
455 3796 617 3882 quondsm
642 3797 736 3864 (lhek
760 3797 843 3864 Beni
870 3796 911 3864 ed
931 3802 1074 3863 nostram
1090 3793 1261 3865 redeuntes
1276 3795 1476 3882 presenciam,

279 3925 280 3929 ’
367 3909 433 3975 ism
459 3905 566 3972 dictas
590 3907 812 3992 possessiones
838 3925 915 3973 suos
941 3904 1118 3991 Hydegsed
1145 3909 1177 3972 et
1201 3903 1324 3992 Honky
1346 3910 1476 3974 vocatas,
1529 3937 1530 3942 κ

369 4037 443 4087 cum
460 4014 608 4083 omnibus
623 4015 820 4084 utilitatibus
836 4022 869 4084 et
884 4015 1094 4102 pertinencijs
1110 4013 1190 4102 suis,
1201 4015 1334 4082 clausas
1351 4009 1482 4094 antiquis
1529 4043 1530 4048 κ

368 4125 463 4193 metis
479 4129 512 4190 et
527 4122 682 4210 terminis,
694 4123 830 4210 prelatis
845 4121 984 4206 Andros,
1003 4120 1157 4206 Gregorio
1175 4128 1206 4188 et
1221 4121 1379 4208 Dyonisio
1389 4117 1479 4189 Comi·
1529 4189 1530 4196 q

367 4234 454 4301 tibus
480 4251 520 4300 ac
546 4249 654 4298 eorum
681 4229 851 4300 heredibus
870 4230 1087 4315 heredumque
1103 4231 1345 4300 successoribus
1362 4245 1477 4297 concor-

367 4341 451 4409 diter
476 4340 689 4429 tradiderunt,
715 4341 930 4412 uendiderunt
955 4347 987 4408 et
1011 4339 1169 4408 dederunt
1192 4339 1262 4408 iure
1285 4346 1437 4428 perpetuo
1450 4339 1476 4399 et
1529 4351 1530 4358 ¹

367 4449 631 4521 inreuocabilitcr
655 4449 880 4538 possidendos.
906 4449 977 4518 Hoc
1000 4446 1137 4535 adiecto,
1162 4448 1249 4534 quod
1274 4448 1303 4516 si
1325 4447 1475 4535 quispiam

370 4569 552 4650 temporum
576 4579 733 4655 processu
753 4566 851 4636 neela
866 4559 978 4650 eliqua
994 4557 1166 4636 dotatione
1180 4557 1320 4635 eosdem
1337 4563 1482 4650 emptores
1529 4639 1530 4664 χ
