3140 5150
793 200 952 305 Q—

839 713 914 782 tsi.

310 931 370 997 IV.
387 933 503 998 Lctezte
517 933 695 1019 kirdlyuolt
724 933 865 998 (lhezaar
889 941 969 998 nevit
989 935 1124 1000 birtoltot
1140 939 1297 1021 tdrpyazd
1313 939 1439 1004 edomui-

463 1062 529 1126 nya
552 1039 641 1106 Jaet
658 1041 889 1127 oemzetse'pbeli
902 1041 992 1108 Jeat
1006 1047 1167 1110 szdnrdra.
1191 1045 1290 1113 1278.

419 1235 594 1305 Ladizlaus
624 1237 686 1304 Dei
717 1239 831 1322 gracia
855 1235 1043 1328 Hungarie,
1068 1241 1259 1330 Dalmaeie,
1294 1242 1438 1326 Oroaeie,

311 1346 432 1432 Rama,
466 1343 596 1432 Seruis,
620 1343 768 1433 Gallieie,
799 1345 1008 1437 Lodomerie‚
1038 1349 1194 1418 Cumanis
1223 1349 1441 1436 Bulgarieque

311 1457 382 1521 Rex
398 1451 546 1522 omnibus
563 1453 684 1521 Christi
700 1453 850 1522 fidelibus
869 1462 1056 1542 presentem
1073 1459 1229 1543 paginam
1244 1459 1441 1544 inspecturis

312 1561 451 1630 salutem
469 1561 504 1627 in
521 1562 664 1628 omnium
675 1562 852 1630 saluatore.
868 1563 921 1630 Ad
931 1563 1153 1632 uniuersorum
1163 1566 1321 1632 notioiam
1331 1573 1442 1634 tenore

313 1670 516 1754 presentium
542 1669 690 1737 volumus
706 1672 898 1757 peruenire,
924 1673 1010 1756 quod
1035 1673 1251 1743 consideratis
1268 1675 1441 1762 meritorijs

315 1774 479 1860 ohsequije
505 1781 538 1842 et
564 1777 767 1862 obsequiosis
791 1777 915 1845 meritis
943 1777 1076 1846 Comitis
1093 1782 1181 1849 Jaak
1207 1781 1265 1866 filij
1291 1783 1386 1848 Ebed
1402 1782 1441 1848 de

314 1899 431 1967 genere
447 1883 533 1952 Jaak
544 1933 554 1969 ,
579 1903 642 1967 que
667 1884 762 1951 nobis
789 1891 821 1950 et
844 1885 1017 1955 karissimo
1043 1889 1131 1974 patri
1151 1895 1260 1957 nostro
1276 1891 1360 1974 Regi
1376 1889 1440 1956 Ste-
1551 1945 1552 1970 ἶ

314 1991 424 2078 phano
448 1990 561 2058 inelite
585 1993 740 2059 memorie
764 1993 797 2059 in
818 1993 967 2062 omnibus
989 1995 1252 2082 expeditionibus
1268 1997 1375 2082 Regni
1389 2018 1442 2064 no·
1551 2011 1552 2104 ζ

315 2103 394 2187 stri,
420 2108 454 2168 et
476 2100 661 2187 specialiter
687 2101 721 2167 in
741 2101 890 2170 oonfliotu
900 2153 910 2188 ,
934 2122 1029 2186 quem
1045 2111 1160 2170 eontra
1175 2107 1296 2191 Regem
1312 2105 1443 2173 Boemie

315 2211 534 2297 habebamus,
571 2209 606 2276 in
634 2231 698 2295 quo
724 2209 838 2276 eodem
864 2211 953 2294 Rege
978 2212 1013 2277 iu
1039 2231 1119 2279 area
1144 2213 1221 2280 belli
1237 2213 1440 2299 interempto,

316 2319 392 2405 alijs
407 2339 485 2387 uero
503 2321 571 2386 suis
588 2321 773 2388 Beronibus
789 2321 873 2387 oesis
900 2326 932 2418 et
958 2319 1151 2404 quibusdam
1168 2323 1201 2388 in
1218 2323 1442 2407 captiuitatem
1551 2329 1552 2420 j

314 2426 470 2514 redaotis,
492 2426 580 2494 idem
596 2427 713 2495 (lomes
739 2427 827 2496 Jaak
851 2427 965 2494 intime
989 2429 1157 2496 fidelitatis
1177 2427 1376 2496 desiderium
1392 2449 1441 2496 ex·

317 2534 471 2622 primens,
497 2537 557 2601 sub
573 2541 686 2602 nostro
713 2533 835 2602 vexillo
860 2535 1002 2602 hostium
1029 2555 1149 2604 euneos
1169 2557 1235 2604 non
1251 2536 1442 2620 formidans,

317 2642 427 2710 sedin
443 2648 601 2728 oonoepta
616 2642 774 2710 fidelitate
791 2643 929 2710 fideliter
944 2663 1158 2728 perseuerans
1176 2645 1265 2712 ieliei
1282 2643 1442 2731 triumpho

321 2750 488 2838 militauit,
521 2771 560 2818 ao
589 2757 721 2838 propter
745 2752 812 2818 alia
827 2751 930 2839 ipsius
947 2753 1108 2838 seruicia,
1123 2772 1185 2838 que
1207 2761 1355 2840 tempore
1380 2775 1443 2839 per-

318 2859 497 2929 seouoionis
523 2859 702 2950 infidelium
728 2866 912 2928 nostrorum
930 2867 1040 2929 nostre
1060 2861 1170 2946 graoie
1189 2881 1225 2929 se
1241 2862 1442 2946 submittens,

317 2968 499 3052 nolensque
523 2967 646 3036 eisdem
670 2968 837 3054 adherere,
864 2969 897 3037 in
914 2969 983 3036 suis
1008 2960 1267 3055 possessionibus
1293 2975 1327 3036 et
1352 2973 1442 3037 rebus

318 3075 461 3162 dampna
477 3077 716 3162 quamplurima
733 3085 781 3144 est
797 3096 990 3163 perpessus;
1015 3097 1074 3162 pro
1089 3077 1152 3162 hijs
1169 3076 1268 3162 igitur
1287 3085 1321 3143 et
1338 3077 1441 3143 huius·

319 3185 407 3251 modi
423 3185 571 3270 seruioijs
599 3185 739 3270 predicti
764 3184 852 3252 Jaalr
878 3204 1046 3253 oeourrere
1070 3185 1215 3252 volentes
1242 3185 1349 3270 Regio
1375 3205 1442 3253 oum

316 3292 442 3380 fauore,
467 3293 500 3358 in
516 3293 695 3378 aliqualem
721 3291 1062 3378 recompensationem
1088 3312 1218 3359 suorum
1233 3291 1440 3359 seruieiorum

317 3402 411 3468 nobis
441 3401 582 3468 fideliter
607 3400 850 3487 impensorum,
885 3400 1050 3485 quandam
1085 3407 1204 3468 terram
1229 3400 1440 3467 castrensium

319 3509 425 3578 (lastri
439 3508 550 3576 Ferrei
566 3508 714 3576 Thenaar
729 3515 853 3593 vooate,
870 3517 955 3576 terre
971 3529 1029 3577 sue
1039 3507 1126 3577 Jaak
1136 3515 1249 3575 vooate
1260 3509 1443 3592 contiguam

318 3625 350 3684 et
366 3616 517 3702 vicinam,
541 3637 562 3683 a
580 3619 757 3685 castrensis
783 3615 980 3686 eondioionis
1000 3615 1185 3684 hominibus
1202 3613 1340 3682 eandem
1356 3611 1439 3680 habi-

317 3725 461 3793 tantibus
478 3725 677 3809 destitutam,
694 3731 866 3809 nostreque
878 3724 1049 3794 oollaeioni
1064 3725 1293 3808 pertinentem,
1309 3723 1345 3787 in
1356 3721 1441 3788 ouius

319 3833 550 3919 quidem—terre
565 3832 714 3919 paoilioia
731 3841 762 3900 et
771 3833 882 3917 quieta
891 3831 1099 3919 possessione
1109 3831 1215 3898 dietus
1226 3829 1343 3897 Comes
1363 3826 1446 3896 Jaak

319 3964 339 4008 a
356 3949 498 4028 tempore
513 3941 612 4026 Regis
628 3940 706 4006 Bele
722 3940 776 4009 aui
790 3939 896 4008 nostri
922 3947 954 4006 et
978 3939 1078 4024 Regis
1096 3937 1254 4023 Stephani
1271 3935 1376 4021 patris
1395 3954 1445 4000 uo·

320 4051 381 4118 stri
396 4049 576 4118 Illustrium
593 4049 716 4132 Regum
734 4047 902 4132 Hungarie
919 4047 1063 4114 felicium
1080 4045 1345 4112 reeordationum
1361 4039 1443 4126 paoi-

319 4159 379 4223 fioe
396 4163 428 4224 et
443 4155 785 4242 quiete-permansisse
818 4155 999 4222 dinosoitur
1024 4172 1128 4240 usque
1153 4151 1260 4238 modo,
1288 4149 1444 4231 dedimus,

324 4265 515 4334 donabimus
532 4272 564 4332 et
579 4265 775 4332 eontulimus
793 4261 898 4330 eidem
916 4261 1032 4328 Comiti
1052 4259 1141 4330 Jaak
1158 4265 1190 4327 et
1199 4257 1266 4326 suis
1276 4256 1447 4326 heredibus

323 4374 544 4458 heredumque
559 4392 689 4440 suorum
704 4369 944 4440 suecessoribus
961 4369 1021 4436 sub
1038 4367 1159 4434 eisdem
1184 4365 1278 4432 metis
1295 4371 1328 4433 et
1342 4361 1446 4429 termi-

326 4481 378 4549 nis
392 4482 463 4548 iure
477 4485 631 4567 perpetuo
651 4485 683 4546 et
698 4477 953 4546 irreuoesbiliter
973 4474 1213 4562 possidendam.
1237 4475 1277 4539 In
1303 4470 1447 4539 euiusrei
1551 4545 1552 4574 ζ
