3140 5150
604 309 766 412 ..m-

116 499 158 565 de
176 500 287 566 Insula
303 503 403 568 Beate
413 501 638 586 Uirgiuisiure
649 513 805 592 perpetuo
826 513 859 572 ct
874 509 1008 592 pacifice
1018 511 1248 596 possidendam

115 629 155 676 eo
173 610 243 676 iure
252 659 263 694 ,
288 628 392 692 eaque
408 610 609 696 plenitudiue
618 665 628 702 ‚
653 615 769 699 quibus
795 614 928 682 domina
943 617 981 682 Ε.
997 619 1125 702 Regina
1146 618 1250 688 karis-

116 717 202 783 sima
218 735 330 783 socrus
356 722 466 784 nostra
493 719 616 786 eisdem
648 723 812 790 sororibus
840 722 1041 809 dignoscitur
1070 716 1250 792 'contulisse

116 824 223 906 ipsam
235 831 365 889 terram.
388 825 508 891 Datum
526 825 559 891 in
576 828 690 894 Insula
706 829 807 895 Beate
823 831 968 915 Uirginis
988 829 1135 918 predicta
1150 834 1249 899 tercio

116 929 171 996 die
202 933 277 1015 post
306 932 423 998 festum
464 932 583 1002 Sancte
623 936 781 1003 Katerine
821 938 966 1023 Uirginis
997 959 1083 1007 anno
1113 939 1247 1006 Domini

117 1033 340 1104 M⁰CC⁰LXX⁰
361 1047 465 1107 sexto.
510 1054 515 1062 '

117 1217 254 1280 (Ercdatie
268 1213 442 1290 hdrhdrtyrin,
465 1236 482 1270 a
495 1219 570 1273 initui
594 1222 646 1272 oda
668 1230 791 1290 nyomott
815 1223 908 1290 pecsdt
930 1225 1056 1280 tdreddks
1079 1243 1212 1295 magram
1231 1241 1249 1277 a

443 1311 527 1364 budrii
541 1311 591 1364 ltir.
605 1313 729 1366 kamarai
742 1311 934 1384 lerdlts'trban.)

649 2027 724 2095 los.

121 2225 154 2293 V.
171 2229 261 2292 lacre
270 2230 431 2314 pdpdnak
447 2227 585 2313 baltrijo,
608 2228 753 2314 melylyei
768 2253 791 2324 cr
805 2230 993 2316 nysilszipeti
1011 2233 1249 2316 apdczazrirda‘t

151 2358 192 2400 uz
209 2336 351 2422 apostoli
367 2335 645 2402 steenstraten&
657 2336 920 2422 pdrtfopn'sdborr
935 2331 1088 2404 re'oacsiti.¹
1111 2341 1209 2406 1276.

224 2513 433 2580 Innocentius
452 2513 634 2599 Episcopus
660 2533 775 2581 seruus
799 2533 969 2582 seruorum
991 2515 1053 2583 Dei
1068 2515 1198 2584 dilectis
1215 2517 1247 2583 in

116 2619 249 2688 Christo
265 2621 449 2688 filiabus...
468 2620 627 2690 Priorisse
643 2623 831 2710 Monasterij
843 2623 961 2692 Sancte
972 2624 1074 2692 Marie
1084 2623 1125 2692 dc
1135 2625 1248 2692 Insula

113 2729 281 2816 Danubij,
307 2730 441 2813 eiusque
472 2731 636 2796 sororibus
667 2737 734 2796 tarn
766 2731 974 2817 presentibus
1003 2752 1102 2816 quarn
1133 2732 1248 2802 suturis

112 2837 299 2920 regularem
315 2838 417 2904 vitam
433 2837 587 2924 professis
599 2837 842 2924 inperpetuum.
859 2839 1057 2924 Religiosam
1075 2841 1175 2906 uitam
1193 2840 1247 2909 cli-

112 2945 269 3029 gentibus
292 2946 515 3032 apostolieum
541 2946 694 3016 conuenit
725 2947 839 3014 adesse
863 2945 1060 3032 presidium,
1095 2967 1135 3013 ne
1160 2947 1245 3014 forte

113 3053 291 3120 cuiuslibet
321 3053 513 3122 temeritatis
544 3056 694 3122 incursus
719 3061 777 3120 aut
802 3075 857 3122 eas
875 3075 895 3120 a
911 3055 1079 3140 proposito
1110 3060 1248 3137 reuocet,

112 3168 174 3229 aut
190 3163 306 3252 robur,
331 3161 416 3245 quod
442 3161 548 3249 absit,
573 3181 667 3228 sacre
685 3161 854 3245 religionis
880 3169 1019 3228 enernet
1052 3165 1248 3248 Eaproptcr,

113 3269 234 3338 dilecte
251 3271 285 3335 in
303 3269 433 3336 Christo
447 3269 521 3355 filie,
540 3268 656 3337 uestris
672 3269 766 3337 iustis
785 3271 1059 3356 postulationibus
1071 3270 1248 3335 clementer

111 3379 316 3464 annuimus,
340 3385 373 3444 et
388 3377 620 3446 Monasterium
646 3379 766 3444 Sancte
791 3378 893 3444 Maris
911 3378 951 3445 de
967 3379 1081 3444 Insula
1105 3378 1247 3463 Danubij

112 3484 365 3572 Vesprimiensis
390 3485 559 3572 Dioceris,
584 3485 616 3551 in
645 3505 707 3569 quo
732 3485 853 3553 Diuino
879 3486 959 3552 estis
980 3487 1134 3572 obsequio
1161 3506 1247 3552 man·

111 3594 243 3678 cipate,
268 3592 329 3658 sub
345 3592 437 3659 Beati
454 3591 543 3658 Petri
569 3599 601 3659 et
625 3601 737 3660 nostra
763 3594 963 3680 protectione
980 3593 1192 3678 suscipimus,
1217 3601 1248 3659 et

112 3699 275 3785 presentis
291 3699 404 3785 scripti
429 3698 603 3784 priuilegio
631 3699 874 3766 communimus.
900 3701 934 3764 In
957 3699 1069 3786 primis
1086 3700 1246 3784 siquidem

111 3813 316 3896 statuentes,
340 3813 377 3876 ut
393 3807 471 3874 ordo
488 3808 662 3876 canonieus
671 3859 680 3894 ‚
706 3810 761 3893 qui
789 3807 965 3876 secundum
982 3809 1089 3874 Deum
1105 3816 1138 3874 et
1155 3808 1246 3874 Beati

110 3913 290 4000 Augustini
305 3916 463 4000 regulam,
482 3921 579 3998 atque
595 3915 829 3982 institutionem
853 3915 988 3982 fratrum
1004 3915 1246 3982 Predicatorum

111 4023 147 4090 in
164 4023 278 4090 eodem
296 4023 495 4090 Monosterio
521 4022 687 4089 institutus
703 4043 777 4090 esse
793 4017 989 4110 dinoscitur,
1006 4022 1170 4107 perpetuis
1187 4021 1247 4087 ibi-

111 4133 188 4200 dem
205 4133 406 4218 temporibns
431 4131 665 4199 inuiolabiliter
697 4134 898 4200 obseruatus
923 4133 1074 4198 Preterea
1090 4149 1248 4214 qrrsscun·

111 4262 177 4328 que
193 4240 421 4326 possessiones
452 4247 484 4306 et
514 4260 704 4326 quecunque
729 4241 815 4308 bona
840 4241 924 4307 idem
942 4240 1172 4306 Monasterium
1187 4238 1245 4304 im·

110 4347 361 4436 presenciarum
378 4347 462 4415 iuste
477 4367 516 4415 ac
533 4349 688 4416 canonice
707 4348 864 4436 possidet,
892 4355 949 4415 aut
965 4347 999 4414 in
1015 4347 1158 4414 futurum
1175 4365 1246 4413 con-

115 4455 269 4524 cessione
289 4455 500 4544 Pontificum,
525 4455 700 4542 largitione
724 4458 848 4541 Regum
864 4455 916 4522 uel
932 4455 1138 4541 Principum,
1161 4453 1248 4522 obla·

110 4565 202 4632 tione
222 4561 380 4650 fidelium,
396 4563 542 4653 serraliis
559 4563 655 4634 iustis
671 4563 776 4633 modis
787 4569 952 4649 prestante
968 4563 1107 4630 Domino
1126 4562 1247 4649 poterit
