3080 5160
812 285 967 416 „sis

330 511 479 580 similiter
495 509 558 580 duo
574 519 677 596 mete;
693 519 726 580 et
740 511 774 578 in
791 511 874 578 oolla
894 511 1038 578 eiusdem
1055 509 1173 578 montis
1187 509 1287 578 berch
1302 509 1438 594 uulgari·

294 645 298 654 =
329 627 380 686 ter
395 617 513 702 uocati,
530 638 631 706 prope
647 619 777 687 ‹lomum
790 617 937 686 eiusdem
953 615 1114 684 iohannis
1130 615 1276 704 peruenit
1289 615 1334 685 ad
1349 613 1441 702 quotl-

329 725 403 794 dam
420 725 588 810 annocum
604 734 637 794 et
653 727 800 794 limosum
827 725 985 795 fossatum
994 776 1004 812 ,
1020 726 1053 792 in
1069 744 1132 808 quo
1157 731 1207 792 est
1230 745 1297 792 una
1322 725 1442 806 semita,

329 831 422 900 iuxta
436 852 535 918 qnam
550 853 572 898 a
587 840 679 920 parte
702 831 879 901 occidentis
902 839 976 900 sunt
1000 833 1062 900 due
1082 840 1186 916 mcte;
1205 833 1327 902 abhinc
1342 834 1442 919 pergit

332 961 390 1026 per
422 941 552 1027 siluam,
584 949 617 1009 et
631 943 778 1030 peruenit
793 942 837 1009 ud
855 938 1017 1028 quendam
1047 949 1195 1008 truncum
1212 941 1334 1025 silicis,
1357 943 1444 1008 iuxta

330 1068 423 1133 quern
439 1055 489 1118 est
502 1057 607 1136 meta;
623 1071 644 1117 a
660 1071 724 1134 qno
739 1057 854 1118 trunco
878 1049 977 1116 currit
1002 1049 1046 1114 ad
1062 1049 1149 1116 viam
1176 1049 1218 1114 ad
1249 1057 1354 1117 metae
1385 1057 1441 1116 ter·

339 1177 449 1224 rarum
491 1157 588 1226 Ozlar
627 1165 659 1224 et
700 1157 767 1226 Swl
806 1163 1011 1242 necatarum,
1050 1176 1113 1240 quc
1142 1163 1218 1222 sunt
1263 1158 1441 1241 angulares,

329 1283 391 1348 que
421 1263 580 1332 hactenus
611 1285 632 1332 a
662 1267 758 1332 terris
791 1263 935 1332 eiusdem
966 1263 1126 1331 Johannis
1159 1263 1398 1346 distinxerunt;
1415 1277 1443 1328 et

329 1374 362 1438 iu
387 1371 463 1458 alijs
487 1371 616 1439 demum
642 1373 787 1460 partibus
826 1371 987 1441 nicinatur
1026 1370 1142 1440 eadem
1173 1371 1337 1456 particula
1364 1379 1441 1438 terre

330 1481 423 1548 terris
447 1479 622 1548 earundem
648 1480 847 1550 dominarum
873 1481 969 1548 Oular
993 1487 1025 1546 et
1055 1479 1121 1548 Swl
1143 1483 1353 1564 uocatamm;
1377 1501 1439 1564 pre·

329 1595 419 1656 terea
445 1593 536 1676 parta
567 1589 720 1656 orientali
751 1590 793 1656 ab
824 1589 930 1655 altera
962 1597 1048 1656 terra
1071 1588 1137 1672 Sap
1160 1586 1297 1654 eandem
1311 1587 1439 1675 particu-

329 1697 393 1767 lam
425 1695 558 1780 qnidam
581 1697 697 1764 fluuios
723 1705 920 1782 segregaret
945 1695 1112 1782 distingit,
1133 1703 1165 1764 et
1180 1696 1229 1764 sic
1244 1697 1439 1762 terminatur.

328 1805 365 1874 ln
382 1804 472 1872 cuius
488 1805 534 1871 rei
560 1805 745 1874 memoriam
770 1813 937 1890 presentes
962 1804 1180 1872 concessimus
1202 1805 1330 1872 litteras
1348 1805 1439 1889 sigilli

328 1913 431 1981 nostri
449 1913 626 1985 munimine
641 1917 820 1982 roboratas.
845 1915 964 1980 Datum
990 1933 1049 1998 per
1064 1931 1178 1979 manus
1203 1911 1353 1996 lirgistri
1369 1914 1435 1976 Am·

330 2019 432 2105 brosii
459 2021 600 2090 Lectoris
625 2021 772 2090 Ecclesic
797 2029 904 2090 nostre
928 2041 1014 2088 anno
1030 2021 1160 2087 Domini
1185 2021 1358 2088 millesimo
1388 2021 1437 2086 du·

328 2129 503 2197 centesimo
519 2131 714 2215 octogesimo
738 2130 847 2198 tercio.
873 2131 1029 2215 Magistro
1046 2129 1197 2198 lohannc
1212 2131 1362 2216 (lentore,
1373 2131 1435 2197 Gre-

328 2236 419 2320 gorio
436 2234 595 2322 Custode,
612 2239 657 2306 st
684 2239 824 2322 Decauo,
856 2238 977 2306 Bedew
993 2245 1026 2305 ot
1040 2238 1189 2306 iohanne
1209 2237 1436 2319 Sacerdotibus,

329 2341 373 2410 St.
390 2351 423 2411 et
437 2345 521 2432 Elya
544 2347 717 2434 Magistris,
732 2347 910 2432 ceterisque
930 2347 1103 2414 Canonicis
1123 2346 1349 2414 existentibus.

265 2531 267 2534 ¹
328 2541 462 2605 (Eredctie
480 2541 646 2613 borhtrtytn
664 2533 887 2612 hairtyansinegen
905 2550 990 2614 siggo·
1003 2545 1095 2614 peccat
1108 2546 1185 2607 alati,
1198 2561 1215 2596 a
1235 2547 1317 2598 hudai
1330 2547 1377 2596 lrir.
1391 2545 1432 2594 lsr-

747 2623 830 2672 marai
841 2618 1034 2684 levtltarltan.)

854 3375 930 3442 259.

328 3554 358 3622 Α
384 3562 508 3643 nyttroi
531 3559 757 3642 kdptalcooak
787 3558 1051 3644 bizooyeciylouele
1060 3607 1070 3638 ,
1086 3559 1168 3641 irony
1184 3557 1300 3622 Lodon
1316 3567 1438 3621 nemrot-

329 3665 446 3752 rdybcli
464 3667 613 3734 Zoboszlo‘
628 3666 696 3732 tolo
713 3667 912 3733 birtolrrisze't
923 3667 1123 3746 rokendnolt,
1141 3665 1253 3732 lodan
1266 3667 1440 3750 commnio-

647 3776 708 3841 belr'
727 3776 871 3844 Wlelrusk
896 3777 1011 3842 cloden.
1030 3777 1126 3842 1283.

437 3972 604 4040 Uuiuersis
620 3971 738 4041 christi
753 3973 903 4042 fidelibus
918 3973 1102 4058 Capitulum
1118 3972 1293 4040 Nitrieusis
1303 3971 1443 4038 Ecclecie

329 4081 498 4146 oraciones
509 4080 541 4146 in
551 4080 701 4148 Domino.
713 4081 937 4165 significamus
950 4081 1052 4168 uobis,
1063 4078 1150 4162 quod
1166 4079 1349 4146 Zobonlaus
1360 4080 1441 4146 filius

330 4187 464 4254 Comitis
475 4187 658 4272 Bogomorij
678 4185 718 4254 cle
728 4187 970 4272 genereLodan
985 4186 1202 4274 personaliter
1216 4187 1258 4252 ab
1274 4207 1341 4254 nna
1357 4198 1444 4274 parte

329 4313 436 4360 coram
454 4295 548 4363 nobis
565 4295 769 4379 constitutus,
782 4295 940 4381 quasdam
956 4294 1132 4382 particulas
1148 4313 1280 4360 suarum
1293 4303 1442 4370 terrarum

328 4402 451 4490 bodan,
467 4401 561 4468 Bana
578 4409 609 4469 et
628 4403 779 4470 Teremes
804 4409 1001 4488 uocatemm,
1018 4404 1077 4469 sub
1093 4402 1216 4470 eisdem
1233 4403 1327 4470 metis
1345 4411 1443 4472 ctter·

329 4509 435 4591 minis,
453 4509 568 4593 quibus
584 4510 763 4594 antiquitus
777 4510 985 4578 dinoscuntur
1007 4510 1107 4578 luisse
1121 4511 1320 4594 gubernate,
1338 4531 1443 4598 proue-

334 4613 459 4686 niantes
477 4614 538 4677 sibi
555 4615 595 4679 de
612 4621 699 4680 terra
714 4615 837 4704 loseph
854 4617 913 4702 filij
928 4618 1101 4703 Laurencij
1123 4619 1251 4702 cognati
1268 4627 1300 4686 et
1315 4639 1441 4685 consan-
