3126 5150
929 291 969 352 1?

868 381 1025 394 Ἀ,

385 486 454 552 rino
481 483 605 551 Gemite
631 485 671 550 da
697 483 862 568 Wolkou,
899 481 1067 568 Rcynoldo
1110 483 1269 566 Magistro
1295 481 1496 567 Dapiieronrn
1546 513 1550 556 4

385 593 508 658 Comitc
525 590 564 658 de
581 591 735 678 Zobolcb,
761 591 940 657 Laurcncio
962 591 1116 674 Magistro
1139 589 1374 654 Pinccrnarum
1392 591 1494 656 Comile

386 701 426 766 de
444 702 537 767 Kcuc
564 709 596 767 et
612 700 653 765 dc
669 703 814 782 Karasu,
834 698 1007 765 Salomone
1023 698 1147 764 Comitc
1163 686 1318 780 Albensi,
1353 697 1491 763 llicbaele
1550 785 1551 790 ἵ

386 807 511 876 Gemite
535 806 711 891 Nitricnsi,
745 807 870 872 Jacobo
897 805 1020 870 Comito
1045 803 1228 886 lauriensi,
1261 811 1294 871 et
1319 805 1394 890 aliJs
1416 825 1493 887 quum
1546 801 1551 866 l

386 916 533 1001 pluribus
552 917 732 984 Comitatus
748 914 853 998 Regni
874 915 1061 980 tenentibus
1077 920 1109 979 ct
1125 911 1270 980 honores.

385 1097 520 1160 (Ererlctie
543 1093 698 1160 bbrlrsirtyn,
722 1094 928 1161 assir·ga-vbrbs
952 1094 1180 1161 sclyemasinbron
1205 1097 1315 1160 lilggbtt
1337 1093 1490 1160 pecsbtelre-

637 1191 718 1248 szctt,
740 1186 850 1236 abudai
865 1187 915 1236 lrir.
931 1186 1054 1237 barnarai
1069 1183 1259 1250 levbltairban.)

843 1455 1052 1464 ——ss-

935 1795 966 1858 b.

384 1995 441 2058 IV.
459 1994 576 2057 Leiszlo'
591 1994 764 2076 kirrilpnulu
777 1991 890 2076 Scytala
906 1993 1056 2076 laelpsuper
1069 1991 1222 2074 retr-pyazo'
1237 1991 1417 2075 αᾶοηιάημα
1427 1986 1497 2054 Clarii·

576 2100 801 2184 nevrzzorseplelr'
819 2103 908 2165 Pe'ler·
928 2111 1034 2164 rumim·
1049 2103 1206 2163 satiatura.
1234 2101 1330 2163 1273.

489 2294 664 2362 Larlizlaus
694 2295 753 2360 Dei
788 2297 903 2378 gracia
934 2295 1120 2378 llnngaric,
1155 2295 1333 2380 Dalmacie‚
1368 2293 1495 2370 Croacie,

383 2407 491 2486 Rama,
508 2402 630 2484 Seruio,
648 2401 798 2489 Gallicis,
813 2403 1015 2489 Loulomcrie,
1039 2402 1190 2470 Cumanis
1208 2404 1424 2486 Bnlgarieque
1440 2401 1497 2464 Rex

386 2511 533 2577 omnibus
559 2531 692 2594 presens
718 2512 872 2596 seriptum
890 2511 1084 2597 inspecturis
1111 2516 1176 2578 tam
1194 2509 1397 2594 presentibus
1414 2527 1496 2592 quan

384 2618 501 2684 interris
519 2619 659 2684 salutem
686 2616 718 2684 in
736 2620 852 2684 salutis
870 2619 1034 2702 largitore.
1068 2617 1168 2700 Regio
1188 2617 1399 2700 benignitatis
1415 2611 1500 2680 subli-

386 2725 482 2792 mitas
499 2732 586 2793 recto
603 2745 749 2809 pensans
765 2727 938 2792 libramine
958 2727 1074 2794 merita
1089 2726 1298 2809 singulorum,
1323 2733 1356 2793 et
1372 2724 1499 2790 maxime
1550 2753 1551 2806 3

382 2835 523 2920 illorum,
542 2854 621 2918 qnos
638 2834 722 2900 sicut
738 2835 886 2915 generosi
904 2835 1072 2918 sanguinis
1088 2835 1157 2898 alta
1173 2834 1327 2900 nobilitas
1344 2839 1497 2900 etnrorum

384 2944 499 3008 innata
523 2940 692 3027 probitas,
719 2941 765 3007 sic
791 2949 822 3008 ct
849 2944 1028 3028 approbate
1054 2941 1221 3008 fidelitatis
1249 2939 1441 3021 constancia,
1467 2957 1498 3000 ac

382 3057 586 3117 strenuorum
604 3055 733 3114 actuum
759 3051 967 3133 expericncia
993 3050 1136 3116 eliciunt
1163 3047 1335 3133 digniores,
1364 3047 1437 3113 dum
1453 3064 1498 3110 ecs

382 3156 481 3242 digne
497 3157 725 3223 retribucionis
742 3158 896 3224 beneficio
912 3159 1081 3243 refocillat,
1109 3155 1186 3224 dnm
1204 3157 1250 3222 cis
1267 3156 1406 3240 largitur
1422 3151 1498 3238 qrrod

354 3273 358 3282 “
385 3265 739 3348 merentur,mnllorum
758 3273 880 3332 mentes
899 3265 941 3330 ad
959 3266 1128 3332 fidelitatis
1144 3265 1254 3331 liorem
1272 3265 1404 3350 excitat,
1421 3259 1500 3328 etad

382 3371 635 3438 benemerendi
661 3371 771 3437 studia
806 3371 945 3438 fideliter
979 3373 1232 3456 obsequentibus
1268 3373 1380 3456 prebet
1404 3389 1498 3438 exem·

382 3481 491 3563 plum,
518 3485 550 3544 et
576 3485 699 3562 prestat
724 3499 894 3564 operosam
931 3481 1081 3546 liduciam
1108 3483 1281 3548 seruiendi.
1316 3481 1386 3548 lloc
1412 3480 1500 3562 igitur

380 3593 555 3671 pensantes
576 3607 616 3651 cx
632 3585 751 3672 animo,
777 3585 837 3652 boc
853 3586 969 3670 Regali
987 3587 1208 3654 moderamine
1234 3589 1267 3653 in
1283 3587 1390 3654 cordis
1407 3584 1498 3652 nostri

382 3694 587 3759 reuoluentcs
615 3693 799 3778 armariolo,
826 3695 944 3762 noticia
968 3701 1156 3762 cunctorum
1182 3695 1397 3780 declaramus,
1424 3693 1500 3780 qum
1548 3677 1549 3771 i

381 3819 452 3866 cum
478 3801 596 3867 nobilis
621 3802 671 3867 vir
696 3809 727 3868 et
751 3803 905 3869 honestus
932 3803 1086 3886 Magister
1111 3805 1225 3870 Petrus
1250 3803 1335 3870 filins
1362 3799 1501 3886 Magistri

381 3907 504 3974 Matbei
521 3908 696 3994 degenere
713 3909 805 3977 Obak
824 3913 963 3996 aprime
991 3913 1166 3979 iuuentutis
1193 3933 1250 3980 suc
1266 3911 1430 3997 principio
1446 3929 1500 3976 arro

380 4022 489 4082 nostro
508 4022 540 4082 et
556 4018 640 4102 patri
659 4025 769 4085 nostro
786 4020 1062 4086 victoriosissimis
1078 4022 1283 4102 Vngarorum
1301 4021 1453 4104 Regibus,
1468 4036 1500 4080 ae

382 4121 476 4189 nobis
502 4123 629 4191 demum
655 4147 695 4193 cx
723 4128 907 4212 conspicuis
936 4129 1064 4196 actibus
1091 4127 1259 4195 meruisset
1284 4126 1502 4212 multiplieiter
1547 4137 1548 4179 l

381 4231 595 4315 complacere,
623 4233 761 4300 diuersis
778 4237 906 4303 clarens
931 4236 1116 4302 meritorum
1142 4236 1326 4320 virtutibus,
1354 4257 1416 4320 quc
1441 4237 1501 4300 lon·

381 4361 458 4424 gum
475 4349 562 4408 esset
588 4348 720 4426 propter
745 4345 795 4409 sni
821 4344 1094 4427 multiplicitatem
1119 4363 1176 4410 suo
1194 4343 1288 4410 modo
1304 4365 1362 4429 per
1377 4344 1503 4426 singula
1546 4383 1547 4432 ἦ

381 4467 552 4534 enarrare;
580 4451 692 4532 aliqua
718 4459 826 4518 tamen
852 4451 892 4520 de
908 4450 1024 4535 gestiis
1039 4452 1118 4535 eius,
1145 4471 1279 4534 quornm
1305 4453 1445 4535 quedam
1462 4451 1502 4514 ui-

383 4555 500 4645 dimus,
519 4557 658 4643 quedam
674 4578 752 4625 vero
770 4581 790 4625 a
806 4565 898 4644 patm
913 4565 1023 4625 nostro
1049 4566 1082 4625 ct
1096 4559 1202 4644 Regni
1218 4560 1402 4630 llaronibns
1419 4579 1503 4624 uera·
