3140 5150
601 321 762 422 Q

110 521 198 590 fitius
215 523 314 608 Tyze,
339 519 451 586 Banke
476 519 563 586 tilius
589 519 741 605 Emiriei,
765 520 879 586 Petrus
906 521 991 588 filius
1016 521 1154 607 Pyntek,
1179 521 1245 607 Ny-

110 631 175 716 ged
192 631 278 696 filius
295 631 424 696 Marcus
440 634 623 696 castrenses
648 628 689 694 de
714 627 795 694 villa
812 628 979 716 Megerey,
1005 650 1070 695 una
1091 651 1162 696 cum
1179 629 1245 694 An-

110 741 201 806 taleo
216 737 283 806 filio
310 736 461 823 Wytalus
487 735 527 802 do
551 737 668 804 Maacb
694 735 824 803 bomine
850 735 987 822 Gregori
1010 739 1094 804 Bani
1111 738 1246 805 Comitis

113 846 356 933 Symigiensis,
380 843 593 930 personaliter
619 865 660 911 ex
685 843 791 910 altera
824 863 932 911 eoram
950 843 1043 912 nobis
1067 845 1243 930 eonstitpti,

112 956 202 1022 idem
221 956 336 1022 Comes
361 953 530 1020 Johanncs
548 951 651 1040 dixit,
685 959 721 1018 ut
749 951 887 1019 baberet
911 959 1031 1019 terram
1057 974 1128 1022 cum
1151 953 1248 1022 terris

113 1061 331 1133 castrensium
348 1061 565 1149 predictorum
592 1061 627 1129 in
651 1059 740 1127 dieta
763 1059 845 1126 villa
869 1061 1024 1148 Mogerey
1050 1063 1248 1130 coniunctim

113 1180 146 1241 ct
163 1173 236 1238 sine
253 1170 424 1256 diuisione}
450 1174 481 1236 et
497 1189 583 1236 nunc
599 1168 700 1235 uellet
715 1187 870 1255 separare
887 1168 927 1236 de
943 1169 1085 1256 eisdem,
1106 1194 1145 1242 eo
1163 1171 1248 1257 quod

111 1287 249 1370 propter
263 1285 448 1366 presentem
464 1277 570 1360 Regni
586 1278 832 1344 descensionem
849 1284 882 1344 et
898 1298 1048 1362 guerram
1058 1282 1160 1348 nollet
1176 1301 1248 1347 eum

111 1389 194 1478 ipsis
211 1387 432 1456 castrensibus
449 1386 617 1472 possidere
633 1405 690 1453 sen
706 1393 827 1454 tenere.
853 1385 951 1454 cuius
970 1389 1103 1456 Comitis
1125 1388 1245 1455 Johan-

111 1500 166 1566 nis
184 1497 272 1565 dicta
298 1493 514 1582 prenominati
539 1499 723 1562 castrenses
750 1515 830 1562 uera
855 1515 927 1563 esse
947 1497 1159 1562 communiter
1175 1497 1247 1563 atir-

115 1613 260 1693 marnnt,
287 1612 321 1672 et
345 1603 432 1672 idem
458 1602 573 1670 Comes
600 1603 786 1691 Johanncs,
810 1611 843 1671 et
868 1603 965 1672 ctiam
982 1609 1164 1672 castrenses
1180 1605 1245 1670 iam

115 1715 199 1782 dicti
216 1713 381 1782 bominem
396 1717 541 1780 nostrum
558 1711 687 1779 fidelem
703 1733 762 1798 pre
778 1713 961 1780 testimonio
978 1714 1194 1799 postularunt,
1214 1711 1249 1778 in

117 1822 214 1890 cuius
231 1821 403 1909 presencia
418 1821 584 1888 mediante
599 1819 719 1886 Antalo
738 1820 805 1888 filio
822 1822 950 1888 Vitalns
977 1840 1034 1908 per
1051 1819 1244 1904 Gregorium

116 1932 247 1997 Banum
263 1929 420 1998 Comitem
437 1927 675 2014 Symigiensem
692 1927 780 2015 dato,
794 1913 865 2014 ip'se
883 1929 998 1996 Comes
1007 1928 1172 1998 Johanncs
1184 1936 1243 1995 ter·

113 2059 188 2106 ram
204 2057 299 2104 suam
316 2043 484 2122 separaret
510 2035 550 2103 de
577 2037 797 2104 castrensibus
824 2037 1022 2122 memoratis,
1048 2043 1079 2103 et
1106 2035 1249 2120 undique

113 2146 211 2214 metis
229 2146 424 2230 distingerct
448 2164 506 2211 seu
531 2145 687 2230 signaret.
712 2146 779 2212 Nes
805 2151 916 2212 autem
940 2145 1069 2213 fidelem
1084 2145 1247 2212 bominem

113 2262 266 2323 nestrum
291 2253 438 2320 misimus
463 2273 536 2319 curn
561 2251 686 2320 Gemite
711 2254 860 2322 Johanne
886 2253 929 2319 ad
959 2254 1068 2323 emnia
1087 2256 1249 2338 premissa

114 2362 333 2450 exequenda3
359 2362 414 2446 qui
429 2361 635 2448 postmodum
661 2381 733 2426 cum
752 2361 879 2428 Gemite
895 2361 1045 2430 Johanne
1060 2369 1247 2447 memorato,

114 2471 240 2540 Antalo
266 2471 333 2538 filio
348 2470 511 2556 Wytalns,
535 2468 656 2553 Zenke,
682 2477 715 2540 et
739 2469 888 2538 omnibns
905 2470 1001 2557 soeijs
1021 2471 1249 2559 suprascriptis

114 2580 360 2664 castrensibus,
391 2578 436 2646 ad
465 2597 523 2646 nes
554 2595 703 2653 reuersus
728 2577 822 2648 nobis
847 2579 949 2647 dixit:
974 2587 1009 2646 ut
1033 2579 1110 2646 dum
1126 2587 1245 2648 terram
1337 2597 1341 2600 ·

114 2709 210 2758 snam
229 2688 345 2754 (tomes
361 2686 529 2755 Johanncs
545 2705 700 2772 separare
719 2683 759 2753 de
774 2685 870 2754 terris
880 2687 1025 2773 ipsorum
1035 2689 1249 2757 castrensium

112 2797 296 2880 veluisset3
320 2794 420 2880 inem
436 2800 617 2862 castrenses
638 2802 853 2882 asseruerunt,
871 2815 906 2864 se
921 2816 1018 2882 snper
1038 2816 1099 2864 sua
1115 2797 1247 2883 propria

113 2915 204 2974 terra
228 2925 295 2974 non
320 2923 418 2991 posse
444 2903 654 2989 commorari,
678 2904 707 2970 si
732 2903 804 2990 ipse
830 2905 945 2972 Comes
969 2904 1136 2972 Johanncs
1156 2923 1246 2970 suam

113 3023 241 3083 terram
257 3017 428 3098 separaret
452 3013 495 3078 ab
520 3010 664 3096 eisdem;
689 3016 720 3077 et
743 3012 790 3078 ibi
815 3011 894 3078 dicti
911 3019 1094 3080 castrenses
1114 3030 1248 3094 regane-

115 3127 194 3190 runt
208 3120 366 3188 (tomitem
384 3117 565 3186 Johannem
582 3126 803 3206 memoratum,
821 3127 857 3187 ut
872 3120 1017 3205 ipsorum
1032 3119 1249 3206 peticionibus

114 3229 299 3297 humilibus
316 3247 351 3294 se
367 3227 555 3311 inclinaret;
579 3234 612 3294 et
637 3229 723 3296 sieut
747 3227 847 3313 ijdem
873 3233 1056 3296 castrenses
1080 3225 1113 3292 in
1139 3232 1251 3294 nostra

114 3337 295 3426 presencia
310 3336 476 3403 constituti
503 3343 535 3402 et
554 3335 668 3404 Oomes
684 3335 852 3405 Johanncs
868 3341 1059 3422 pretaxatus
1086 3334 1249 3420 dixerunt,

117 3448 192 3532 ipse
209 3443 327 3512 Comes
343 3443 510 3512 Johanncs
525 3443 749 3513 misericordia
773 3450 880 3511 motus
896 3447 1037 3532 ipsorum
1056 3443 1249 3529 peticionem

114 3552 316 3638 admisisset,
340 3573 379 3619 ac
403 3550 523 3620 dictam
548 3558 667 3619 terram
694 3573 786 3620 snam
813 3553 963 3622 similiter
987 3553 1058 3620 sine
1087 3551 1249 3620 diuisione

114 3659 305 3747 possideret
320 3679 391 3726 cnm
408 3657 551 3743 eisdem,
576 3667 673 3745 prout
696 3667 830 3726 actenus
852 3660 956 3727 tenuit
981 3666 1016 3725 et
1039 3659 1194 3744 possedit.
1211 3662 1249 3726 In

116 3770 209 3836 cuins
226 3768 276 3834 rei
292 3769 480 3834 memoriam
496 3772 528 3833 et
543 3773 732 3854 perpetuam
748 3768 930 3835 firmitatem
947 3767 991 3835 ad
1006 3768 1200 3856 peticionem
1218 3773 1249 3835 et

116 3877 317 3947 instanciam
336 3876 470 3944 Comitis
479 3875 642 3951 Johannis
653 3875 709 3961 biij
721 3877 828 3964 Isepb‚
839 3877 951 3944 Zenke
967 3884 1000 3944 et
1008 3877 1166 3943 sociorum
1176 3895 1248 3944 sue·

115 4007 188 4054 rum
207 3983 425 4054 castrensium
441 3982 660 4068 predictorum
686 3989 854 4069 presentes
880 3983 1030 4050 dedimus
1056 3984 1183 4050 litteras
1208 3982 1248 4049 si·

116 4095 193 4181 gilli
209 4091 315 4160 nostri
332 4089 509 4184 munimine
523 4090 705 4158 roboratas.
723 4094 844 4160 Datum
862 4112 949 4159 anno
965 4092 1008 4158 ab
1019 4089 1251 4158 incarnacione

115 4203 251 4271 Domini
277 4199 496 4266 M⁰CO⁰LXX⁰
521 4199 671 4287 septime,
696 4200 781 4288 Elya
796 4200 933 4288 Abbatc,
958 4199 1094 4266 bukaeb
1108 4199 1251 4281 Deoane,

113 4314 215 4381 Petro
233 4307 375 4377 Custode
392 4307 619 4374 existentibus.

113 4491 175 4561 (tv.
189 4487 290 4543 usare
305 4485 453 4556 kirtlynak
468 4489 580 4543 raro-ki
603 4487 766 4556 megarbsr'tb'
788 4487 1036 4558 privilegiumdbdl,
1059 4489 1126 4540 mint
1148 4481 1250 4548 altbb.)
