<?xml version="1.0" encoding="UTF-8"?>
<!DOCTYPE html PUBLIC "-//W3C//DTD XHTML 1.0 Transitional//EN"
    "http://www.w3.org/TR/xhtml1/DTD/xhtml1-transitional.dtd">
<html xmlns="http://www.w3.org/1999/xhtml" xml:lang="en" lang="en">
 <head>
  <title>
</title>
<meta http-equiv="Content-Type" content="text/html;charset=utf-8" />
  <meta name='ocr-system' content='tesseract 3.04.00' />
  <meta name='ocr-capabilities' content='ocr_page ocr_carea ocr_par ocr_line ocrx_word'/>
</head>
<body>
  <div class='ocr_page' id='page_1' title='image "./codexdiplomatic12wenzgoog_0479.png"; bbox 0 0 3138 5164; ppageno 0'>
   <div class='ocr_carea' id='block_1_1' title="bbox 609 321 766 420">
    <p class='ocr_par' dir='ltr' id='par_1_1' title="bbox 609 321 766 420">
     <span class='ocr_line' id='line_1_1' title="bbox 609 321 766 420; baseline -0.025 0"><span class='ocrx_word' id='word_1_1' title='bbox 609 321 766 420; x_wconf 52' lang='lat' dir='ltr'><strong>Ad..</strong></span> 
     </span>
    </p>
   </div>
   <div class='ocr_carea' id='block_1_2' title="bbox 116 513 1254 2210">
    <p class='ocr_par' dir='ltr' id='par_1_2' title="bbox 116 513 1254 2210">
     <span class='ocr_line' id='line_1_2' title="bbox 116 513 1254 602; baseline 0.002 -21"><span class='ocrx_word' id='word_1_2' title='bbox 116 516 213 584; x_wconf 67' lang='lat' dir='ltr'><strong>Bona</strong></span> <span class='ocrx_word' id='word_1_3' title='bbox 229 533 288 601; x_wconf 89' lang='lat' dir='ltr'><strong>per</strong></span> <span class='ocrx_word' id='word_1_4' title='bbox 304 513 433 582; x_wconf 90' lang='lat' dir='ltr'><strong>modum</strong></span> <span class='ocrx_word' id='word_1_5' title='bbox 446 513 656 602; x_wconf 87' lang='lat' dir='ltr'><strong>judioiorum,</strong></span> <span class='ocrx_word' id='word_1_6' title='bbox 680 514 733 582; x_wconf 90' lang='lat' dir='ltr'><strong>uel</strong></span> <span class='ocrx_word' id='word_1_7' title='bbox 758 535 816 602; x_wconf 89' lang='lat' dir='ltr'><strong>per</strong></span> <span class='ocrx_word' id='word_1_8' title='bbox 832 515 962 583; x_wconf 91' lang='lat' dir='ltr'><strong>modum</strong></span> <span class='ocrx_word' id='word_1_9' title='bbox 988 516 1113 602; x_wconf 86' lang='lat' dir='ltr'><strong>arbitrij</strong></span> <span class='ocrx_word' id='word_1_10' title='bbox 1132 515 1254 585; x_wconf 85' lang='lat' dir='ltr'><strong>laoieut</strong></span> 
     </span>
     <span class='ocr_line' id='line_1_3' title="bbox 118 622 1252 710; baseline 0.004 -22"><span class='ocrx_word' id='word_1_11' title='bbox 118 622 331 690; x_wconf 89' lang='lat' dir='ltr'><strong>ooneordiam</strong></span> <span class='ocrx_word' id='word_1_12' title='bbox 362 622 447 690; x_wconf 82' lang='lat' dir='ltr'><strong>inter</strong></span> <span class='ocrx_word' id='word_1_13' title='bbox 461 626 588 708; x_wconf 80' lang='lat' dir='ltr'><strong>parton:</strong></span> <span class='ocrx_word' id='word_1_14' title='bbox 605 643 682 710; x_wconf 83' lang='lat' dir='ltr'><strong>pars</strong></span> <span class='ocrx_word' id='word_1_15' title='bbox 712 641 777 688; x_wconf 94' lang='lat' dir='ltr'><strong>non</strong></span> <span class='ocrx_word' id='word_1_16' title='bbox 802 623 1012 691; x_wconf 82' lang='lat' dir='ltr'><strong>ooneenoione</strong></span> <span class='ocrx_word' id='word_1_17' title='bbox 1043 623 1179 692; x_wconf 88' lang='lat' dir='ltr'><strong>arbitrio</strong></span> <span class='ocrx_word' id='word_1_18' title='bbox 1197 628 1252 692; x_wconf 90' lang='lat' dir='ltr'><strong>uel</strong></span> 
     </span>
     <span class='ocr_line' id='line_1_4' title="bbox 116 729 1251 817; baseline 0.003 -21"><span class='ocrx_word' id='word_1_19' title='bbox 116 731 242 798; x_wconf 87' lang='lat' dir='ltr'><strong>iudieio</strong></span> <span class='ocrx_word' id='word_1_20' title='bbox 260 729 434 798; x_wconf 86' lang='lat' dir='ltr'><strong>eorundem</strong></span> <span class='ocrx_word' id='word_1_21' title='bbox 459 737 597 814; x_wconf 87' lang='lat' dir='ltr'><strong>quatuor</strong></span> <span class='ocrx_word' id='word_1_22' title='bbox 621 729 799 815; x_wconf 84' lang='lat' dir='ltr'><strong>nobilium,</strong></span> <span class='ocrx_word' id='word_1_23' title='bbox 829 730 1024 814; x_wconf 87' lang='lat' dir='ltr'><strong>adquorum</strong></span> <span class='ocrx_word' id='word_1_24' title='bbox 1041 731 1138 817; x_wconf 86' lang='lat' dir='ltr'><strong>diota,</strong></span> <span class='ocrx_word' id='word_1_25' title='bbox 1155 739 1188 800; x_wconf 90' lang='lat' dir='ltr'><strong>et</strong></span> <span class='ocrx_word' id='word_1_26' title='bbox 1203 753 1251 801; x_wconf 81' lang='lat' dir='ltr'><strong>se-</strong></span> 
     </span>
     <span class='ocr_line' id='line_1_5' title="bbox 117 835 1250 924; baseline 0.002 -18"><span class='ocrx_word' id='word_1_27' title='bbox 117 837 262 906; x_wconf 88' lang='lat' dir='ltr'><strong>eundum</strong></span> <span class='ocrx_word' id='word_1_28' title='bbox 277 835 385 906; x_wconf 84' lang='lat' dir='ltr'><strong>relata</strong></span> <span class='ocrx_word' id='word_1_29' title='bbox 400 857 510 907; x_wconf 92' lang='lat' dir='ltr'><strong>eorum</strong></span> <span class='ocrx_word' id='word_1_30' title='bbox 527 844 641 906; x_wconf 78' lang='lat' dir='ltr'><strong>nonna</strong></span> <span class='ocrx_word' id='word_1_31' title='bbox 666 835 844 920; x_wconf 76' lang='lat' dir='ltr'><strong>quamlibet</strong></span> <span class='ocrx_word' id='word_1_32' title='bbox 859 845 984 924; x_wconf 88' lang='lat' dir='ltr'><strong>partem</strong></span> <span class='ocrx_word' id='word_1_33' title='bbox 1001 837 1152 907; x_wconf 80' lang='lat' dir='ltr'><strong>dabimus</strong></span> <span class='ocrx_word' id='word_1_34' title='bbox 1165 839 1250 908; x_wconf 87' lang='lat' dir='ltr'><strong>litte-</strong></span> 
     </span>
     <span class='ocr_line' id='line_1_6' title="bbox 118 943 1248 1030; baseline -0.001 -16"><span class='ocrx_word' id='word_1_35' title='bbox 118 967 177 1014; x_wconf 80' lang='lat' dir='ltr'><strong>ras</strong></span> <span class='ocrx_word' id='word_1_36' title='bbox 192 953 322 1014; x_wconf 78' lang='lat' dir='ltr'><strong>nostrae</strong></span> <span class='ocrx_word' id='word_1_37' title='bbox 337 944 469 1013; x_wconf 90' lang='lat' dir='ltr'><strong>domino</strong></span> <span class='ocrx_word' id='word_1_38' title='bbox 493 944 576 1030; x_wconf 80' lang='lat' dir='ltr'><strong>Regi</strong></span> <span class='ocrx_word' id='word_1_39' title='bbox 600 945 653 1012; x_wconf 85' lang='lat' dir='ltr'><strong>rel</strong></span> <span class='ocrx_word' id='word_1_40' title='bbox 673 943 779 1028; x_wconf 87' lang='lat' dir='ltr'><strong>judioi</strong></span> <span class='ocrx_word' id='word_1_41' title='bbox 804 965 864 1013; x_wconf 83' lang='lat' dir='ltr'><strong>eno</strong></span> <span class='ocrx_word' id='word_1_42' title='bbox 895 947 1027 1014; x_wconf 76' lang='lat' dir='ltr'><strong>ubilibet</strong></span> <span class='ocrx_word' id='word_1_43' title='bbox 1043 946 1248 1016; x_wconf 78' lang='lat' dir='ltr'><strong>deferendas.</strong></span> 
     </span>
     <span class='ocr_line' id='line_1_7' title="bbox 117 1052 1249 1140; baseline -0.003 -18"><span class='ocrx_word' id='word_1_44' title='bbox 117 1056 236 1138; x_wconf 90' lang='lat' dir='ltr'><strong>ltaque</strong></span> <span class='ocrx_word' id='word_1_45' title='bbox 250 1053 279 1122; x_wconf 79' lang='lat' dir='ltr'><strong>ai</strong></span> <span class='ocrx_word' id='word_1_46' title='bbox 295 1053 460 1140; x_wconf 77' lang='lat' dir='ltr'><strong>predictus</strong></span> <span class='ocrx_word' id='word_1_47' title='bbox 475 1053 593 1121; x_wconf 76' lang='lat' dir='ltr'><strong>(lomes</strong></span> <span class='ocrx_word' id='word_1_48' title='bbox 610 1052 747 1138; x_wconf 86' lang='lat' dir='ltr'><strong>Kemen,</strong></span> <span class='ocrx_word' id='word_1_49' title='bbox 758 1053 1057 1140; x_wconf 80' lang='lat' dir='ltr'><strong>sioutpremittitur,</strong></span> <span class='ocrx_word' id='word_1_50' title='bbox 1073 1061 1249 1122; x_wconf 76' lang='lat' dir='ltr'><strong>contumax</strong></span> 
     </span>
     <span class='ocr_line' id='line_1_8' title="bbox 117 1159 1250 1247; baseline 0.002 -21"><span class='ocrx_word' id='word_1_51' title='bbox 117 1160 217 1227; x_wconf 85' lang='lat' dir='ltr'><strong>suerit</strong></span> <span class='ocrx_word' id='word_1_52' title='bbox 229 1168 390 1247; x_wconf 78' lang='lat' dir='ltr'><strong>repertun,</strong></span> <span class='ocrx_word' id='word_1_53' title='bbox 408 1167 529 1228; x_wconf 87' lang='lat' dir='ltr'><strong>extuno</strong></span> <span class='ocrx_word' id='word_1_54' title='bbox 553 1159 624 1228; x_wconf 84' lang='lat' dir='ltr'><strong>eine</strong></span> <span class='ocrx_word' id='word_1_55' title='bbox 640 1159 777 1244; x_wconf 82' lang='lat' dir='ltr'><strong>strepitu</strong></span> <span class='ocrx_word' id='word_1_56' title='bbox 802 1159 944 1229; x_wconf 77' lang='lat' dir='ltr'><strong>alieuius</strong></span> <span class='ocrx_word' id='word_1_57' title='bbox 954 1160 1072 1247; x_wconf 87' lang='lat' dir='ltr'><strong>judioij</strong></span> <span class='ocrx_word' id='word_1_58' title='bbox 1091 1167 1166 1230; x_wconf 88' lang='lat' dir='ltr'><strong>aute</strong></span> <span class='ocrx_word' id='word_1_59' title='bbox 1181 1161 1250 1228; x_wconf 81' lang='lat' dir='ltr'><strong>litis</strong></span> 
     </span>
     <span class='ocr_line' id='line_1_9' title="bbox 118 1249 1250 1352; baseline 0.003 -19"><span class='ocrx_word' id='word_1_60' title='bbox 118 1269 303 1352; x_wconf 78' lang='lat' dir='ltr'><strong>ingressum</strong></span> <span class='ocrx_word' id='word_1_61' title='bbox 320 1267 511 1352; x_wconf 77' lang='lat' dir='ltr'><strong>persoluere</strong></span> <span class='ocrx_word' id='word_1_62' title='bbox 537 1265 669 1334; x_wconf 84' lang='lat' dir='ltr'><strong>debebit</strong></span> <span class='ocrx_word' id='word_1_63' title='bbox 700 1249 858 1334; x_wconf 77' lang='lat' dir='ltr'><strong>dueenta&#39;a</strong></span> <span class='ocrx_word' id='word_1_64' title='bbox 877 1285 1004 1334; x_wconf 80' lang='lat' dir='ltr'><strong>mareas</strong></span> <span class='ocrx_word' id='word_1_65' title='bbox 1020 1265 1144 1336; x_wconf 86' lang='lat' dir='ltr'><strong>Jaoobo</strong></span> <span class='ocrx_word' id='word_1_66' title='bbox 1160 1275 1250 1336; x_wconf 86' lang='lat' dir='ltr'><strong>ante·</strong></span> 
     </span>
     <span class='ocr_line' id='line_1_10' title="bbox 118 1373 1252 1460; baseline 0.004 -20"><span class='ocrx_word' id='word_1_67' title='bbox 118 1376 220 1459; x_wconf 77' lang='lat' dir='ltr'><strong>dicto,</strong></span> <span class='ocrx_word' id='word_1_68' title='bbox 238 1381 270 1442; x_wconf 83' lang='lat' dir='ltr'><strong>et</strong></span> <span class='ocrx_word' id='word_1_69' title='bbox 300 1373 433 1459; x_wconf 80' lang='lat' dir='ltr'><strong>insuper</strong></span> <span class='ocrx_word' id='word_1_70' title='bbox 447 1373 601 1458; x_wconf 83' lang='lat' dir='ltr'><strong>blyohael</strong></span> <span class='ocrx_word' id='word_1_71' title='bbox 631 1373 719 1440; x_wconf 80' lang='lat' dir='ltr'><strong>filius</strong></span> <span class='ocrx_word' id='word_1_72' title='bbox 750 1373 886 1442; x_wconf 76' lang='lat' dir='ltr'><strong>Comitis</strong></span> <span class='ocrx_word' id='word_1_73' title='bbox 910 1374 1040 1442; x_wconf 85' lang='lat' dir='ltr'><strong>Nieolai</strong></span> <span class='ocrx_word' id='word_1_74' title='bbox 1072 1375 1114 1443; x_wconf 90' lang='lat' dir='ltr'><strong>de</strong></span> <span class='ocrx_word' id='word_1_75' title='bbox 1130 1395 1252 1460; x_wconf 80' lang='lat' dir='ltr'><strong>genere</strong></span> 
     </span>
     <span class='ocr_line' id='line_1_11' title="bbox 119 1479 1250 1570; baseline 0.002 -22"><span class='ocrx_word' id='word_1_76' title='bbox 119 1484 264 1552; x_wconf 87' lang='lat' dir='ltr'><strong>Budmer</strong></span> <span class='ocrx_word' id='word_1_77' title='bbox 295 1489 425 1550; x_wconf 87' lang='lat' dir='ltr'><strong>eentum</strong></span> <span class='ocrx_word' id='word_1_78' title='bbox 441 1501 568 1550; x_wconf 84' lang='lat' dir='ltr'><strong>mareas</strong></span> <span class='ocrx_word' id='word_1_79' title='bbox 585 1480 691 1548; x_wconf 89' lang='lat' dir='ltr'><strong>eidem</strong></span> <span class='ocrx_word' id='word_1_80' title='bbox 707 1479 831 1550; x_wconf 89' lang='lat' dir='ltr'><strong>Jaoobo</strong></span> <span class='ocrx_word' id='word_1_81' title='bbox 847 1482 975 1551; x_wconf 82' lang='lat' dir='ltr'><strong>soluere</strong></span> <span class='ocrx_word' id='word_1_82' title='bbox 991 1481 1133 1570; x_wconf 77' lang='lat' dir='ltr'><strong>debebit,</strong></span> <span class='ocrx_word' id='word_1_83' title='bbox 1155 1491 1250 1569; x_wconf 88' lang='lat' dir='ltr'><strong>prout</strong></span> 
     </span>
     <span class='ocr_line' id='line_1_12' title="bbox 119 1587 1251 1676; baseline 0.002 -20"><span class='ocrx_word' id='word_1_84' title='bbox 119 1589 210 1657; x_wconf 91' lang='lat' dir='ltr'><strong>idem</strong></span> <span class='ocrx_word' id='word_1_85' title='bbox 235 1587 387 1676; x_wconf 86' lang='lat' dir='ltr'><strong>Myehael</strong></span> <span class='ocrx_word' id='word_1_86' title='bbox 417 1588 704 1675; x_wconf 80' lang='lat' dir='ltr'><strong>impresenoiarum</strong></span> <span class='ocrx_word' id='word_1_87' title='bbox 735 1589 876 1658; x_wconf 74' lang='lat' dir='ltr'><strong>astando</strong></span> <span class='ocrx_word' id='word_1_88' title='bbox 900 1587 944 1658; x_wconf 90' lang='lat' dir='ltr'><strong>ad</strong></span> <span class='ocrx_word' id='word_1_89' title='bbox 960 1590 1020 1657; x_wconf 85' lang='lat' dir='ltr'><strong>hee</strong></span> <span class='ocrx_word' id='word_1_90' title='bbox 1038 1609 1075 1658; x_wconf 85' lang='lat' dir='ltr'><strong>ee</strong></span> <span class='ocrx_word' id='word_1_91' title='bbox 1091 1591 1251 1676; x_wconf 86' lang='lat' dir='ltr'><strong>obligauit</strong></span> 
     </span>
     <span class='ocr_line' id='line_1_13' title="bbox 119 1695 1250 1785; baseline 0.003 -22"><span class='ocrx_word' id='word_1_92' title='bbox 119 1703 306 1782; x_wconf 77' lang='lat' dir='ltr'><strong>spontanea</strong></span> <span class='ocrx_word' id='word_1_93' title='bbox 320 1697 510 1782; x_wconf 88' lang='lat' dir='ltr'><strong>uoluntate;</strong></span> <span class='ocrx_word' id='word_1_94' title='bbox 533 1717 552 1765; x_wconf 90' lang='lat' dir='ltr'><strong>e</strong></span> <span class='ocrx_word' id='word_1_95' title='bbox 567 1704 682 1764; x_wconf 85' lang='lat' dir='ltr'><strong>eontra</strong></span> <span class='ocrx_word' id='word_1_96' title='bbox 698 1696 725 1763; x_wconf 83' lang='lat' dir='ltr'><strong>si</strong></span> <span class='ocrx_word' id='word_1_97' title='bbox 742 1695 887 1781; x_wconf 81' lang='lat' dir='ltr'><strong>prefatus</strong></span> <span class='ocrx_word' id='word_1_98' title='bbox 911 1697 1066 1784; x_wconf 84' lang='lat' dir='ltr'><strong>Jaoobus,</strong></span> <span class='ocrx_word' id='word_1_99' title='bbox 1081 1699 1165 1766; x_wconf 82' lang='lat' dir='ltr'><strong>nient</strong></span> <span class='ocrx_word' id='word_1_100' title='bbox 1180 1719 1250 1785; x_wconf 89' lang='lat' dir='ltr'><strong>pre·</strong></span> 
     </span>
     <span class='ocr_line' id='line_1_14' title="bbox 119 1801 1251 1888; baseline 0.004 -18"><span class='ocrx_word' id='word_1_101' title='bbox 119 1801 269 1888; x_wconf 85' lang='lat' dir='ltr'><strong>mittitur,</strong></span> <span class='ocrx_word' id='word_1_102' title='bbox 287 1811 460 1872; x_wconf 80' lang='lat' dir='ltr'><strong>contumax</strong></span> <span class='ocrx_word' id='word_1_103' title='bbox 476 1804 574 1872; x_wconf 87' lang='lat' dir='ltr'><strong>fuerit</strong></span> <span class='ocrx_word' id='word_1_104' title='bbox 590 1811 750 1888; x_wconf 80' lang='lat' dir='ltr'><strong>repertus,</strong></span> <span class='ocrx_word' id='word_1_105' title='bbox 781 1809 899 1871; x_wconf 86' lang='lat' dir='ltr'><strong>extune</strong></span> <span class='ocrx_word' id='word_1_106' title='bbox 923 1803 1071 1872; x_wconf 79' lang='lat' dir='ltr'><strong>similitor</strong></span> <span class='ocrx_word' id='word_1_107' title='bbox 1086 1807 1157 1872; x_wconf 84' lang='lat' dir='ltr'><strong>nine</strong></span> <span class='ocrx_word' id='word_1_108' title='bbox 1172 1811 1251 1874; x_wconf 79' lang='lat' dir='ltr'><strong>etre-</strong></span> 
     </span>
     <span class='ocr_line' id='line_1_15' title="bbox 120 1910 1249 1998; baseline 0.004 -22"><span class='ocrx_word' id='word_1_109' title='bbox 120 1911 195 1998; x_wconf 90' lang='lat' dir='ltr'><strong>pitu</strong></span> <span class='ocrx_word' id='word_1_110' title='bbox 211 1910 351 1980; x_wconf 77' lang='lat' dir='ltr'><strong>alieuius</strong></span> <span class='ocrx_word' id='word_1_111' title='bbox 376 1912 494 1997; x_wconf 79' lang='lat' dir='ltr'><strong>judioij</strong></span> <span class='ocrx_word' id='word_1_112' title='bbox 527 1918 603 1979; x_wconf 90' lang='lat' dir='ltr'><strong>ante</strong></span> <span class='ocrx_word' id='word_1_113' title='bbox 632 1911 700 1978; x_wconf 84' lang='lat' dir='ltr'><strong>litis</strong></span> <span class='ocrx_word' id='word_1_114' title='bbox 733 1912 914 1996; x_wconf 77' lang='lat' dir='ltr'><strong>ingressum</strong></span> <span class='ocrx_word' id='word_1_115' title='bbox 944 1917 1107 1980; x_wconf 74' lang='lat' dir='ltr'><strong>trecentae</strong></span> <span class='ocrx_word' id='word_1_116' title='bbox 1122 1931 1249 1981; x_wconf 82' lang='lat' dir='ltr'><strong>mareau</strong></span> 
     </span>
     <span class='ocr_line' id='line_1_16' title="bbox 119 2016 1249 2104; baseline 0.001 -18"><span class='ocrx_word' id='word_1_117' title='bbox 119 2018 248 2086; x_wconf 84' lang='lat' dir='ltr'><strong>soluere</strong></span> <span class='ocrx_word' id='word_1_118' title='bbox 263 2016 394 2086; x_wconf 88' lang='lat' dir='ltr'><strong>debebit</strong></span> <span class='ocrx_word' id='word_1_119' title='bbox 416 2017 533 2086; x_wconf 82' lang='lat' dir='ltr'><strong>Oomiti</strong></span> <span class='ocrx_word' id='word_1_120' title='bbox 550 2019 675 2086; x_wconf 88' lang='lat' dir='ltr'><strong>Kemen</strong></span> <span class='ocrx_word' id='word_1_121' title='bbox 700 2017 874 2104; x_wconf 81' lang='lat' dir='ltr'><strong>nopedioto.</strong></span> <span class='ocrx_word' id='word_1_122' title='bbox 891 2019 1013 2086; x_wconf 87' lang='lat' dir='ltr'><strong>Datum</strong></span> <span class='ocrx_word' id='word_1_123' title='bbox 1028 2019 1062 2087; x_wconf 94' lang='lat' dir='ltr'><strong>in</strong></span> <span class='ocrx_word' id='word_1_124' title='bbox 1078 2017 1249 2103; x_wconf 78' lang='lat' dir='ltr'><strong>quindenis</strong></span> 
     </span>
     <span class='ocr_line' id='line_1_17' title="bbox 120 2123 1247 2210; baseline 0.002 -20"><span class='ocrx_word' id='word_1_125' title='bbox 120 2124 235 2190; x_wconf 88' lang='lat' dir='ltr'><strong>Sanoti</strong></span> <span class='ocrx_word' id='word_1_126' title='bbox 252 2123 433 2208; x_wconf 83' lang='lat' dir='ltr'><strong>Myobaelis</strong></span> <span class='ocrx_word' id='word_1_127' title='bbox 448 2145 534 2192; x_wconf 86' lang='lat' dir='ltr'><strong>anno</strong></span> <span class='ocrx_word' id='word_1_128' title='bbox 550 2125 682 2193; x_wconf 91' lang='lat' dir='ltr'><strong>Domini</strong></span> <span class='ocrx_word' id='word_1_129' title='bbox 708 2123 881 2192; x_wconf 80' lang='lat' dir='ltr'><strong>milleuimo</strong></span> <span class='ocrx_word' id='word_1_130' title='bbox 897 2125 1102 2192; x_wconf 75' lang='lat' dir='ltr'><strong>oo⁰bxxx⁰</strong></span> <span class='ocrx_word' id='word_1_131' title='bbox 1127 2125 1247 2210; x_wconf 89' lang='lat' dir='ltr'><strong>quinto.</strong></span> 
     </span>
    </p>
   </div>
   <div class='ocr_carea' id='block_1_3' title="bbox 121 2335 1334 2409">
    <p class='ocr_par' dir='ltr' id='par_1_3' title="bbox 121 2335 1334 2409">
     <span class='ocr_line' id='line_1_18' title="bbox 121 2335 1334 2409; baseline 0.005 -19"><span class='ocrx_word' id='word_1_132' title='bbox 121 2338 260 2402; x_wconf 78' lang='lat' dir='ltr'><strong>(Eredetie</strong></span> <span class='ocrx_word' id='word_1_133' title='bbox 274 2337 453 2406; x_wconf 75' lang='lat' dir='ltr'><strong>bdrbdrtydn,</strong></span> <span class='ocrx_word' id='word_1_134' title='bbox 467 2339 564 2394; x_wconf 78' lang='lat' dir='ltr'><strong>saletto</strong></span> <span class='ocrx_word' id='word_1_135' title='bbox 577 2339 750 2409; x_wconf 77' lang='lat' dir='ltr'><strong>magrongr&#39;tlt</strong></span> <span class='ocrx_word' id='word_1_136' title='bbox 763 2337 931 2408; x_wconf 74' lang='lat' dir='ltr'><strong>lllapotban,</strong></span> <span class='ocrx_word' id='word_1_137' title='bbox 945 2356 962 2392; x_wconf 89' lang='lat' dir='ltr'><strong>a</strong></span> <span class='ocrx_word' id='word_1_138' title='bbox 975 2339 1047 2394; x_wconf 71' lang='lat' dir='ltr'><strong>molt.</strong></span> <span class='ocrx_word' id='word_1_139' title='bbox 1074 2338 1140 2394; x_wconf 77' lang='lat' dir='ltr'><strong>otro</strong></span> <span class='ocrx_word' id='word_1_140' title='bbox 1154 2343 1250 2409; x_wconf 75' lang='lat' dir='ltr'><strong>Reuay</strong></span> <span class='ocrx_word' id='word_1_141' title='bbox 1326 2335 1334 2354; x_wconf 67' lang='lat'>⁸</span> 
     </span>
    </p>
   </div>
   <div class='ocr_carea' id='block_1_4' title="bbox 530 2429 846 2499">
    <p class='ocr_par' dir='ltr' id='par_1_4' title="bbox 530 2429 846 2499">
     <span class='ocr_line' id='line_1_19' title="bbox 530 2429 846 2499; baseline 0 -15"><span class='ocrx_word' id='word_1_142' title='bbox 530 2429 623 2486; x_wconf 74' lang='lat' dir='ltr'><strong>oualdd</strong></span> <span class='ocrx_word' id='word_1_143' title='bbox 634 2429 846 2499; x_wconf 66' lang='lat' dir='ltr'><strong>levbltdrdban.)</strong></span> 
     </span>
    </p>
   </div>
   <div class='ocr_carea' id='block_1_5' title="bbox 123 3389 1246 3588">
    <p class='ocr_par' dir='ltr' id='par_1_5' title="bbox 123 3353 1246 3588">
     <span class='ocr_line' id='line_1_20' title="bbox 123 3389 1246 3481; baseline -0.001 -25"><span class='ocrx_word' id='word_1_144' title='bbox 123 3389 214 3457; x_wconf 69' lang='lat' dir='ltr'><strong>naa</strong></span> <span class='ocrx_word' id='word_1_145' title='bbox 238 3397 333 3459; x_wconf 66' lang='lat' dir='ltr'><strong>aaa</strong></span> <span class='ocrx_word' id='word_1_146' title='bbox 357 3393 545 3480; x_wconf 55' lang='lat' dir='ltr'><strong>rerepente</strong></span> <span class='ocrx_word' id='word_1_147' title='bbox 570 3395 800 3481; x_wconf 64' lang='lat' dir='ltr'><strong>tyriarum,</strong></span> <span class='ocrx_word' id='word_1_148' title='bbox 827 3395 939 3460; x_wconf 67' lang='lat' dir='ltr'><strong>mare</strong></span> <span class='ocrx_word' id='word_1_149' title='bbox 953 3395 1016 3459; x_wconf 77' lang='lat' dir='ltr'><strong>Par</strong></span> <span class='ocrx_word' id='word_1_150' title='bbox 1040 3393 1103 3464; x_wconf 71' lang='lat' dir='ltr'><strong>oen</strong></span> <span class='ocrx_word' id='word_1_151' title='bbox 1126 3391 1209 3458; x_wconf 68' lang='lat' dir='ltr'><strong>aar</strong></span> <span class='ocrx_word' id='word_1_152' title='bbox 1224 3414 1246 3455; x_wconf 72' lang='lat' dir='ltr'><strong>a</strong></span> 
     </span>
     <span class='ocr_line' id='line_1_21' title="bbox 254 3500 1119 3588; baseline -0.003 -22"><span class='ocrx_word' id='word_1_153' title='bbox 254 3500 440 3588; x_wconf 78' lang='lat' dir='ltr'><strong>epotator&#39;ak</strong></span> <span class='ocrx_word' id='word_1_154' title='bbox 454 3502 546 3570; x_wconf 74' lang='lat' dir='ltr'><strong>ellani</strong></span> <span class='ocrx_word' id='word_1_155' title='bbox 577 3500 1119 3588; x_wconf 71' lang='lat' dir='ltr'><strong>tabmrafebeottittarott.1285.</strong></span> 
     </span>
    </p>
   </div>
   <div class='ocr_carea' id='block_1_6' title="bbox 119 3711 1252 4656">
    <p class='ocr_par' dir='ltr' id='par_1_6' title="bbox 119 3711 1252 4656">
     <span class='ocr_line' id='line_1_22' title="bbox 231 3711 1249 3801; baseline 0.002 -22"><span class='ocrx_word' id='word_1_156' title='bbox 231 3713 271 3779; x_wconf 93' lang='lat' dir='ltr'><strong>In</strong></span> <span class='ocrx_word' id='word_1_157' title='bbox 287 3712 349 3782; x_wconf 91' lang='lat' dir='ltr'><strong>Dei</strong></span> <span class='ocrx_word' id='word_1_158' title='bbox 364 3712 502 3801; x_wconf 27' lang='lat' dir='ltr'><strong>nomine,</strong></span> <span class='ocrx_word' id='word_1_159' title='bbox 515 3713 629 3782; x_wconf 88' lang='lat' dir='ltr'><strong>Amen.</strong></span> <span class='ocrx_word' id='word_1_160' title='bbox 645 3713 740 3781; x_wconf 89' lang='lat' dir='ltr'><strong>Auno</strong></span> <span class='ocrx_word' id='word_1_161' title='bbox 757 3712 888 3781; x_wconf 90' lang='lat' dir='ltr'><strong>Domini</strong></span> <span class='ocrx_word' id='word_1_162' title='bbox 904 3711 1249 3781; x_wconf 72' lang='lat' dir='ltr'><strong>M⁰oo⁰txxx⁰v⁰in</strong></span> 
     </span>
     <span class='ocr_line' id='line_1_23' title="bbox 121 3816 1248 3905; baseline -0.003 -16"><span class='ocrx_word' id='word_1_163' title='bbox 121 3821 270 3889; x_wconf 85' lang='lat' dir='ltr'><strong>diooione</strong></span> <span class='ocrx_word' id='word_1_164' title='bbox 284 3818 378 3888; x_wconf 81' lang='lat' dir='ltr'><strong>Xlll.</strong></span> <span class='ocrx_word' id='word_1_165' title='bbox 395 3819 449 3886; x_wconf 89' lang='lat' dir='ltr'><strong>die</strong></span> <span class='ocrx_word' id='word_1_166' title='bbox 470 3816 632 3886; x_wconf 89' lang='lat' dir='ltr'><strong>dominioo</strong></span> <span class='ocrx_word' id='word_1_167' title='bbox 643 3818 723 3885; x_wconf 78' lang='lat' dir='ltr'><strong>XV.</strong></span> <span class='ocrx_word' id='word_1_168' title='bbox 740 3819 883 3905; x_wconf 80' lang='lat' dir='ltr'><strong>Aprilis3</strong></span> <span class='ocrx_word' id='word_1_169' title='bbox 910 3817 1111 3903; x_wconf 78' lang='lat' dir='ltr'><strong>temporibus</strong></span> <span class='ocrx_word' id='word_1_170' title='bbox 1126 3819 1248 3886; x_wconf 91' lang='lat' dir='ltr'><strong>domini</strong></span> 
     </span>
     <span class='ocr_line' id='line_1_24' title="bbox 119 3925 1246 4014; baseline -0.004 -18"><span class='ocrx_word' id='word_1_171' title='bbox 119 3925 269 3996; x_wconf 81' lang='lat' dir='ltr'><strong>Ladislai</strong></span> <span class='ocrx_word' id='word_1_172' title='bbox 284 3925 347 3992; x_wconf 91' lang='lat' dir='ltr'><strong>Dei</strong></span> <span class='ocrx_word' id='word_1_173' title='bbox 362 3928 473 4010; x_wconf 80' lang='lat' dir='ltr'><strong>grauia</strong></span> <span class='ocrx_word' id='word_1_174' title='bbox 483 3927 621 3995; x_wconf 80' lang='lat' dir='ltr'><strong>llluetria</strong></span> <span class='ocrx_word' id='word_1_175' title='bbox 630 3926 731 4014; x_wconf 80' lang='lat' dir='ltr'><strong>Regis</strong></span> <span class='ocrx_word' id='word_1_176' title='bbox 747 3927 902 4011; x_wconf 77' lang='lat' dir='ltr'><strong>lingerio,</strong></span> <span class='ocrx_word' id='word_1_177' title='bbox 919 3925 1116 3994; x_wconf 80' lang='lat' dir='ltr'><strong>venerabilis</strong></span> <span class='ocrx_word' id='word_1_178' title='bbox 1141 3928 1246 4011; x_wconf 82' lang='lat' dir='ltr'><strong>patrie</strong></span> 
     </span>
     <span class='ocr_line' id='line_1_25' title="bbox 122 4030 1252 4119; baseline 0.001 -20"><span class='ocrx_word' id='word_1_179' title='bbox 122 4032 245 4100; x_wconf 91' lang='lat' dir='ltr'><strong>domiui</strong></span> <span class='ocrx_word' id='word_1_180' title='bbox 281 4031 430 4117; x_wconf 79' lang='lat' dir='ltr'><strong>Gregorij</strong></span> <span class='ocrx_word' id='word_1_181' title='bbox 462 4034 617 4119; x_wconf 76' lang='lat' dir='ltr'><strong>Episcopi</strong></span> <span class='ocrx_word' id='word_1_182' title='bbox 641 4032 879 4119; x_wconf 77' lang='lat' dir='ltr'><strong>Tragurieneiu,</strong></span> <span class='ocrx_word' id='word_1_183' title='bbox 904 4030 1069 4117; x_wconf 80' lang='lat' dir='ltr'><strong>Magnifiei</strong></span> <span class='ocrx_word' id='word_1_184' title='bbox 1099 4030 1163 4098; x_wconf 85' lang='lat' dir='ltr'><strong>viri</strong></span> <span class='ocrx_word' id='word_1_185' title='bbox 1194 4033 1252 4100; x_wconf 93' lang='lat' dir='ltr'><strong>do-</strong></span> 
     </span>
     <span class='ocr_line' id='line_1_26' title="bbox 121 4137 1248 4228; baseline -0.004 -19"><span class='ocrx_word' id='word_1_186' title='bbox 121 4141 203 4209; x_wconf 91' lang='lat' dir='ltr'><strong>mini</strong></span> <span class='ocrx_word' id='word_1_187' title='bbox 234 4137 369 4228; x_wconf 75' lang='lat' dir='ltr'><strong>Georglj</strong></span> <span class='ocrx_word' id='word_1_188' title='bbox 400 4137 534 4208; x_wconf 73' lang='lat' dir='ltr'><strong>domitis</strong></span> <span class='ocrx_word' id='word_1_189' title='bbox 563 4140 802 4228; x_wconf 79' lang='lat' dir='ltr'><strong>Tragurienuie,</strong></span> <span class='ocrx_word' id='word_1_190' title='bbox 833 4147 866 4208; x_wconf 90' lang='lat' dir='ltr'><strong>et</strong></span> <span class='ocrx_word' id='word_1_191' title='bbox 896 4140 1016 4208; x_wconf 80' lang='lat' dir='ltr'><strong>nobilis</strong></span> <span class='ocrx_word' id='word_1_192' title='bbox 1040 4139 1101 4207; x_wconf 83' lang='lat' dir='ltr'><strong>viri</strong></span> <span class='ocrx_word' id='word_1_193' title='bbox 1127 4139 1248 4206; x_wconf 92' lang='lat' dir='ltr'><strong>domini</strong></span> 
     </span>
     <span class='ocr_line' id='line_1_27' title="bbox 120 4245 1245 4334; baseline -0.004 -17"><span class='ocrx_word' id='word_1_194' title='bbox 120 4249 276 4334; x_wconf 82' lang='lat' dir='ltr'><strong>Palmerij</strong></span> <span class='ocrx_word' id='word_1_195' title='bbox 294 4246 416 4315; x_wconf 90' lang='lat' dir='ltr'><strong>domiui</strong></span> <span class='ocrx_word' id='word_1_196' title='bbox 429 4248 522 4316; x_wconf 77' lang='lat' dir='ltr'><strong>Falci</strong></span> <span class='ocrx_word' id='word_1_197' title='bbox 539 4247 581 4314; x_wconf 87' lang='lat' dir='ltr'><strong>de</strong></span> <span class='ocrx_word' id='word_1_198' title='bbox 596 4248 706 4316; x_wconf 78' lang='lat' dir='ltr'><strong>Firmo</strong></span> <span class='ocrx_word' id='word_1_199' title='bbox 723 4247 875 4316; x_wconf 77' lang='lat' dir='ltr'><strong>Ciuitatis</strong></span> <span class='ocrx_word' id='word_1_200' title='bbox 905 4245 1132 4331; x_wconf 78' lang='lat' dir='ltr'><strong>Traguriennis</strong></span> <span class='ocrx_word' id='word_1_201' title='bbox 1151 4247 1245 4313; x_wconf 87' lang='lat' dir='ltr'><strong>Pote-</strong></span> 
     </span>
     <span class='ocr_line' id='line_1_28' title="bbox 122 4352 1248 4442; baseline -0.006 -18"><span class='ocrx_word' id='word_1_202' title='bbox 122 4356 240 4440; x_wconf 58' lang='grc' dir='ltr'><strong>οἰκῆες</strong></span> <span class='ocrx_word' id='word_1_203' title='bbox 256 4356 290 4422; x_wconf 96' lang='lat' dir='ltr'><strong>in</strong></span> <span class='ocrx_word' id='word_1_204' title='bbox 312 4355 488 4442; x_wconf 88' lang='lat' dir='ltr'><strong>publiooet</strong></span> <span class='ocrx_word' id='word_1_205' title='bbox 512 4354 665 4424; x_wconf 75' lang='lat' dir='ltr'><strong>Generali</strong></span> <span class='ocrx_word' id='word_1_206' title='bbox 691 4353 835 4423; x_wconf 78' lang='lat' dir='ltr'><strong>donsbio</strong></span> <span class='ocrx_word' id='word_1_207' title='bbox 861 4354 1013 4422; x_wconf 77' lang='lat' dir='ltr'><strong>Ciuitatis</strong></span> <span class='ocrx_word' id='word_1_208' title='bbox 1035 4352 1199 4439; x_wconf 75' lang='lat' dir='ltr'><strong>Tragurij,</strong></span> <span class='ocrx_word' id='word_1_209' title='bbox 1215 4353 1248 4419; x_wconf 95' lang='lat' dir='ltr'><strong>in</strong></span> 
     </span>
     <span class='ocr_line' id='line_1_29' title="bbox 122 4460 1247 4552; baseline -0.004 -24"><span class='ocrx_word' id='word_1_210' title='bbox 122 4461 254 4552; x_wconf 88' lang='lat' dir='ltr'><strong>palaoio</strong></span> <span class='ocrx_word' id='word_1_211' title='bbox 269 4461 350 4530; x_wconf 88' lang='lat' dir='ltr'><strong>dieti</strong></span> <span class='ocrx_word' id='word_1_212' title='bbox 365 4460 552 4530; x_wconf 73' lang='lat' dir='ltr'><strong>Communia</strong></span> <span class='ocrx_word' id='word_1_213' title='bbox 567 4460 611 4528; x_wconf 93' lang='lat' dir='ltr'><strong>ad</strong></span> <span class='ocrx_word' id='word_1_214' title='bbox 626 4481 740 4530; x_wconf 79' lang='lat' dir='ltr'><strong>nonum</strong></span> <span class='ocrx_word' id='word_1_215' title='bbox 750 4480 918 4546; x_wconf 79' lang='lat' dir='ltr'><strong>campane,</strong></span> <span class='ocrx_word' id='word_1_216' title='bbox 933 4467 968 4527; x_wconf 82' lang='lat' dir='ltr'><strong>rt</strong></span> <span class='ocrx_word' id='word_1_217' title='bbox 984 4460 1081 4526; x_wconf 81' lang='lat' dir='ltr'><strong>morie</strong></span> <span class='ocrx_word' id='word_1_218' title='bbox 1097 4467 1156 4544; x_wconf 83' lang='lat' dir='ltr'><strong>eut,</strong></span> <span class='ocrx_word' id='word_1_219' title='bbox 1173 4478 1247 4525; x_wconf 88' lang='lat' dir='ltr'><strong>eon·</strong></span> 
     </span>
     <span class='ocr_line' id='line_1_30' title="bbox 122 4566 1251 4656; baseline -0.006 -17"><span class='ocrx_word' id='word_1_220' title='bbox 122 4578 269 4656; x_wconf 61' lang='lat' dir='ltr'><strong>vegeto.</strong></span> <span class='ocrx_word' id='word_1_221' title='bbox 287 4569 416 4637; x_wconf 76' lang='lat' dir='ltr'><strong>Nobilis</strong></span> <span class='ocrx_word' id='word_1_222' title='bbox 432 4571 482 4635; x_wconf 83' lang='lat' dir='ltr'><strong>vir</strong></span> <span class='ocrx_word' id='word_1_223' title='bbox 499 4569 613 4638; x_wconf 76' lang='lat' dir='ltr'><strong>Comen</strong></span> <span class='ocrx_word' id='word_1_224' title='bbox 638 4569 749 4656; x_wconf 80' lang='lat' dir='ltr'><strong>Stipsa</strong></span> <span class='ocrx_word' id='word_1_225' title='bbox 775 4567 860 4635; x_wconf 82' lang='lat' dir='ltr'><strong>filiun</strong></span> <span class='ocrx_word' id='word_1_226' title='bbox 885 4566 1036 4651; x_wconf 81' lang='lat' dir='ltr'><strong>Nanieee,</strong></span> <span class='ocrx_word' id='word_1_227' title='bbox 1065 4566 1200 4635; x_wconf 86' lang='lat' dir='ltr'><strong>nuboius</strong></span> <span class='ocrx_word' id='word_1_228' title='bbox 1218 4572 1251 4632; x_wconf 91' lang='lat' dir='ltr'><strong>et</strong></span> 
     </span>
    </p>
   </div>
   <div class='ocr_carea' id='block_1_7' title="bbox 0 0 1582 5164">
    <p class='ocr_par' dir='ltr' id='par_1_7' title="bbox 0 0 1582 5164">
     <span class='ocr_line' id='line_1_31' title="bbox 0 0 1582 5164; baseline 0 0"><span class='ocrx_word' id='word_1_229' title='bbox 0 0 1582 5164; x_wconf 95' lang='lat' dir='ltr'><strong> </strong></span> 
     </span>
    </p>
   </div>
  </div>
 </body>
</html>
