3124 5158
806 327 965 428 jos—

323 521 593 610 oomposieionem
619 541 715 606 quam
732 521 887 612 ¹fenerant
911 530 1017 590 ratam
1041 523 1176 592 heberet
1199 541 1259 588 noo
1281 541 1334 604 ne,
1356 517 1433 587 etad

322 630 544 718 deputandum
564 631 737 717 hominem,
764 632 815 699 oni
840 631 1005 718 predictus
1030 631 1146 700 Comes
1170 629 1300 718 Mycael
1326 635 1361 695 et
1383 627 1432 710 lilij

323 741 374 807 sui
399 736 633 807 dimidietatem
657 747 870 826 prouentnnm
895 737 936 805 de
951 740 1159 825 possessione
1174 757 1235 806 sua
1250 739 1432 824 proueniss-

322 847 406 914 eium
432 856 585 934 presente
609 845 758 916 Johanne
778 848 847 916 lilio
861 847 1031 934 Felyolani
1046 847 1222 916 secundnm
1239 846 1326 931 quod
1342 844 1434 911 eidem

319 953 463 1023 Johanni
489 955 680 1042 eonstiterit,
706 961 850 1025 statuere
876 954 1032 1022 deberent
1055 975 1114 1042 pro
1140 956 1317 1040 expensis:
1344 953 1433 1021 adue·

319 1064 428 1131 niente
453 1063 524 1150 ipso
553 1063 701 1152 termino,
725 1063 852 1150 prelato
868 1062 1057 1131 Alexandro
1075 1065 1117 1130 ab
1133 1081 1199 1130 una
1214 1069 1322 1148 parte,
1341 1062 1382 1128 ab
1397 1059 1434 1126 al·

317 1178 390 1240 tera
415 1191 493 1238 uero
517 1171 637 1260 Paulo,
661 1171 840 1240 seeundum
866 1170 953 1257 qnod
976 1190 1054 1258 pars
1085 1172 1229 1239 aduersa
1258 1167 1437 1251 affirmauit,

321 1280 483 1347 remiente
508 1280 652 1347 eiusdem
673 1281 809 1349 Comitis
825 1281 979 1367 lllyoaelis
995 1301 1053 1366 pro
1068 1279 1140 1366 ipso
1157 1279 1290 1347 domino
1304 1296 1374 1362 suo,
1389 1296 1433 1344 eo·

320 1407 391 1454 ram
400 1385 495 1454 nobis
504 1389 721 1474 personaliter
730 1388 937 1474 constitutis3
953 1386 1115 1473 predictus
1124 1385 1315 1455 Alexander
1330 1385 1438 1452 statuit

323 1493 461 1562 eundem
487 1493 669 1579 Nyoolenm
693 1495 867 1583 pannulum
892 1515 1000 1564 eoram
1024 1495 1129 1583 nobis,
1146 1496 1265 1580 etipse
1280 1493 1436 1580 Nyoolans

323 1601 414 1686 dixit,
439 1603 525 1688 quod
545 1605 705 1689 prefatam
720 1605 990 1690 composicionem
1006 1613 1111 1671 ratam
1126 1601 1264 1670 haberet
1278 1613 1380 1688 atque
1393 1600 1437 1666 fir·

320 1729 417 1796 mam,
442 1718 475 1776 et
499 1711 588 1780 lacta
613 1712 773 1781 extitisset
798 1733 840 1780 ex
864 1712 933 1781 eius
958 1713 1134 1780 voluntate.
1152 1711 1323 1779 Commisit
1339 1713 1433 1778 seiam

318 1817 390 1903 ipse
406 1818 582 1906 Nyoolaus,
598 1819 686 1904 quod
701 1820 937 1888 dimidietatem
953 1827 1166 1908 prouentoum
1182 1819 1224 1887 de
1234 1819 1433 1905 possessione

319 1945 379 1993 eus
406 1929 667 2012 prouenienoinm
691 1935 844 2016 presente
867 1936 1046 1998 memorato
1070 1927 1240 2014 Johanne,
1263 1927 1435 1995 seeundum

320 2035 408 2120 quod
422 2037 484 2122 ipsi
501 2037 644 2106 Johanni
660 2039 850 2122 eonstiterit,
867 2038 966 2124 ijdem
984 2037 1100 2105 Gornes
1116 2037 1244 2124 llyeaol
1260 2043 1293 2104 et
1308 2035 1368 2120 lilij
1388 2034 1434 2103 sui

323 2143 478 2214 deberent
493 2151 636 2213 statuere
652 2165 710 2233 pro
726 2147 878 2234 expensis
894 2148 967 2215 viee
987 2154 1020 2215 et
1033 2145 1165 2214 nomine
1179 2145 1284 2233 ipsius
1299 2144 1436 2212 Alexan·

320 2252 380 2321 dro
404 2259 585 2339 prenotato.
609 2255 729 2322 Datum
744 2253 779 2321 in
797 2253 911 2340 vigilie
926 2255 1130 2324 Penteeostee
1146 2273 1233 2323 anno
1248 2251 1381 2322 Domini
1394 2251 1439 2318 ll·

321 2359 390 2428 00⁰
405 2363 636 2446 octuagesimo.

320 2559 458 2624 (Eredetie
477 2558 651 2626 bdrhtrtydm
674 2577 691 2613 a
711 2556 852 2629 adrpeestt
876 2565 1028 2626 elvessett3
1046 2575 1065 2613 a
1077 2577 1168 2614 nemer
1181 2558 1285 2628 sauny
1296 2557 1441 2614 munst

354 2673 359 2684 ·
777 2649 988 2719 levdltdrdbxn.)

843 3426 919 3497 alo.

321 3629 381 3696 IV.
394 3627 512 3702 Maelo
533 3627 708 3715 kirdlynok
734 3624 843 3715 Gayol
867 3629 1020 3716 helysdpet
1034 3628 1189 3714 tdrpyasd
1203 3629 1242 3713 aj
1257 3627 1447 3714 adomdayo

320 3731 411 3804 Pae
433 3738 495 3802 hdo
510 3737 542 3803 6⁸
564 3735 680 3802 Komen
694 3757 804 3817 eomes,
820 3737 965 3802 Beoedek
980 3759 1078 3802 soma
1086 3737 1153 3820 fiai
1167 3735 1325 3803 sedendas.
1341 3735 1448 3801 1281.

435 3951 611 4019 Ladizlaus
630 3951 691 4019 Dei
715 3951 828 4034 graeia
855 3951 1040 4040 Hungarie,
1069 3949 1262 4040 Dalmaeie,
1295 3951 1449 4033 Croaeie,

322 4063 441 4148 Reme,
464 4061 596 4147 Seruis,
619 4059 779 4147 Galliae,
806 4060 1012 4146 Lodomerie,
1042 4059 1199 4128 Cumanis
1221 4059 1451 4147 Belgarieque

207 4229 212 4242 .
323 4171 392 4236 Rex
406 4172 554 4238 omnibus
578 4168 697 4236 Christi
715 4169 862 4236 fidelibus
880 4173 1061 4256 presentem
1077 4169 1232 4254 paginam
1248 4169 1449 4256 inspecturis

324 4277 462 4346 salutem
487 4279 522 4346 in
547 4280 690 4345 omnium
707 4279 879 4346 saluatore.
894 4277 1028 4361 Regalis
1044 4279 1238 4346 exeellenolo
1253 4279 1454 4348 inmensitss

323 4386 366 4454 ad
390 4405 500 4454 omnes
528 4387 640 4455 fideles
664 4386 837 4474 prospiena
852 4407 891 4454 eo
906 4388 940 4452 in
957 4405 993 4453 se
1008 4386 1119 4472 posius
1135 4386 1249 4475 resipit
1263 4387 1451 4456 ineremen-

324 4501 404 4576 tnm,
428 4514 491 4576 quo
515 4495 659 4561 lidelium
684 4497 801 4564 merita
814 4495 1045 4578 oondlgnamm
1060 4496 1364 4571 remuneracionam
1382 4517 1454 4583 pre·

328 4597 422 4682 sidijs
457 4599 623 4668 reioeillat
653 4603 791 4669 Proinde
821 4601 864 4668 ad
894 4603 1117 4671 vnlnersorum
1145 4604 1299 4670 netieiam
1331 4611 1455 4674 tenore
