3146 5166
654 293 814 398 „Q
842 252 846 260 .

169 509 235 556 non
252 487 358 554 extitit
374 503 475 570 nsque
492 487 597 554 modo.
616 487 735 553 Datum
752 487 842 555 Budo
853 488 906 556 die
917 490 1078 558 dominioo
1094 493 1297 563 antefertum

169 598 274 666 Maria
290 594 483 681 magdalene
499 617 583 663 anno
594 597 725 663 Domini
740 599 858 666 ΜθΟΟθ
868 601 1085 684 nonogesimo.

170 814 309 882 (maderio
323 809 497 880 birhtrtytn,
511 813 640 879 maiynek
654 810 730 866 hatti
744 815 796 865 oda
822 822 944 880 uyomott
969 816 1091 884 pooeotje
1116 817 1246 873 alveanott
1259 839 1266 884 ς
1280 835 1296 870 a

493 905 576 956 budai
586 905 637 955 kir.
652 905 773 958 kamarai
784 904 975 976 levelttrban.)

628 1193 838 1208 mn

690 1709 767 1776 378.

165 1912 227 1978 IV.
244 1911 361 1978 Manio
376 1909 555 1995 kirdlynok
579 1903 776 1974 Ctetmtnet
792 1909 890 1974 hozzd
908 1909 1017 1972 hutten
1025 1908 1094 1990 fiai
1110 1907 1140 1972 62
1158 1907 1295 1971 rokonoi

158 2020 281 2102 januit
308 2021 462 2100 tcirpyazo'
497 2016 693 2100 adomdnyu,
710 2013 825 2080 Iatodo
842 2017 873 2080 e'a
889 2015 952 2078 Pet
977 2013 1135 2099 mosterolo,
1166 2013 1296 2096 Mttoty

506 2147 604 2188 eonem
620 2124 689 2206 fiai
706 2127 864 2188 eadmu‘ra.
876 2119 972 2186 1290.

257 2334 325 2401 Noe
334 2332 509 2401 Ladizlaus
519 2335 578 2400 Dei
590 2333 703 2416 gracia
712 2335 779 2401 Rex
791 2333 955 2417 Hungarie
968 2331 1119 2400 memorie
1133 2350 1293 2398 oomman·

164 2445 283 2511 dantes
293 2441 510 2526 significamus
520 2443 690 2529 uniuersis,
706 2442 792 2524 quod
810 2443 851 2510 ob
861 2443 977 2509 merita
985 2441 1128 2509 fidelium
1138 2439 1290 2505 seruitio·

165 2572 237 2618 rum
257 2550 486 2634 Magistrorum
502 2548 657 2636 Stephani
672 2549 825 2618 videlieet
846 2557 879 2617 at
896 2549 991 2616 Pauli
1000 2548 1140 2615 filiorum
1156 2545 1291 2614 Comitio

166 2659 314 2726 Minaelie
324 2657 495 2745 filijWbul,
508 2677 569 2741 que
580 2656 672 2725 nobie
684 2663 715 2724 et
725 2655 840 2742 Regno
851 2664 960 2726 nostro
970 2657 1002 2723 in
1014 2655 1151 2723 diuersis
1162 2653 1293 2739 expedi·

164 2759 1292 2854 oionibusfidolitoretincessanterimpendorunt,vninemauposoeeaio-

164 2893 224 2940 neo
235 2881 267 2939 et
282 2879 386 2938 terrae
402 2871 529 2939 Nioolai
540 2879 572 2938 et
579 2872 714 2939 fratrum
724 2891 854 2939 auorum
863 2871 1003 2938 filiorum
1015 2868 1175 2955 Chetnok,
1191 2887 1231 2935 ao
1241 2887 1290 2935 ao·

165 2989 337 3064 gnatorum
353 2999 492 3066 suornm,
508 2979 659 3046 uidelicet
669 2980 784 3047 Elieet
799 2979 960 3065 Barnaba,
971 2985 1104 3066 propter
1117 2978 1252 3044 nooiuas
1262 2983 1295 3044 et

164 3087 358 3154 manifestae
389 3087 597 3155 infidelitates
615 3088 800 3172 eorundem,
833 3093 946 3155 eontra
971 3093 1117 3153 nostram
1143 3085 1293 3152 Maiesta-

165 3201 230 3261 tem
247 3193 362 3260 ereotis
378 3194 505 3260 vexillis
516 3193 737 3280 quampluries
748 3195 852 3262 saetas
869 3202 901 3260 et
917 3195 1099 3276 irrogatam
1117 3199 1148 3258 et
1167 3192 1293 3274 spetia-

164 3301 240 3368 liter
256 3301 334 3384 quia
349 3300 464 3368 Gomon
480 3303 605 3386 Petrus,
634 3302 733 3368 irater
763 3301 925 3369 dictorum
956 3300 1114 3388 Stephani
1144 3306 1176 3366 et
1200 3298 1295 3365 Pauli

162 3407 305 3474 fidelium
319 3415 511 3487 nostrorum,
527 3409 561 3476 in
576 3411 713 3478 seruitio
729 3413 822 3477 nobis
833 3410 1001 3495 exibendo,
1018 3429 1075 3494 per
1090 3409 1194 3475 diotoo
1204 3407 1290 3481 filios

75 3535 77 3540 ’
166 3513 314 3580 Chetnek
332 3521 382 3581 eet
397 3515 617 3604 interemptus,
626 3518 749 3584 eisdem
774 3519 938 3604 Stephano
956 3525 988 3584 et
1014 3517 1115 3585 Paulo
1148 3515 1295 3582 dedimus

165 3628 198 3687 et
214 3621 409 3690 eontulimus
425 3635 579 3710 perpetuo
595 3624 824 3710 possidendae.
840 3629 961 3692 Datum
977 3645 1077 3711 propo
1093 3623 1241 3710 Onogloi
1261 3621 1294 3687 in

169 3728 428 3799 dominioaOouli
444 3751 528 3799 anno
545 3731 675 3801 Domini
691 3735 811 3802 ΜΟΟΟο
827 3735 1047 3818 nonagesimo.

169 3945 311 4010 (Erodatie
324 3943 499 4012 bb'rhfirtytn,
512 3960 530 3995 a
542 3943 620 4000 httul
634 3949 685 4001 oda
699 3957 820 4017 nyomott
833 3948 980 4018 peceatnak
1003 3945 1133 4001 titredeko
1145 3945 1207 4014 mag
1221 3963 1294 4015 meg·

413 4051 484 4103 van3
499 4053 517 4090 a
530 4054 621 4092 nemas
635 4038 736 4108 Kallay
750 4039 843 4095 oealtd
858 4039 1068 4110 laraltartban.)

626 4329 839 4345 m*
