3146 5166
645 953 721 1024 389.

117 1130 148 1198 A
163 1134 264 1219 pydri
278 1133 507 1219 bdptutuucolc
521 1133 809 1221 otzoupscpzwete,
837 1138 922 1222 bopy
937 1161 959 1202 u
974 1137 1045 1203 Jcb
1060 1136 1246 1222 senectaeq-

117 1240 179 1304 bati
210 1241 349 1307 ucmcselc
379 1239 607 1307 drbkbirtolculc
640 1242 917 1327 elidepeua'tcsduck
946 1246 1061 1311 csetdro
1100 1244 1248 1328 Maooyoa

453 1349 629 1433 epyeaadqet
648 1349 798 1413 totototo.
817 1349 916 1414 1290.

335 1520 366 1586 A
555 1523 582 1589 B
780 1522 805 1588 G
1003 1525 1033 1588 D

230 1698 417 1784 Capitulum
433 1699 615 1770 lauriensis
630 1700 779 1768 Ecclesie
798 1699 946 1768 omnibus
963 1699 1083 1768 Christi
1098 1701 1247 1770 fidelibus

119 1812 293 1892 presentes
309 1806 435 1874 litteras
460 1807 652 1893 inspecturis
677 1810 815 1876 salutem
832 1809 866 1874 in
882 1808 1030 1874 Domino.
1055 1807 1107 1873 Ad
1122 1807 1248 1874 uniuer-

119 1933 231 1981 sorum
247 1915 399 1981 noticiam
416 1914 530 1982 harum
541 1917 626 1982 serie
636 1917 783 1982 uolumus
793 1917 976 2003 peruenire,
993 1914 1079 1998 quod
1093 1915 1248 1982 Nicolaus

118 2021 210 2087 iilius
225 2021 318 2106 Sebe,
335 2020 508 2105 Chepanus
523 2030 559 2102 et
571 2021 775 2089 Laurencins
801 2023 843 2088 dc
858 2023 971 2109 Sytlre,
991 2021 1075 2089 Sebe
1090 2022 1175 2087 filius
1191 2022 1249 2087 Zo-

119 2126 229 2212 bolch,
246 2127 336 2194 Belo
353 2136 385 2196 et
399 2129 521 2197 Paulus
537 2129 594 2214 filij
611 2129 717 2217 Pauli,
728 2129 856 2196 nobiles
867 2129 908 2195 de
923 2130 1136 2212 generacione
1151 2127 1250 2212 Jaalr,

118 2255 181 2321 pro
198 2251 234 2300 se
250 2240 283 2301 et
297 2255 356 2320 pro
377 2235 516 2302 Nicolao
526 2288 535 2324 ,
562 2235 664 2304 Paulo
674 2287 684 2322 ,
711 2236 800 2303 Beke
810 2288 820 2322 ‚
846 2236 994 2304 Dionisio
1020 2243 1053 2303 et
1068 2234 1155 2302 Zoch
1170 2234 1248 2320 filijs

116 2341 227 2428 Zoch,
243 2341 320 2408 item
351 2343 490 2408 Martino
520 2348 551 2411 et
565 2345 667 2411 Paulo
697 2343 775 2429 filijs
798 2341 946 2410 Ladizlai
963 2351 996 2410 et
1013 2363 1071 2430 pro
1088 2341 1243 2408 Lcdinlao

118 2447 190 2515 tilio
204 2448 356 2534 Dyonisij
373 2450 530 2536 proximis
546 2451 614 2518 suis
631 2453 674 2517 ab
699 2471 766 2516 una
782 2457 894 2536 parte3
927 2450 1042 2518 Comes
1059 2448 1146 2517 Jaak
1161 2449 1249 2515 iilius

120 2555 227 2641 Ebed,
244 2575 301 2640 pro
318 2576 354 2622 se
370 2562 403 2623 et
419 2577 477 2641 pro
491 2557 639 2623 Renoldo
655 2555 755 2622 fratre
765 2575 834 2645 suo,
850 2577 991 2625 necnon
1007 2578 1066 2642 pro
1082 2556 1247 2642 Stephano

117 2661 191 2729 filio
208 2681 285 2744 suo;
302 2663 379 2728 item
396 2661 562 2731 lohannes
587 2662 671 2731 tilius
687 2664 848 2748 Triuiam,
872 2665 995 2731 Komen
1011 2655 1097 2732 lilius
1113 2665 1250 2741 liemon,

118 2765 264 2834 Michacl
280 2765 366 2835 filius
383 2767 518 2854 Thomu,
535 2776 569 2836 ct
584 2768 760 2854 Gregorius
775 2769 863 2836 tilius
879 2769 1010 2838 Sandur
1024 2791 1082 2856 pro
1098 2791 1134 2836 se
1150 2775 1250 2854 etpro
1299 2765 1304 2771 “

118 2875 274 2941 Jobnnnc
288 2873 354 2940 tilio
370 2875 502 2942 Martini
518 2895 558 2942 ao
573 2877 674 2962 Myle
701 2876 768 2944 filio
782 2877 970 2962 Benedicti,
1002 2877 1128 2944 nobiles
1143 2876 1184 2942 de
1199 2895 1251 2942 ea-

118 2979 196 3045 dem
212 2981 425 3064 generatione
440 2982 526 3050 Jaalx
544 3003 584 3050 ex
599 2985 713 3071 altera,
730 2983 774 3050 ad
790 2991 936 3050 nostram
960 2985 1162 3071 presenciam
1177 3001 1251 3068 per·

118 3087 283 3155 sonaliter
297 3096 524 3174 accesserunt;
541 3097 574 3157 et
589 3089 751 3176 predictus
766 3089 922 3158 Nicolaus
938 3091 1023 3156 filius
1040 3090 1123 3156 Sebe
1139 3096 1247 3155 astan-

117 3193 211 3260 tibus
227 3194 335 3260 eidem
350 3194 486 3280 prelatis
503 3197 668 3282 Ohepano,
684 3197 872 3284 Laurencio,
885 3201 917 3262 et
933 3213 1041 3264 eorum
1059 3193 1251 3281 propinquis

118 3303 319 3386 memoratis,
336 3305 539 3389 uolentibus,
563 3304 841 3372 consencientibus
872 3311 905 3370 et
927 3304 961 3369 in
977 3301 1068 3369 nullo
1093 3299 1251 3368 contradi-

117 3407 281 3492 centibus,
296 3407 544 3494 assumpmendo
568 3413 714 3496 promisit
731 3417 764 3478 et
787 3408 1003 3494 promittendo
1019 3426 1056 3475 se
1081 3406 1252 3494 obligauit,

117 3513 210 3594 quod
226 3513 255 3578 si
280 3516 501 3598 possessiones
524 3513 758 3599 hereditarias,
774 3535 873 3581 unam
900 3513 1056 3604 videlicet
1081 3533 1179 3598 quam
1195 3511 1252 3579 ba·

119 3619 179 3684 bet
194 3619 229 3686 in
245 3621 334 3689 Jaak
360 3623 446 3708 apud
478 3623 650 3690 ecelesiam
675 3623 787 3691 Sancti
813 3622 980 3690 Michaelis
996 3621 1203 3706 Archangeli,
1220 3629 1253 3689 et

121 3725 223 3793 aliam
241 3728 423 3797 Keurnselu
443 3735 590 3798 uocatam
616 3730 802 3797 condicioni
828 3739 989 3815 exponere
1005 3730 1146 3796 uoluerit
1155 3782 1165 3817 ,
1182 3730 1252 3796 sine

120 3833 253 3920 pignori
269 3835 422 3922 obligare,
438 3859 503 3906 non
520 3838 597 3925 alijs
622 3837 685 3906 nisi
700 3837 847 3907 Renoldo
864 3843 896 3904 et
911 3836 997 3904 Jaalr
1015 3835 1196 3903 Comitibns
1213 3855 1252 3902 uo

122 3960 234 4008 eorum
251 3943 409 4027 proximis
440 3944 613 4012 antedictis
630 3945 771 4011 uendere
796 3944 916 4030 poterit
940 3963 997 4010 sen
1027 3941 1153 4027 pignori
1173 3941 1253 4010 obli·

122 4069 224 4132 gare3
241 4056 274 4116 et
289 4051 375 4133 quod
391 4051 465 4137 plus
481 4057 531 4120 est
540 4101 550 4133 ,
577 4053 604 4118 si
622 4051 726 4116 dictus
742 4051 897 4118 Nicolaus
927 4049 961 4115 in
984 4047 1134 4133 legendis
1151 4055 1184 4114 et
1200 4046 1253 4114 do·

122 4155 245 4224 nandls
262 4158 385 4226 eisdem
404 4159 666 4244 possessionibus
696 4179 755 4225 sue
786 4159 883 4225 saluti
902 4157 1041 4224 uoluerit
1075 4154 1255 4240 prouidere,

123 4263 370 4330 remanentibus
393 4264 475 4348 ipsis
491 4263 753 4348 possessionibus
778 4261 867 4349 apud
884 4261 989 4330 dictos
1014 4259 1096 4326 filios
1112 4259 1204 4325 Ebed
1221 4267 1255 4326 et

124 4369 292 4458 proximos
307 4390 428 4454 eornm,
445 4369 492 4438 cis
510 4371 689 4455 cuicunque
704 4369 757 4437 uel
774 4371 1019 4454 quibuscunque
1049 4367 1162 4433 eedem
1179 4363 1254 4434 date

125 4478 249 4545 fuerint
264 4484 296 4545 et
311 4480 449 4558 collate,
467 4477 567 4562 ijdem
591 4477 648 4561 filij
665 4475 756 4545 Ebed
788 4485 819 4544 et
836 4475 975 4563 proximi
991 4475 1041 4542 sui
1057 4471 1186 4542 soluent
1201 4493 1254 4558 pe-

128 4585 272 4674 cuniam,
289 4606 386 4673 super
401 4607 465 4673 qua
480 4606 539 4674 per
554 4587 673 4675 probos
690 4585 836 4655 homines
853 4584 973 4653 inerint
989 4581 1153 4652 extimate.
1183 4579 1255 4648 Pre-
