3080 5160
841 285 999 390 ju—

362 461 503 554 einsdem
514 485 633 553 domini
643 485 721 551 Bele
730 484 827 569 Regis
839 483 952 571 incliti,
964 484 1019 551 ani
1028 485 1130 553 nostri
1146 485 1321 570 karissimi,
1337 487 1475 554 uidimus

355 595 533 681 continere,
543 593 605 660 hoc
614 593 725 660 ordine
735 592 972 678 distinguntur:
986 587 1111 679 aparte
1126 593 1274 660 orientali
1289 601 1376 661 mete
1393 603 1472 662 uete-

362 723 413 770 res
432 708 584 786 separant
598 701 703 789 ipsam
718 723 740 768 a
755 707 842 768 terra
857 702 943 769 Ville
959 687 1111 770 Omnium
1126 702 1314 768 Sanctorum
1327 727 1335 786 ;
1353 723 1374 768 a
1390 711 1476 788 parte

364 832 440 878 uero
450 809 655 877 meridionali
666 815 698 876 et
712 808 903 876 occidentali
919 816 1006 876 tenet
1022 817 1125 876 metas
1141 830 1212 875 cum
1228 809 1321 876 terris
1331 811 1439 878 Beche
1450 820 1479 878 et

362 918 550 1003 Michaelis;
567 919 612 1000 ab,
633 917 785 1001 aquilone
801 923 909 984 autem
923 925 1012 984 tenet
1030 925 1131 984 metes
1148 938 1219 984 cnm
1250 925 1339 984 terra
1364 919 1479 986 Sancte

361 1028 689 1110 Margarete3eparte
698 1025 795 1110 igitur
804 1026 1060 1109 septemtrionali
1071 1023 1267 1093 concluditur
1276 1047 1349 1092 cnm
1361 1047 1478 1111 magua

362 1134 455 1202 silua.
473 1135 515 1199 Vt
530 1139 637 1199 autem
654 1135 811 1217 premissa
826 1133 971 1200 vendicio
986 1133 1083 1200 robur
1098 1133 1244 1218 optineat
1258 1141 1416 1218 perpetue
1431 1135 1477 1199 lir-

364 1242 497 1329 mitatis,
522 1261 581 1308 nec
596 1259 746 1326 processu
762 1247 940 1326 temporum
954 1261 1012 1327 per
1027 1241 1209 1326 quempiam
1225 1241 1335 1308 valeat
1351 1243 1474 1326 impug-

311 1380 312 1384 ¹
364 1349 447 1434 nari,
464 1349 518 1416 uel
535 1349 567 1413 in
593 1348 734 1414 recidiua
759 1347 934 1432 questionis
960 1349 1142 1432 scrupulum
1162 1347 1343 1433 peripsum
1358 1349 1478 1415 Antha-

365 1457 449 1524 leum
466 1458 519 1522 uel
543 1454 678 1522 heredes
703 1454 781 1538 ains,
806 1454 1022 1538 heredumque
1046 1475 1175 1522 suornm
1197 1475 1401 1523 successores
1426 1455 1480 1521 ali·

362 1565 501 1649 qualiter
516 1561 671 1647 reuocari,
692 1562 796 1630 eidem
814 1565 975 1648 'Magistro
995 1565 1119 1630 Jacobo
1139 1572 1170 1631 et
1189 1563 1342 1632 fratribus
1362 1564 1430 1631 suis
1445 1584 1480 1628 ac

361 1673 531 1740 heredibus
548 1667 729 1752 eorundem,
747 1677 911 1755 presentes
938 1672 1151 1740 concessimus
1176 1672 1302 1739 litteras
1318 1672 1479 1758 dupplicis

362 1779 465 1866 sigilli
481 1779 581 1845 nostri
596 1779 773 1844 munimine
797 1781 975 1847 roboratas.
998 1782 1119 1846 Datum
1135 1801 1193 1866 per
1210 1800 1326 1847 manus
1342 1780 1480 1847 Venera-

362 1887 439 1954 bilis
455 1887 516 1952 viri
531 1885 679 1970 Magistri
694 1886 851 1954 Johannis
861 1888 1019 1974 Prepesiti
1029 1887 1190 1956 Budensis
1215 1889 1362 1956 Ecclesie
1371 1885 1481 1973 illecti,

361 1997 437 2062 aule
451 2001 558 2063 nostre
573 1994 862 2080 Vise-Cancellarij
873 1997 982 2064 dilecti
998 2004 1030 2063 et
1054 1995 1158 2064 fidelis
1178 1998 1296 2080 nostri;
1314 2018 1399 2064 anno
1419 1998 1479 2061 Do-

363 2103 440 2170 mini
459 2104 508 2168 Μυ
527 2101 596 2168 00⁰
612 2101 721 2168 LXX⁰
745 2109 870 2189 octauo,
886 2112 998 2186 quarto
1015 2101 1174 2170 kalendas
1201 2103 1348 2172 Octobris
1374 2105 1477 2186 Regni

364 2217 472 2277 autem
487 2209 588 2277 nostri
604 2229 690 2276 anno
706 2209 853 2293 septimo.

362 2423 498 2494 (Eaedetie
522 2422 696 2492 bilrhtrtydm
716 2442 733 2476 a
753 2425 836 2492 fngg’c
849 2442 866 2476 a
876 2424 970 2492 pecsdt
981 2423 1156 2478 toredtlrtrel
1169 2442 1186 2476 a
1197 2423 1319 2492 Btrcaay
1332 2424 1427 2478 csaldd
1443 2427 1480 2476 le-

641 2512 808 2568 vdltirtban.
823 2515 899 2566 Ktzli
913 2513 1094 2581 Radvdnsalry
1107 2514 1192 2583 Belo.)

820 2803 1030 2816 ——-

881 3321 958 3386 270.
1055 3333 1059 3338 ’

359 3521 416 3586 IV.
442 3521 555 3586 Lcisaid
579 3523 755 3605 kirdlynolc
780 3522 868 3585 Hoat
891 3529 974 3584 nevit
990 3520 1099 3606 fdldet
1114 3525 1273 3608 tdrpyazo'
1288 3523 1491 3606 udomcirayrr

525 3629 675 3694 Demeter·
692 3653 793 3694 comcs
808 3628 967 3693 Huotook
975 3630 1028 3711 fla
1045 3633 1206 3694 accinctina..
1223 3631 1321 3694 1284.

468 3839 670 3930 (L)adizlaus
695 3846 755 3912 Dei
780 3845 890 3930 gracia
907 3843 1085 3927 Hungarie,
1102 3844 1283 3930 Dalmucie‚
1310 3845 1501 3933 Crenacie,

357 3953 466 4036 Reme,
484 3953 607 4032 Soruie,
625 3951 773 4040 Gallicis,
791 3951 989 4035 Lodomeric,
1007 3949 1167 4018 (lumenie'
1179 3952 1408 4036 Bulgarieque
1419 3957 1501 4024 Rex

361 4061 507 4126 omnibus
525 4059 641 4126 Christi
658 4060 808 4128 fidelibus
823 4080 956 4144 presens
973 4057 1126 4144 scriptum
1135 4059 1330 4142 inspecturis
1343 4062 1505 4133 salutem

359 4169 393 4234 in
409 4169 524 4234 salutis
533 4167 699 4250 largitore.
717 4167 768 4232 Ad
784 4167 1004 4232 uniuersorum
1021 4165 1176 4232 noticiam
1187 4173 1254 4231 tam
1265 4173 1505 4254 presencium,

358 4295 455 4358 quarn
480 4277 660 4341 futurorum
688 4282 797 4339 tenore
814 4275 1016 4358 presencium
1032 4273 1181 4340 uolumus
1196 4276 1380 4366 peruenire,
1405 4281 1507 4363 quod

360 4383 519 4450 accedens
534 4382 577 4448 ad
593 4390 735 4449 nostram
753 4383 954 4467 presenciam
965 4380 1080 4448 Comes
1090 4383 1275 4449 Demetrius
1290 4383 1385 4450 filius
1402 4386 1505 4455 Hunc

360 4490 464 4556 fidelis
488 4499 597 4556 noster
623 4489 785 4574 quandem
811 4498 928 4556 terram
955 4491 1060 4556 Castri
1076 4491 1178 4556 nostri
1194 4491 1382 4559 Hnntensis
1406 4495 1509 4566 Hunt

362 4605 517 4684 uocatam,
543 4619 636 4684 snper
659 4617 724 4683 qua
748 4603 808 4666 sub
849 4597 1071 4665 iurisdicoione
1096 4598 1201 4668 Oastri
1220 4599 1359 4684 predicti
1381 4609 1511 4698 populi
