3146 5166
866 316 1026 414 jai-2-

386 509 557 578 Oanonicie
583 508 818 595 existentibus,
841 508 1024 592 ibidemque
1040 511 1110 578 Dec
1140 508 1372 576 famulantibus
1389 509 1489 593 iugiter

386 625 417 683 et
433 619 556 684 deuote.

385 813 420 878 (A
432 810 510 864 riori
522 809 714 879 liptalnnnalr
728 813 806 862 rent.
823 812 955 874 ,secundo
978 811 1023 862 die
1035 813 1119 864 Beate
1132 807 1295 864 Elisabeth'‘
1318 812 1418 864 Robert
1445 813 1490 865 ul-

385 899 647 968 rolylrirlly.132‘l.
664 904 707 965 ,in
721 901 889 966 Wyssegraul
902 902 930 950 in
943 897 1013 952 sesto
1026 901 1106 953 Beati
1124 903 1237 952 Martini
1263 898 1432 954 confessoris·
1445 905 1492 952 lrelt

385 991 520 1042 kercstettl
531 987 697 1056 parancslra
710 989 858 1058 ,Magister
870 989 974 1040 Paulus
996 989 1207 1042 Archidisconns
1231 991 1356 1042 Dioccsis
1368 992 1492 1044 wachien·

386 1081 422 1131 ris
431 1097 439 1144 2
452 1082 519 1130 item
538 1076 678 1145 Georgius,
701 1079 792 1129 Bekus
806 1083 834 1128 et
852 1076 1010 1130 Dominicus
1035 1077 1083 1143 filij
1098 1079 1235 1130 Johannis
1260 1079 1358 1130 iratres
1371 1082 1491 1140 eiusdem,

386 1169 451 1218 item
464 1167 590 1230 Thomas,
603 1165 743 1228 Nicolans,
756 1165 860 1216 Paulus
882 1171 909 1216 et
920 1165 1060 1217 Johsnnae
1072 1165 1122 1230 filij
1136 1166 1280 1218 Currendi*
1294 1164 1434 1231 heresem
1445 1187 1494 1220 -s

385 1271 417 1306 as
429 1259 488 1322 egri
497 1253 684 1322 klptalannalr
699 1253 778 1310 1444.
792 1255 927 1324 ,necundo
943 1255 987 1306 die
1009 1253 1073 1308 festi
1086 1257 1274 1307 Pentecostcs“
1291 1257 1419 1324 „Alaxius
1431 1259 1491 1308 filius

385 1345 527 1396 Benedicti
539 1345 573 1396 de
595 1344 781 1410 Asywpatalr‘
793 1340 922 1396 kertscre
935 1345 1043 1396 lriatlott
1055 1341 1214 1396 ultirataibol
1226 1363 1232 1408 5
1255 1346 1403 1397 mindlrstttt
1427 1349 1491 1397 abn-

717 1434 764 1484 rlai
778 1433 828 1483 lrir.
843 1434 967 1485 kamarei
981 1429 1176 1500 lereltlrban.)

845 1705 950 1714 --η-
960 1707 1052 1716 --n--n-

907 2213 985 2281 392.

363 2407 418 2474 ,Α
449 2409 661 2494 napyecradi
694 2409 924 2494 kdptclocoolr
948 2409 1224 2498 etzonyseptwele,
1250 2416 1335 2500 kopp
1360 2413 1500 2480 Natraut

386 2513 490 2582 Junci
506 2520 540 2584 e·
555 2517 700 2584 caretro·
715 2515 783 2581 Belo
797 2517 985 2583 birtolcelect
1010 2519 1142 2604 Mitety
1158 2525 1315 2588 romanet
1346 2522 1431 2588 ΠΜ
1447 2521 1501 2604 fit·

776 2625 843 2690 nole
857 2625 999 2693 eladtctlc
1015 2627 1115 2694 1290.

648 2799 677 2866 A
936 2804 964 2869 B
1222 2805 1248 2872 O

495 2975 681 3062 Capitulum
696 2977 843 3045 Ecclesie
858 2977 1083 3048 waradiensis
1099 2981 1247 3048 omnibus
1264 2979 1386 3048 Christi
1401 2981 1500 3047 'fluet-

389 3085 447 3151 bue
463 3102 596 3170 presens
613 3084 770 3180 scripturn
785 3083 975 3171 inspecturis
987 3086 1125 3154 salntem
1136 3087 1170 3153 in
1181 3085 1323 3153 omnium
1333 3089 1497 3155 saluatorc

389 3191 439 3259 Nc
453 3190 606 3258 memorie
620 3189 787 3260 iniurietur
803 3193 934 3276 obliuio,
951 3203 984 3260 et
1001 3199 1161 3262 uetustate
1182 3195 1336 3281 temporis
1343 3215 1405 3276 ,ree
1421 3195 1500 3260 clara

387 3299 591 3384 presentibus
606 3299 742 3369 obscura
756 3299 908 3369 reddatur
924 3301 1057 3388 futuris,
1068 3302 1202 3386 dignum
1217 3311 1276 3390 est,
1287 3311 1323 3369 ut
1339 3323 1402 3386 que
1412 3322 1502 3387 agun-

389 3411 441 3472 tur
454 3405 490 3471 in
503 3411 656 3492 tempore,
669 3408 846 3492 patrocinio
856 3411 1037 3476 litterarum
1047 3409 1233 3476 fulciantur.
1243 3409 1385 3476 Proinde
1394 3410 1438 3477 ad
1447 3409 1504 3473 rni-

388 3529 553 3579 uerscrum
569 3513 723 3580 noticiam
734 3521 800 3581 tam
810 3514 1015 3601 presencium
1032 3535 1129 3598 quarn
1145 3515 1323 3583 futurorum
1336 3517 1453 3584 harum
1467 3533 1505 3580 sc·

194 3707 201 3716 ¹
310 3695 313 3702 ¹
389 3616 594 3686 rieuolumus
608 3619 788 3703 peruenire,
805 3619 891 3706 quod
906 3621 1412 3708 lohannesfiliuslohanniefilij
1424 3624 1503 3706 Aper

390 3724 432 3791 de
446 3722 582 3792 Nabrad
596 3746 654 3811 pro
671 3746 707 3795 se
724 3734 757 3794 et
772 3728 929 3796 fratribus
945 3705 1022 3815 suis,
1039 3729 1187 3815 Nycolao
1216 3729 1346 3798 scilicet
1361 3735 1394 3795 et
1410 3733 1505 3812 Petro,

389 3850 498 3898 coram
513 3833 606 3900 nobis
631 3833 847 3920 personaliter
870 3837 1088 3923 competendo
1112 3837 1189 3904 viua
1214 3856 1296 3904 uoce
1322 3843 1506 3923 spontanee·

388 3959 451 4025 que
468 3939 636 4008 uoluntate
651 3949 700 4009 est
709 3941 874 4010 confessus
883 3968 891 4010 :
900 3945 1064 4029 quandam
1075 3952 1194 4011 terram
1203 3965 1262 4011 een
1274 3944 1503 4030 possessionen

391 4067 501 4115 corum
515 4067 650 4116 vacuam
666 4049 737 4115 Bek
761 4057 910 4117 vocatam
925 4051 959 4117 in
987 4048 1149 4118 (tomitem
1176 4051 1224 4117 ‹le
1247 4051 1404 4118 Zothmar
1427 4053 1507 4117 iuxta

389 4155 523 4223 fluuium
538 4156 654 4224 Zomus
671 4157 704 4224 in
719 4157 887 4226 vicinitate
912 4166 1070 4226 terrarum
1096 4157 1232 4226 Comitis
1259 4157 1432 4225 Michaelis
1456 4156 1505 4238 filij

363 4319 365 4326 Α
390 4263 488 4331 Wbul
504 4269 537 4330 et
553 4263 690 4330 filiorum
714 4285 844 4332 sucrum
875 4273 907 4332 ct
931 4287 997 4334 rna
1020 4273 1123 4352 parte,
1140 4273 1173 4332 et
1205 4267 1325 4332 Azarie
1356 4265 1509 4332 etaltera

394 4369 599 4457 existentem,
617 4390 690 4437 oum
707 4371 854 4440 omnibus
877 4373 944 4440 suis
960 4373 1154 4440 utilitatibus
1170 4379 1203 4439 et
1217 4371 1440 4458 pertinenciis,
1456 4372 1508 4435 sub

391 4475 488 4543 certis
504 4477 598 4545 metis
614 4483 648 4544 et
663 4477 816 4566 antiquis,
833 4479 960 4567 prefato
977 4479 1093 4548 (tomiti
1108 4480 1262 4550 lliohaeli
1277 4479 1343 4547 lilio
1359 4480 1462 4548 anl
1484 4485 1511 4543 ct

391 4577 469 4665 filus
486 4581 563 4667 suis,
580 4583 746 4669 Magistris
762 4586 886 4654 scilicet
901 4587 1076 4675 Stephano,
1092 4587 1204 4675 Paulo,
1220 4585 1375 4654 Ladinlao
1400 4595 1436 4652 et
1451 4587 1509 4672 lly-
