3138 5164
554 1073 559 1084 Ι
647 970 727 1038 332.

118 1189 211 1252 Trea
228 1191 325 1252 odron
340 1184 633 1274 aopytandcadoak
648 1187 856 1252 huldrozotui
880 1211 901 1250 a
927 1189 1052 1276 kizaeqi
1075 1191 1246 1276 kormouy-

438 1343 439 1347 ,
485 1299 540 1358 zos
556 1293 745 1379 tdrqyrihaor.
768 1295 865 1361 1287.

225 1491 319 1556 Anno
335 1487 677 1557 M⁰GO⁰LXXX⁰VII⁰
698 1488 754 1555 die
769 1489 874 1556 XXV.
900 1491 1029 1580 Maroij,
1046 1491 1199 1560 Generali
1216 1497 1249 1560 et

116 1597 236 1664 Maiori
253 1595 399 1664 Consilio
425 1594 577 1662 Ciuitatis
592 1595 818 1680 merguriensis
828 1649 839 1684 ,
866 1597 1020 1666 mandato
1038 1597 1174 1685 predicti
1192 1598 1248 1666 do·

117 1703 199 1769 mini
215 1700 386 1786 capitanei
404 1704 437 1769 in
468 1701 599 1789 palacio
616 1701 697 1768 dicti
721 1701 919 1790 Communis,
948 1725 1027 1772 sono
1042 1725 1202 1795 campane
1217 1713 1250 1773 et
1339 1717 1341 1722 '

118 1831 199 1880 uoce
216 1809 364 1898 preconis
380 1830 470 1877 more
485 1809 583 1877 solito
598 1818 814 1896 congregata
840 1811 1007 1897 predictus
1023 1811 1172 1880 dominus
1189 1811 1247 1881 Ca·

115 1920 270 2006 pitaneus
302 1918 482 2004 proposuit,
513 1925 544 1984 et
562 1915 733 1986 consilium
750 1917 811 1984 sibi
838 1918 909 1985 dari
935 1919 1055 2006 pecijt:
1073 1920 1248 2005 quodcum

116 2027 331 2096 deliberatum
345 2025 454 2113 luerit,
471 2023 559 2110 quod
575 2024 696 2093 eleccio
712 2026 789 2092 noui
805 2024 984 2110 Regiminis
1000 2026 1160 2095 laceretur
1171 2047 1247 2114 que·

115 2135 203 2218 liter,
221 2140 254 2200 et
269 2132 430 2217 quomodo
455 2133 499 2199 sit
522 2133 611 2202 dicta
643 2134 765 2200 eleccio
795 2132 948 2201 iacienda
979 2135 1149 2204 consilium
1165 2136 1249 2222 petit

116 2241 273 2309 exhiberi.
289 2241 328 2307 In
344 2241 581 2308 reformacione
596 2239 688 2308 euius
705 2235 832 2326 consilij
862 2240 984 2326 placuit
1007 2244 1066 2310 toti
1092 2242 1247 2324 Consilio,

115 2350 207 2416 lacto
222 2349 343 2432 partito
359 2368 417 2435 per
432 2347 611 2434 predictum
645 2346 809 2416 (lominum
826 2347 1037 2434 (lapitaneum
1053 2349 1094 2417 de
1109 2349 1249 2418 leuando

116 2456 163 2524 ad
177 2455 354 2524 sedendum
371 2455 506 2541 placuit,
523 2454 609 2541 quod
624 2454 683 2521 fiat
693 2453 814 2522 eleccio
832 2455 873 2522 de
883 2454 1068 2523 hominibus
1082 2458 1123 2524 de
1139 2457 1248 2525 Firmo

115 2562 280 2648 usquead
298 2562 440 2648 quinque
456 2562 563 2630 eundo
579 2559 622 2628 de
638 2563 742 2647 primo
767 2561 810 2630 ad
828 2561 1006 2644 secundum
1023 2563 1183 2648 usquead
1202 2567 1250 2634 vl·

116 2672 252 2758 timum;
269 2678 301 2739 et
317 2672 345 2740 si
361 2691 474 2739 omncs
490 2669 586 2738 electi
610 2671 843 2757 recusauerint,
860 2671 916 2739 ille
932 2671 989 2756 qui
1004 2673 1109 2740 iturus
1127 2680 1175 2740 est
1190 2695 1250 2760 pro

118 2779 211 2846 (licta
226 2779 423 2864 ambariate,
435 2777 663 2846 faeiatnonam
674 2778 869 2847 eleccionem
889 2799 960 2846 cum
976 2781 1112 2849 consilio
1128 2781 1249 2848 domini

118 2887 277 2972 Palmerij
289 2885 330 2954 de
339 2888 440 2954 Falco
457 2906 527 2953 eum
544 2886 667 2953 salario
683 2893 911 2954 sexcentarum
928 2887 1086 2956 librarum
1104 2909 1250 2957 cumvno

118 2995 220 3081 socio,
238 3017 302 3064 vno
319 2995 458 3083 notario,
476 3001 595 3064 etcum
620 2996 681 3062 illa
696 2995 824 3064 familia
855 2997 898 3064 ad
928 2998 1127 3066 voluntalem
1143 2997 1249 3084 ipsine

117 3102 312 3190 Potestatis;
332 3111 365 3172 et
381 3102 467 3190 quod
491 3125 584 3172 snum
601 3109 727 3190 tempus
752 3103 890 3190 incipiet
914 3124 954 3174 ea
970 3103 1032 3191 die,
1050 3125 1114 3190 qua
1131 3105 1173 3172 de
1188 3125 1249 3173 euo

117 3211 228 3280 officio
244 3211 425 3298 prostiterit
438 3218 687 3281 sacramentnm.

229 3321 309 3386 Item
328 3319 460 3405 placuit,
478 3319 566 3404 quod
583 3317 777 3405 impetretur
791 3320 950 3388 securitas
968 3341 1026 3406 pro
1041 3321 1206 3390 Potestate
1218 3326 1251 3386 et

116 3426 249 3494 familia
264 3447 324 3494 sua
339 3446 361 3492 a
377 3425 508 3495 domino
525 3427 649 3496 Gemite
665 3426 706 3496 ‹le
731 3427 949 3499 Dalmissanis
972 3465 1006 3476 -·
1027 3466 1065 3476 -
1087 3465 1126 3474 -
1149 3465 1185 3476 —
1206 3464 1250 3477 -

118 3535 243 3603 electus
264 3533 401 3601 nuncius
417 3533 577 3604 Siluester
590 3533 758 3622 llingacij.

228 3641 331 3710 Elocti
348 3649 423 3710 sunt
440 3662 500 3726 per
516 3641 695 3710 Consilium
714 3642 755 3709 de
769 3643 895 3711 Firmo:
913 3641 1064 3711 dominus
1081 3639 1250 3711 Johannes

119 3749 163 3815 da
177 3745 404 3834 Cauendenis3
422 3741 576 3817 dominus
609 3747 797 3834 Raynaldus
823 3745 977 3836 Georgij3
1002 3747 1150 3815 dominus
1166 3749 1250 3833 Ray·

120 3854 239 3923 naldus
262 3854 451 3942 Paradelsi;
484 3853 635 3924 dominus
659 3857 774 3926 Petrus
802 3855 918 3926 Jacobi
950 3855 1071 3941 llarei;
1102 3853 1252 3924 dominns

120 3963 314 4030 lransiseus
330 3962 446 4048 Suppi.
1113 3973 1116 3982 ¹

227 4067 310 4135 Item
325 4069 447 4155 partito
463 4070 550 4138 facto
571 4090 667 4158 super
683 4072 873 4139 ambaxiata
903 4075 1045 4141 retracta
1059 4069 1093 4136 in
1109 4069 1253 4155 presenti

120 4175 267 4244 Consilio
283 4197 342 4263 per
367 4175 521 4244 Joardum
547 4183 697 4264 exparte
722 4177 845 4246 domini
862 4177 1013 4262 Comitis,
1032 4177 1088 4262 qui
1103 4175 1252 4264 retraxit,

120 4291 154 4352 et
170 4283 273 4352 dixit:
308 4283 395 4368 quod
411 4286 488 4369 quia
509 4285 658 4354 dominus
689 4285 872 4372 Episcopus
897 4285 1018 4353 dicitur
1031 4285 1118 4352 velle
1134 4285 1184 4351 ire
1208 4280 1253 4350 ad

120 4390 254 4458 Curiam
270 4391 451 4459 Romanam
476 4399 591 4461 contra
606 4390 854 4475 Sibenicensee‚
881 4391 953 4477 ipse
969 4389 1118 4458 dominus
1135 4389 1252 4458 (lomes

121 4497 245 4566 remisit
261 4516 387 4583 pacem,
406 4503 438 4565 et
459 4499 661 4568 Comitatum
686 4520 742 4568 seu
768 4499 911 4566 officium
935 4497 1088 4581 Comitis5
1115 4503 1148 4562 et
1165 4495 1254 4579 quod

121 4597 239 4674 deinde
256 4623 321 4672 non
337 4603 482 4675 habeant
497 4605 531 4674 in
542 4627 614 4675 eum
625 4627 726 4694 spem,
742 4605 840 4675 immo
856 4604 1042 4675 custodiant
1061 4623 1105 4673 se.
1122 4602 1253 4676 Placuit
