3118 5158
550 259 674 327 *87

89 457 239 542 seruicijs
266 454 441 538 meritorijs
468 454 621 521 collatam
648 453 779 520 nomine
804 459 888 518 terre
905 451 976 518 sine
990 451 1109 518 herede
1126 451 1217 519 dece·

91 565 208 648 dentis,
233 563 275 629 de
292 583 358 648 qua
374 562 502 646 quidem
529 571 618 628 terra
634 581 670 630 se
685 562 755 628 iore
771 561 902 628 dicebat
917 559 1114 645 prohibitum
1130 558 1219 624 faeta

93 670 354 739 reambulacione
369 689 428 756 per
441 669 529 737 viros
546 669 741 764 antedictos,
761 669 915 751 infigura
927 667 1042 752 judicij
1062 666 1219 760 uoluisset

95 799 188 865 agere
212 797 322 845 corani
348 777 462 861 nobis;
487 777 655 862 predictus
674 777 832 861 Magister
847 773 942 842 Gean
967 775 1073 859 ipsam
1100 781 1220 840 terram

96 887 130 953 de
145 884 281 973 prefato
290 885 448 968 Magistro
469 882 649 970 Othmaryo
673 903 782 950 coram
799 881 973 950 Cruciferis
989 881 1030 948 de
1047 881 1133 947 Alba
1147 900 1217 966 pre·

94 1000 180 1062 sente
195 993 302 1060 Albeo
318 999 456 1074 cognato
481 991 625 1058 eiusdem
642 989 791 1074 Magistri
807 989 966 1074 Otbmarij
989 987 1073 1056 dixit
1089 1007 1126 1054 se
1141 1007 1218 1072 qua·

96 1109 162 1168 tuor
177 1121 362 1167 marcarum
388 1101 496 1183 precio
524 1119 741 1184 comparasse,
769 1119 899 1165 causam
915 1118 1012 1183 super
1032 1090 1105 1182 ipsa
1120 1103 1217 1181 terra,

95 1210 174 1275 inter
199 1209 307 1293 ipsum
334 1209 377 1274 ab
402 1227 468 1274 una
491 1216 605 1293 parto,
635 1207 721 1274 Pons
747 1214 780 1272 et
795 1207 933 1272 Albeum
959 1225 1000 1271 ex
1024 1205 1130 1270 altera
1146 1222 1218 1269 esse

95 1315 276 1383 suscitatam
304 1314 494 1381 asserendo.
519 1313 644 1390 Quibus
666 1313 786 1381 auditis
811 1313 958 1399 parcium
983 1311 1217 1396 proposicioni-

22 1453 25 1460 ·
95 1426 149 1489 bus
168 1423 336 1488 decretum
357 1421 467 1506 itaque
494 1441 552 1506 per
568 1441 627 1488 nos
644 1421 805 1507 extiterat,
834 1427 870 1486 ut
885 1440 987 1486 causa
1011 1420 1094 1486 inter
1110 1419 1217 1504 ipsum

98 1530 282 1615 Magistrum
314 1527 407 1594 Gean
439 1532 471 1592 et
509 1526 598 1592 uiros
629 1526 778 1612 prefatos
808 1526 900 1611 prius
930 1525 1060 1590 incoata
1091 1523 1217 1590 decide·

97 1645 178 1704 retur
203 1637 284 1702 iuris
310 1633 423 1700 ordine
447 1635 638 1720 obseruate,
668 1641 701 1700 et
724 1634 798 1719 ipsa
822 1653 923 1700 eausa
947 1631 1059 1698 decisa
1083 1630 1218 1696 utrilibet
1325 1673 1328 1680 -

96 1745 234 1829 parcium
258 1742 409 1828 predicta
433 1749 521 1809 terra
545 1741 637 1807 fieret
662 1741 816 1808 deuoluta
827 1792 837 1826 ,
861 1741 948 1808 idem
970 1740 1128 1824 Magister
1142 1737 1216 1803 Ala·

97 1849 202 1914 durius
228 1869 329 1934 agere
356 1849 489 1916 deberet
514 1831 628 1914 contra
652 1847 755 1914 illam.
780 1851 917 1914 Demum
943 1867 1014 1913 oum
1029 1847 1102 1932 ipsa
1117 1865 1217 1912 causa

95 1957 216 2024 diucius
233 1977 343 2022 coram
369 1955 463 2022 nobis
479 1953 593 2024 fuisset
612 1957 773 2022 uentilata
783 2008 792 2042 ‚
815 1957 945 2022 tandem
971 1953 1049 2038 quia
1068 1974 1128 2020 nec
1148 1973 1217 2038 pre·

96 2065 173 2131 cium
189 2065 295 2150 ipsius
322 2071 407 2130 terre
423 2063 528 2129 dictus
545 2063 699 2146 Magister
716 2061 826 2148 Gean,
853 2083 915 2146 quo
935 2062 1099 2147 aprefato
1115 2060 1217 2142 Magi·

95 2178 156 2239 stro
171 2171 339 2238 Othmario
365 2176 586 2256 comparatam
612 2191 684 2238 esse
710 2169 855 2255 dicebat,
881 2171 942 2255 ipsi
965 2169 1121 2252 Magistro
1139 2165 1215 2233 Oth-

97 2279 192 2344 mario
208 2278 359 2364 plenarie
381 2279 595 2363 persoluerat‚
624 2297 684 2344 neo
705 2277 807 2342 eciam
827 2276 927 2360 ijdem
944 2275 1029 2340 Pons
1045 2281 1076 2339 et
1093 2274 1215 2338 Albeus

95 2387 222 2452 racione
247 2385 427 2451 uicinitatis
452 2385 558 2472 ipsum
575 2385 765 2468 Magistrum
783 2383 875 2450 Gean
901 2381 945 2448 ad
970 2383 1074 2465 ipsam
1095 2389 1214 2448 terram

95 2493 211 2561 intrare
246 2492 492 2580 permittebant,
526 2513 587 2558 nec
611 2499 682 2558 erut
707 2491 903 2559 conueniens
928 2497 1042 2556 contra
1067 2487 1212 2573 ipsorum

93 2599 344 2685 prohibicionem
369 2607 489 2666 terram
505 2599 703 2666 antedictam
729 2598 837 2684 precio
852 2617 1041 2682 comparare
1058 2597 1216 2680 Magistro

93 2707 183 2774 Gean
207 2713 406 2772 memorato:
431 2706 542 2774 multis
567 2707 741 2773 Nobilibus
768 2704 872 2788 Regni
902 2723 967 2771 una
990 2704 1158 2770 nobiscum
1182 2703 1216 2768 in

93 2811 216 2881 Jndicio
230 2813 418 2881 sedentibus
434 2813 661 2895 intelleximus,
678 2812 763 2896 quod
781 2811 868 2878 idom
878 2813 965 2877 Pons
982 2811 1046 2895 ipsi
1058 2810 1215 2894 Magistro

93 2921 185 2988 Gean
201 2921 388 2989 refunderet
404 2921 487 2987 duas
503 2939 648 3001 marcas,
676 2939 756 3003 quas
776 2919 880 2987 dictus
895 2920 1049 3002 Magister
1065 2917 1156 2982 Gran
1173 2915 1216 2982 ad

93 3029 394 3115 precium-predicte
411 3035 498 3094 terre
519 3026 665 3094 soluerat
679 3028 837 3110 Magistro
855 3025 1021 3094 Othmario
1039 3023 1214 3110 antedicto,

94 3136 178 3202 sicut
191 3137 286 3203 nobis
302 3135 448 3202 constitit
472 3135 504 3200 in
521 3134 638 3201 litteris
655 3134 894 3201 Crueiferorum
916 3134 957 3200 de
973 3133 1059 3198 Alba
1074 3153 1132 3216 per
1147 3133 1214 3197 Ma·

93 3245 226 3326 gistrum
253 3243 347 3309 (iream
373 3242 522 3327 exibitis;
555 3241 700 3327 predicto
725 3241 838 3327 Albeo,
863 3239 940 3324 quia
965 3241 1037 3324 ipso
1065 3245 1214 3324 presente

92 3360 122 3414 et
138 3371 202 3416 uon
227 3351 472 3418 contradicente
497 3350 645 3437 predicta
670 3357 757 3417 terra
781 3349 843 3414 fnit
858 3345 1057 3434 neuundatu,
1083 3349 1166 3412 siout
1182 3346 1213 3412 iu

91 3457 210 3524 litteris
234 3460 453 3544 predictorum
479 3459 712 3526 Cruciie'romm
739 3457 972 3541 comperimus,
1007 3475 1103 3542 super
1127 3455 1215 3522 sacto

92 3565 195 3650 ipsius
219 3575 303 3633 terre
328 3575 520 3653 perpetuum
544 3568 714 3633 silencium
741 3565 940 3651 inponenda
964 3565 1005 3630 Et
1029 3587 1101 3632 oum
1127 3563 1214 3629 idem

90 3675 178 3740 Pous
201 3694 308 3740 coram
334 3674 429 3738 nobis
463 3673 540 3741 illas
565 3673 647 3740 duas
675 3693 800 3740 marcas
825 3672 1037 3758 persoluisset
1061 3671 1215 3756 Magistro

90 3781 183 3848 Gean
200 3783 384 3866 antedicto,
409 3789 441 3848 et
465 3782 537 3866 ipsa
553 3789 640 3847 terra
660 3783 702 3848 ad
720 3783 826 3867 ipsum
841 3781 927 3847 Pons
944 3781 1032 3846 facta
1048 3777 1215 3844 solucione
1309 3805 1314 3816 ·

90 3889 205 3957 fnisset
230 3889 405 3974 deuoluta;
429 3887 573 3974 prelatus
599 3889 757 3972 Magister
781 3887 969 3970 Aladarins,
996 3887 1078 3952 sicut
1102 3883 1215 3968 premi-

89 3997 210 4083 simus,
245 4005 361 4062 contra
386 3997 492 4080 ipsum
517 3997 604 4061 Pous
628 4014 726 4080 super
749 3993 836 4060 facto
872 3991 1014 4058 eiusdem
1040 3997 1123 4057 terre
1148 3991 1216 4074 egit

88 4125 199 4170 coram
226 4103 330 4188 nobis,
350 4111 381 4170 et
406 4104 510 4169 dictus
537 4103 621 4168 Pous
648 4103 771 4168 nullam
799 4099 990 4182 euidentcm,
1014 4105 1121 4184 preter
1146 4097 1216 4179 boe,

87 4213 178 4295 qnod
194 4213 301 4297 ipsam
317 4218 436 4276 terram
463 4209 547 4274 dixit
563 4210 666 4276 fuisse
682 4209 792 4274 arrncli
809 4206 922 4274 matris
940 4227 1007 4292 sue,
1025 4229 1042 4273 e
1059 4225 1224 4279 conuerso¹

88 4319 198 4405 potuit
221 4317 414 4404 pretendere
438 4317 613 4384 racionem.
637 4319 756 4384 Verum
781 4316 858 4400 quia
874 4316 977 4400 ligia
995 4314 1132 4381 donacio
1157 4315 1217 4382 tali
1248 4363 1252 4368 -

85 4427 212 4510 exigna
236 4427 366 4492 racione
392 4425 602 4510 pretendente
628 4446 692 4491 non
718 4425 857 4492 debebat
882 4423 1047 4505 reuocari3
1074 4423 1215 4488 decreui-

84 4555 168 4619 mus,
201 4533 285 4618 quod
308 4531 456 4618 prefatus
471 4531 627 4618 Magister
651 4531 829 4599 Aladarius
855 4532 946 4617 ipsas
973 4531 1053 4598 duras
1079 4551 1214 4610 marcas,
