3146 5166
4 481 10 506 '
102 473 282 588 ms
306 502 381 570 filiis
414 501 559 572 eiusdem
589 501 802 570 contulimus:
826 503 980 573 fidelitati
1006 511 1115 574 vestre
1140 505 1242 592 preci-

115 612 223 694 pimus
239 617 272 679 et
288 609 490 698 mandamus,
506 616 668 696 quatenus
684 617 826 692 restrum
844 609 927 680 detis
944 612 1175 702 testimoninm,
1190 635 1240 682 co·

114 740 184 785 ram
200 739 263 802 quo
280 715 363 784 Jnrk
379 717 468 783 filius
491 715 567 784 Jule
593 716 688 784 homo
720 724 828 785 nostm
862 719 1043 786 roambulet
1073 720 1240 806 predictas

111 827 338 910 possessiones
354 823 470 892 ricinis
495 831 528 891 et
553 826 786 892 commetaneis
811 826 1036 913 presentibus,
1061 834 1093 893 et
1117 834 1241 894 statuat

112 933 216 1000 eidem
235 933 353 999 comiti
369 930 519 999 Michaeli
536 938 568 998 et
583 931 660 1018 filijs
688 931 755 999 suis
781 931 991 1018 supradictis,
1008 935 1037 1001 si
1053 954 1117 1000 non
1142 933 1240 1001 fuerit

94 1033 365 1123 'contradictum
382 1038 637 1107 contradictores
656 1039 862 1106 nihilominus
878 1039 922 1106 od
947 1045 1087 1109 nostram
1104 1042 1238 1107 Prosen-

108 1149 194 1215 ciam
210 1146 254 1213 ad
270 1145 441 1215 terminum
457 1151 693 1231 competentem
710 1147 863 1230 euocatis,
890 1152 922 1212 et
937 1154 1011 1232 post
1036 1146 1095 1214 hec
1120 1147 1236 1214 seriem

108 1258 213 1324 tocius
230 1254 308 1322 facti
323 1255 418 1322 nobis
434 1253 630 1322 rescribatis.
650 1255 769 1321 Datum
800 1253 892 1320 Bude
909 1253 991 1321 seria
1021 1263 1136 1338 quarta
1166 1276 1237 1341 pro-

109 1365 200 1430 xima
215 1370 291 1450 post
305 1362 425 1430 testum
441 1363 533 1430 Beati
550 1361 666 1432 Jacobi
681 1361 840 1448 Apostoli.

106 1579 249 1644 (Eredeiic
262 1574 441 1644 bh'rhdrtydn,
455 1595 472 1630 ι
486 1575 625 1646 ntrpecsdt
638 1573 1037 1644 clvarzetr;snemer1(tllay
1050 1577 1142 1632 csaldd
1155 1578 1237 1632 lorei-

606 1666 742 1734 tdrdbanj

628 2685 706 2754 413.

100 2887 124 2950 I
133 2885 166 2950 V.
188 2885 305 2950 La'oclo'
323 2885 436 2971 kirctly
450 2885 777 2972 odmmcatesotpctdd
794 2885 924 2972 Mibdty
941 2907 1039 2952 comes
1048 2885 1116 2970 fici
1124 2887 1237 2952 Isinda

101 3018 118 3058 a
138 2996 202 3061 Pcl
216 2994 422 3060 nuester'ekuclc
437 3017 514 3059 acon
530 2994 647 3080 lrajdc'k
661 2998 823 3078 scorrer-a,
841 2995 963 3079 metyek
979 2993 1236 3084 odrdkfelepc'td·

206 3103 272 3167 se'rc
288 3127 309 3168 c
326 3101 499 3169 Sccmoson
515 3103 628 3188 c'pc'teai
643 3113 786 3190 ooyapot
802 3102 932 3170 oiszuelr.
951 3079 1002 3166 ab
1017 3102 1134 3168 cucur.

209 3315 385 3383 hadizlaus
408 3314 473 3382 Dei
488 3314 602 3400 gracia
618 3316 689 3384 Rex
705 3315 873 3400 Hungaric
890 3314 1043 3382 fidelibus
1069 3312 1137 3381 suis
1164 3311 1230 3380 vni-

98 3425 206 3492 uersis
238 3423 417 3508 tributarijs
447 3442 506 3507 per
535 3423 656 3491 Zomus
686 3421 881 3507 constitutis,
904 3443 944 3490 ac
976 3420 1158 3508 hospitibus
1189 3416 1230 3486 de

96 3532 254 3599 Zothmar
269 3537 301 3596 et
317 3531 357 3596 de
373 3529 524 3616 Nempty,
541 3549 682 3598 necnon
698 3531 879 3614 tributariJs
895 3530 929 3597 in
948 3528 1072 3598 eisdem
1088 3527 1228 3597 eristen·

96 3640 199 3724 tibus,
215 3657 256 3704 ae
272 3638 373 3704 eciam
405 3636 482 3722 alijs
512 3636 693 3722 tributarijs
723 3637 764 3704 de
790 3637 945 3704 Zothmar
963 3643 995 3704 et
1026 3634 1067 3701 dc
1098 3633 1231 3719 Nempti

97 3747 252 3830 usquein
278 3746 486 3835 Zomusnygh
511 3745 730 3814 residentibus
754 3745 943 3812 salutemet
967 3743 1122 3828 graciam.
1150 3744 1230 3810 Cum

96 3876 158 3922 nos
174 3853 345 3922 uniuersas
361 3875 463 3922 naues
495 3853 631 3922 Comitis
662 3853 853 3938 Mychaelis,
878 3852 1037 3939 Stephani
1068 3857 1101 3916 et
1133 3849 1229 3917 Pauli

93 3963 237 4029 filiorum
254 3961 398 4030 ciusdem
422 3961 565 4029 fidolium
590 3967 782 4046 nostrornm,
806 3961 935 4048 lapides
960 3966 1017 4027 aut
1044 3959 1228 4024 cementum

95 4093 156 4158 per
185 4069 321 4138 fluuium
335 4069 454 4137 Zomus
470 4067 657 4135 differentes
673 4089 731 4154 pro
748 4064 1097 4136 construccionecastri
1110 4083 1230 4132 eorun-

97 4181 181 4266 dem,
198 4179 240 4246 ah
257 4177 344 4243 omni
361 4174 493 4262 tributo,
510 4193 573 4259 que
588 4176 622 4242 in
638 4175 756 4244 Zomus
772 4175 859 4260 exigi
885 4177 1131 4256 consueuerunt,
1158 4169 1231 4236 red·

97 4287 277 4354 diderimns
302 4283 491 4370 expeditos:
522 4283 693 4369 volumus,
719 4291 752 4352 et
777 4282 935 4352 fidelitati
960 4289 1070 4351 nostre
1097 4277 1231 4345 firmiter

96 4395 295 4482 precipimus
312 4399 344 4459 et
362 4389 520 4478 districte,
536 4398 697 4476 qnatenus
722 4392 863 4480 receptis
890 4391 1095 4478 presentibus
1120 4385 1230 4454 nullus

95 4508 241 4569 uestrum
255 4497 412 4566 tributum
427 4515 527 4581 super
542 4497 633 4582 ipsas
648 4517 750 4564 naues
768 4497 900 4582 exigere
925 4497 1046 4564 audeat
1072 4493 1125 4561 nei
1149 4511 1222 4578 pro·

95 4617 215 4678 sumat.
232 4605 385 4690 Alioquin
401 4605 581 4690 quicunque
598 4626 640 4674 ex
656 4605 748 4676 nobis
763 4613 908 4678 nostrum
925 4604 1112 4674 mandatum
1123 4609 1228 4668 trans·

140 4741 246 4781 soson.
264 4741 346 4780 nuso.
362 4739 434 4782 arar.
455 4749 498 4763 -
514 4739 587 4777 nrrn.
604 4729 642 4782 ¹7.
1022 4711 1066 4784 36
