3124 5158
822 307 983 414 Α
1076 249 1079 254 ,

346 503 460 573 Oomes
485 503 661 574 Nicholans
685 505 772 574 filins
794 507 928 576 Comitis
943 508 1095 578 Nicholai
1111 511 1238 597 nepotis
1253 507 1343 576 Vech
1360 527 1400 574 ex
1415 507 1456 574 al·

345 619 423 698 tera,
449 613 493 680 ad
516 619 657 680 nostram
684 615 885 699 presenciam
909 619 1124 702 personaliter
1147 619 1352 702 accedentes,
1370 635 1460 699 super

346 717 472 786 duabus
487 720 745 806 possessionibus
762 723 831 790 suis
846 723 939 790 terris
949 724 1102 790 Mnnuros
1118 731 1151 791 et
1165 723 1313 792 hlunkad
1328 723 1458 810 vocatis,

348 847 443 913 super
460 829 577 912 quibus
587 831 835 917 contendebant,
848 851 909 914 que
922 831 1037 897 Oomiti
1047 831 1220 899 Benedicto
1231 851 1289 919 per
1299 831 1459 899 dominam

345 934 481 1002 Mariam
508 933 665 1022 qnondam
691 939 851 1005 illustrem
879 939 1021 1022 Vngaric
1046 940 1202 1024 Reginam
1233 961 1292 1026 pro
1324 939 1461 1006 diuersis

346 1041 558 1112 fidelitatibus
574 1051 606 1110 et
622 1045 772 1130 seruicijs
789 1045 905 1131 prelati
932 1047 1053 1114 domini
1069 1047 1223 1132 Episcopi
1239 1047 1351 1114 fratris
1367 1047 1418 1114 sni
1432 1055 1461 1112 et

347 1151 414 1220 suis
438 1153 577 1238 proprijs
602 1151 720 1220 collate
744 1155 884 1237 fuerant,
902 1175 1035 1238 quarum
1051 1155 1155 1222 eciam
1171 1157 1310 1223 collacio
1326 1164 1460 1242 postmo-

347 1258 423 1328 dum
438 1279 496 1344 per
513 1260 676 1328 dominnm
692 1268 836 1330 nostrum
860 1263 1048 1330 hadizlaum
1064 1285 1149 1330 nunc
1163 1263 1310 1330 inclitum
1326 1265 1461 1349 Vngarie

345 1370 476 1454 Regem,
488 1375 520 1438 et
530 1367 692 1436 dominam
703 1371 880 1436 isabellam
890 1371 1045 1454 Reginam
1056 1379 1235 1440 consortem
1250 1393 1345 1440 snam
1355 1372 1457 1440 extitit

346 1479 544 1566 confirmata,
556 1487 649 1563 prout
669 1479 701 1543 in
712 1477 833 1546 eisdem
844 1477 964 1546 domini
974 1481 1072 1565 Regis
1089 1489 1120 1548 et
1136 1483 1334 1565 Reginorum
1343 1479 1462 1568 predio·

346 1593 451 1651 tarum
468 1585 652 1672 priuilegiJs
662 1604 720 1670 per
735 1586 889 1654 Comitem
906 1586 1112 1655 Benedictum
1127 1587 1221 1656 nobis
1237 1588 1370 1655 exibitis
1385 1586 1460 1654 ridi·

347 1712 420 1758 mus
431 1693 586 1760 contineri
599 1721 606 1778 ;
620 1715 701 1779 quas
713 1695 813 1761 eciam
824 1703 923 1764 terras
934 1695 1078 1782 prelatus
1090 1697 1203 1765 Comes
1213 1696 1391 1764 Nicholans
1401 1716 1455 1781 per

347 1800 484 1868 eundem
518 1800 682 1872 dominnm
707 1808 851 1871 nostrum
878 1805 1066 1872 Ladizlaum
1091 1807 1212 1891 Regem
1237 1804 1302 1872 sibi
1328 1803 1459 1870 collatas

348 1926 432 1997 esse,
459 1917 492 1976 et
516 1930 612 1998 super
638 1911 698 1978 boc
723 1910 866 1980 eiusdem
891 1913 1098 1998 priuilegium
1123 1933 1158 1980 se
1182 1912 1304 1980 habere
1320 1911 1462 2002 dicebat3

348 2017 455 2085 taliter
482 2019 565 2088 inter
591 2039 627 2086 sc
652 2019 896 2106 concordarunt,
922 2019 1009 2106 qnod
1027 2021 1141 2088 Comes
1157 2019 1354 2087 Benedictus
1370 2023 1463 2086 cessit

348 2135 379 2192 et
404 2130 609 2196 renuncianit
633 2130 719 2196 omni
744 2131 793 2196 liti
811 2138 843 2197 et
858 2130 993 2217 actioni,
1025 2150 1087 2214 que
1103 2149 1202 2216 snper
1218 2130 1325 2196 altera
1341 2127 1461 2214 predic

348 2241 451 2302 tarum
475 2241 633 2304 terramm
657 2240 810 2304 Munuros
833 2247 959 2321 uocata,
971 2238 1035 2305 sibi
1051 2248 1234 2323 competere
1248 2238 1419 2324 potuisset,
1433 2243 1462 2303 et

348 2343 453 2428 ipsam
479 2349 596 2412 terram
621 2347 776 2414 Munnros
801 2347 999 2414 nominatam
1015 2366 1087 2412 cnm
1104 2347 1253 2414 omnibus
1271 2348 1463 2414 utilitatibus

350 2457 383 2517 et
405 2453 613 2540 pertinenoijs
639 2453 715 2540 suis,
742 2461 774 2521 et
797 2454 856 2521 sub
882 2454 1004 2523 eisdem
1020 2456 1114 2522 metis
1130 2462 1162 2520 et
1177 2454 1334 2540 terminis,
1351 2454 1463 2540 quibus

349 2560 421 2644 ipse
436 2579 508 2627 eam
525 2563 626 2629 tenuit
642 2571 673 2629 et
688 2562 842 2650 possedit,
860 2561 987 2649 prefato
1003 2563 1104 2629 Paulo
1119 2562 1187 2629 filio
1204 2583 1262 2630 sno
1276 2569 1424 2648 presente
1435 2567 1466 2626 et

350 2669 576 2739 consenciente
601 2671 732 2754 reliquit
754 2679 786 2737 et
801 2670 949 2738 uendidit
966 2669 1109 2755 predicto
1126 2669 1243 2737 comiti
1260 2669 1420 2737 Nicholao
1436 2675 1464 2736 et

349 2775 451 2862 ipsius
475 2776 649 2846 heredibus
674 2779 891 2865 heredumque
912 2800 1043 2846 snorum
1059 2779 1302 2846 successoribus
1317 2799 1377 2864 pro
1392 2797 1462 2860 qua·

350 2885 490 2969 traginta
512 2886 630 2954 marcis
649 2886 681 2953 in
698 2893 890 2972 perpetuum
906 2886 1042 2974 pacifice
1057 2885 1298 2974 possidendam,
1316 2891 1348 2954 et
1363 2885 1463 2972 ipsam

351 3013 531 3082 sumpmam
555 2995 691 3081 pecunie
715 2995 815 3080 ijdem
841 2995 955 3064 Comes
980 2993 1172 3062 Benedictus
1199 3000 1232 3060 et
1245 2995 1370 3061 Paulus
1383 2993 1465 3059 filius

350 3102 477 3170 eiusab
493 3101 605 3169 eodem
621 3101 780 3168 Nicholao
804 3101 928 3170 Comite
944 3104 977 3168 in
993 3111 1125 3190 argento
1142 3109 1176 3170 et
1191 3099 1337 3184 denariis
1353 3119 1390 3166 se
1404 3101 1467 3186 ple·

350 3212 441 3277 narie
457 3211 621 3296 recepisse
638 3217 829 3298 asserentes,
841 3211 1057 3297 promiserunt
1068 3215 1350 3295 etessumpserunt
1361 3227 1464 3276 coram

351 3321 454 3407 nobis,
481 3319 569 3403 quod
595 3319 623 3385 si
641 3318 755 3396 Comes
770 3318 947 3387 Nicholans
963 3320 1017 3386 nel
1033 3321 1084 3388 sui
1101 3319 1234 3386 heredes
1252 3317 1381 3384 racione
1397 3335 1467 3400 pre·

352 3427 437 3494 dicte
453 3433 538 3494 terre
548 3428 701 3495 hiunoros
717 3448 775 3514 per
791 3427 949 3495 Barrones
965 3435 1022 3494 aut
1037 3427 1164 3510 aliquos
1180 3427 1263 3493 alios
1280 3426 1467 3510 impeteren-

351 3543 402 3602 tur
429 3537 483 3602 vel
499 3536 771 3622 perturbarentur,
801 3542 917 3602 extunc
935 3533 1050 3602 Comes
1066 3534 1261 3601 Benedictus
1277 3541 1310 3598 et
1325 3533 1394 3599 eins
1409 3531 1467 3616 filij

351 3641 495 3729 predicta
511 3643 694 3730 priuilegia,
711 3663 846 3728 quornm
862 3644 1051 3711 auctoritate
1068 3645 1172 3729 ipsam
1188 3650 1308 3708 terram
1324 3640 1468 3728 posside·

351 3755 440 3840 bant,
458 3772 519 3838 que
535 3771 636 3837 penes
652 3769 688 3817 se
703 3759 918 3840 reseruarunt,
934 3770 973 3818 ea
990 3751 1030 3816 de
1046 3770 1154 3836 cansa,
1172 3749 1258 3836 quod
1274 3750 1386 3815 titulus
1401 3747 1472 3815 siue

354 3861 486 3928 collacio
511 3859 646 3927 alterins
671 3865 755 3926 terre
780 3863 921 3944 ipsorum
949 3861 1087 3926 babetur
1108 3859 1141 3924 in
1158 3857 1288 3941 eisdem,
1304 3857 1424 3924 debent
1439 3858 1476 3922 in

353 3967 574 4036 defensionem
605 3972 637 4034 et
666 3965 908 4052 expedicionem
942 3965 1075 4034 Comitis
1105 3964 1258 4032 Nicholai
1283 3970 1316 4031 et
1341 3983 1472 4031 suornm

351 4075 507 4145 heredum
532 4094 639 4142 coram
666 4071 794 4142 donrino
809 4075 897 4159 Rege
916 4074 969 4140 uel
985 4073 1118 4140 domina
1132 4073 1268 4158 Regina,
1286 4077 1344 4138 aut
1360 4091 1474 4139 eornm

351 4184 520 4254 Judicibns
547 4181 706 4268 exbibete,
731 4190 762 4248 et
788 4183 816 4250 si
840 4181 974 4248 forsitan
1001 4179 1150 4249 dominus
1177 4181 1245 4247 Rex
1269 4179 1324 4247 nel
1340 4177 1475 4246 domina

352 4295 457 4380 ipsam
496 4299 612 4358 terram
647 4289 799 4357 Mnnoros
826 4289 940 4357 Comiti
965 4289 1101 4356 Nicolao
1129 4290 1181 4356 uel
1206 4287 1272 4356 suis
1297 4286 1473 4354 heredibus

351 4401 476 4470 anferre
499 4406 738 4486 attemptarent,
765 4400 881 4466 Comes
905 4399 1100 4466 Benedictus
1125 4403 1156 4463 et
1182 4397 1252 4466 eius
1276 4395 1334 4481 filij
1352 4393 1473 4463 debent

351 4512 454 4578 eciam
479 4507 592 4576 eadem
617 4507 791 4591 priuilegia
815 4506 849 4572 in
876 4526 983 4572 eornm
1011 4506 1168 4573 auxilinm
1193 4509 1224 4570 et
1249 4501 1471 4572 defensionem

261 4603 269 4626 '
353 4615 481 4682 domino
497 4615 579 4698 Regi
600 4619 634 4680 et
650 4613 779 4681 domine
794 4615 918 4699 Regine
935 4614 1081 4700 exibere,
1102 4615 1161 4682 sed
1178 4634 1233 4682 eos
1249 4618 1359 4682 contra
1375 4613 1479 4679 Maie-
