<?xml version="1.0" encoding="UTF-8"?>
<!DOCTYPE html PUBLIC "-//W3C//DTD XHTML 1.0 Transitional//EN"
    "http://www.w3.org/TR/xhtml1/DTD/xhtml1-transitional.dtd">
<html xmlns="http://www.w3.org/1999/xhtml" xml:lang="en" lang="en">
 <head>
  <title>
</title>
<meta http-equiv="Content-Type" content="text/html;charset=utf-8" />
  <meta name='ocr-system' content='tesseract 3.04.00' />
  <meta name='ocr-capabilities' content='ocr_page ocr_carea ocr_par ocr_line ocrx_word'/>
</head>
<body>
  <div class='ocr_page' id='page_1' title='image "./codexdiplomatic12wenzgoog_0135.png"; bbox 0 0 3118 5158; ppageno 0'>
   <div class='ocr_carea' id='block_1_1' title="bbox 586 327 748 428">
    <p class='ocr_par' dir='ltr' id='par_1_1' title="bbox 586 327 748 428">
     <span class='ocr_line' id='line_1_1' title="bbox 586 327 748 428; baseline 0 -38"><span class='ocrx_word' id='word_1_1' title='bbox 586 327 748 428; x_wconf 60' lang='lat' dir='ltr'><strong>-BB-</strong></span> 
     </span>
    </p>
   </div>
   <div class='ocr_carea' id='block_1_2' title="bbox 105 521 1232 1040">
    <p class='ocr_par' dir='ltr' id='par_1_2' title="bbox 105 521 1232 1040">
     <span class='ocr_line' id='line_1_2' title="bbox 107 521 1232 609; baseline 0.001 -18"><span class='ocrx_word' id='word_1_2' title='bbox 107 533 135 592; x_wconf 91' lang='lat' dir='ltr'><strong>ct</strong></span> <span class='ocrx_word' id='word_1_3' title='bbox 149 527 250 591; x_wconf 89' lang='lat' dir='ltr'><strong>Detre</strong></span> <span class='ocrx_word' id='word_1_4' title='bbox 277 545 335 609; x_wconf 91' lang='lat' dir='ltr'><strong>pro</strong></span> <span class='ocrx_word' id='word_1_5' title='bbox 351 521 455 590; x_wconf 84' lang='lat' dir='ltr'><strong>tribus</strong></span> <span class='ocrx_word' id='word_1_6' title='bbox 471 521 590 591; x_wconf 85' lang='lat' dir='ltr'><strong>marcis</strong></span> <span class='ocrx_word' id='word_1_7' title='bbox 605 523 687 590; x_wconf 86' lang='lat' dir='ltr'><strong>finiti</strong></span> <span class='ocrx_word' id='word_1_8' title='bbox 708 523 835 608; x_wconf 78' lang='lat' dir='ltr'><strong>argenti</strong></span> <span class='ocrx_word' id='word_1_9' title='bbox 851 522 914 591; x_wconf 93' lang='lat' dir='ltr'><strong>sibi</strong></span> <span class='ocrx_word' id='word_1_10' title='bbox 931 524 963 590; x_wconf 93' lang='lat' dir='ltr'><strong>in</strong></span> <span class='ocrx_word' id='word_1_11' title='bbox 980 522 1062 592; x_wconf 84' lang='lat' dir='ltr'><strong>sesto</strong></span> <span class='ocrx_word' id='word_1_12' title='bbox 1080 523 1232 592; x_wconf 84' lang='lat' dir='ltr'><strong>Omnium</strong></span> 
     </span>
     <span class='ocr_line' id='line_1_3' title="bbox 106 629 1231 717; baseline 0.003 -20"><span class='ocrx_word' id='word_1_13' title='bbox 106 633 292 700; x_wconf 87' lang='lat' dir='ltr'><strong>Sanctorum</strong></span> <span class='ocrx_word' id='word_1_14' title='bbox 324 632 496 698; x_wconf 74' lang='lat' dir='ltr'><strong>annuatim</strong></span> <span class='ocrx_word' id='word_1_15' title='bbox 528 629 774 717; x_wconf 84' lang='lat' dir='ltr'><strong>persoluendis;</strong></span> <span class='ocrx_word' id='word_1_16' title='bbox 808 632 856 698; x_wconf 87' lang='lat' dir='ltr'><strong>ita</strong></span> <span class='ocrx_word' id='word_1_17' title='bbox 887 631 974 716; x_wconf 89' lang='lat' dir='ltr'><strong>quod</strong></span> <span class='ocrx_word' id='word_1_18' title='bbox 1008 633 1036 700; x_wconf 93' lang='lat' dir='ltr'><strong>si</strong></span> <span class='ocrx_word' id='word_1_19' title='bbox 1060 633 1231 700; x_wconf 90' lang='lat' dir='ltr'><strong>terminum</strong></span> 
     </span>
     <span class='ocr_line' id='line_1_4' title="bbox 106 739 1230 826; baseline 0.001 -20"><span class='ocrx_word' id='word_1_20' title='bbox 106 743 204 825; x_wconf 88' lang='lat' dir='ltr'><strong>ipsum</strong></span> <span class='ocrx_word' id='word_1_21' title='bbox 225 739 430 824; x_wconf 71' lang='lat' dir='ltr'><strong>omitterent,</strong></span> <span class='ocrx_word' id='word_1_22' title='bbox 454 746 571 806; x_wconf 86' lang='lat' dir='ltr'><strong>extunc</strong></span> <span class='ocrx_word' id='word_1_23' title='bbox 595 739 796 806; x_wconf 85' lang='lat' dir='ltr'><strong>incurrerent</strong></span> <span class='ocrx_word' id='word_1_24' title='bbox 820 739 969 808; x_wconf 91' lang='lat' dir='ltr'><strong>similiter</strong></span> <span class='ocrx_word' id='word_1_25' title='bbox 993 741 1085 826; x_wconf 88' lang='lat' dir='ltr'><strong>dupli</strong></span> <span class='ocrx_word' id='word_1_26' title='bbox 1112 761 1230 826; x_wconf 88' lang='lat' dir='ltr'><strong>penam</strong></span> 
     </span>
     <span class='ocr_line' id='line_1_5' title="bbox 105 844 1232 933; baseline 0.001 -21"><span class='ocrx_word' id='word_1_27' title='bbox 105 854 134 912; x_wconf 89' lang='lat' dir='ltr'><strong>et</strong></span> <span class='ocrx_word' id='word_1_28' title='bbox 146 847 380 914; x_wconf 67' lang='lat' dir='ltr'><strong>nichilominus</strong></span> <span class='ocrx_word' id='word_1_29' title='bbox 396 844 551 914; x_wconf 88' lang='lat' dir='ltr'><strong>caderent</strong></span> <span class='ocrx_word' id='word_1_30' title='bbox 568 867 590 913; x_wconf 92' lang='lat' dir='ltr'><strong>a</strong></span> <span class='ocrx_word' id='word_1_31' title='bbox 606 847 773 916; x_wconf 75' lang='lat' dir='ltr'><strong>locucione</strong></span> <span class='ocrx_word' id='word_1_32' title='bbox 788 851 874 914; x_wconf 90' lang='lat' dir='ltr'><strong>terre</strong></span> <span class='ocrx_word' id='word_1_33' title='bbox 889 847 1087 933; x_wconf 80' lang='lat' dir='ltr'><strong>supradicte.</strong></span> <span class='ocrx_word' id='word_1_34' title='bbox 1110 851 1232 916; x_wconf 88' lang='lat' dir='ltr'><strong>Datum</strong></span> 
     </span>
     <span class='ocr_line' id='line_1_6' title="bbox 105 953 1228 1040; baseline 0.004 -22"><span class='ocrx_word' id='word_1_35' title='bbox 105 953 134 1019; x_wconf 91' lang='lat' dir='ltr'><strong>irr</strong></span> <span class='ocrx_word' id='word_1_36' title='bbox 149 961 268 1022; x_wconf 87' lang='lat' dir='ltr'><strong>octaua</strong></span> <span class='ocrx_word' id='word_1_37' title='bbox 293 954 407 1022; x_wconf 83' lang='lat' dir='ltr'><strong>Sancti</strong></span> <span class='ocrx_word' id='word_1_38' title='bbox 423 953 593 1023; x_wconf 77' lang='lat' dir='ltr'><strong>Michaelis</strong></span> <span class='ocrx_word' id='word_1_39' title='bbox 618 975 703 1022; x_wconf 90' lang='lat' dir='ltr'><strong>anno</strong></span> <span class='ocrx_word' id='word_1_40' title='bbox 719 954 850 1022; x_wconf 85' lang='lat' dir='ltr'><strong>Domini</strong></span> <span class='ocrx_word' id='word_1_41' title='bbox 867 956 1085 1022; x_wconf 81' lang='lat' dir='ltr'><strong>M⁰OO⁰LXX⁰</strong></span> <span class='ocrx_word' id='word_1_42' title='bbox 1101 965 1228 1040; x_wconf 87' lang='lat' dir='ltr'><strong>quarto.</strong></span> 
     </span>
    </p>
   </div>
   <div class='ocr_carea' id='block_1_3' title="bbox 185 1113 1141 1186">
    <p class='ocr_par' dir='ltr' id='par_1_3' title="bbox 185 1113 1141 1186">
     <span class='ocr_line' id='line_1_7' title="bbox 185 1113 1141 1186; baseline 0.001 -17"><span class='ocrx_word' id='word_1_43' title='bbox 185 1117 235 1183; x_wconf 77' lang='lat' dir='ltr'><strong>(ba</strong></span> <span class='ocrx_word' id='word_1_44' title='bbox 250 1117 352 1170; x_wconf 86' lang='lat' dir='ltr'><strong>eredeti</strong></span> <span class='ocrx_word' id='word_1_45' title='bbox 366 1113 434 1168; x_wconf 69' lang='lat' dir='ltr'><strong>utin</strong></span> <span class='ocrx_word' id='word_1_46' title='bbox 447 1119 544 1168; x_wconf 82' lang='lat' dir='ltr'><strong>Knaua</strong></span> <span class='ocrx_word' id='word_1_47' title='bbox 558 1114 681 1180; x_wconf 70' lang='lat' dir='ltr'><strong>andor,</strong></span> <span class='ocrx_word' id='word_1_48' title='bbox 694 1119 807 1184; x_wconf 76' lang='lat' dir='ltr'><strong>Magyar</strong></span> <span class='ocrx_word' id='word_1_49' title='bbox 819 1117 885 1171; x_wconf 83' lang='lat' dir='ltr'><strong>Sion</strong></span> <span class='ocrx_word' id='word_1_50' title='bbox 897 1118 950 1172; x_wconf 90' lang='lat'>111.</span> <span class='ocrx_word' id='word_1_51' title='bbox 963 1119 1020 1173; x_wconf 74' lang='lat' dir='ltr'><strong>not.</strong></span> <span class='ocrx_word' id='word_1_52' title='bbox 1033 1120 1096 1172; x_wconf 73' lang='lat'><strong>226.</strong></span> <span class='ocrx_word' id='word_1_53' title='bbox 1109 1119 1141 1186; x_wconf 91' lang='lat' dir='ltr'><strong>l.)</strong></span> 
     </span>
    </p>
   </div>
   <div class='ocr_carea' id='block_1_4' title="bbox 641 1527 696 1595">
    <p class='ocr_par' dir='ltr' id='par_1_4' title="bbox 641 1527 696 1595">
     <span class='ocr_line' id='line_1_8' title="bbox 641 1527 696 1595; baseline -0.018 0"><span class='ocrx_word' id='word_1_54' title='bbox 641 1527 696 1595; x_wconf 77' lang='lat'><strong>55.</strong></span> 
     </span>
    </p>
   </div>
   <div class='ocr_carea' id='block_1_5' title="bbox 101 1723 1235 2028">
    <p class='ocr_par' dir='ltr' id='par_1_5' title="bbox 101 1723 1235 2028">
     <span class='ocr_line' id='line_1_9' title="bbox 103 1723 1234 1814; baseline 0.003 -24"><span class='ocrx_word' id='word_1_55' title='bbox 103 1723 250 1790; x_wconf 70' lang='lat' dir='ltr'><strong>Alcaei</strong></span> <span class='ocrx_word' id='word_1_56' title='bbox 275 1725 497 1811; x_wconf 80' lang='lat' dir='ltr'><strong>kriptolannalc</strong></span> <span class='ocrx_word' id='word_1_57' title='bbox 522 1725 797 1812; x_wconf 59' lang='lat' dir='ltr'><strong>tizoopaapteoeta</strong></span> <span class='ocrx_word' id='word_1_58' title='bbox 822 1727 904 1812; x_wconf 74' lang='lat' dir='ltr'><strong>bopp</strong></span> <span class='ocrx_word' id='word_1_59' title='bbox 920 1725 1012 1811; x_wconf 84' lang='lat' dir='ltr'><strong>Moyo</strong></span> <span class='ocrx_word' id='word_1_60' title='bbox 1038 1751 1059 1791; x_wconf 92' lang='lat' dir='ltr'><strong>o</strong></span> <span class='ocrx_word' id='word_1_61' title='bbox 1074 1729 1234 1814; x_wconf 75' lang='lat' dir='ltr'><strong>kirdlyoe&#39;-</strong></span> 
     </span>
     <span class='ocr_line' id='line_1_10' title="bbox 101 1831 1235 1922; baseline 0.003 -24"><span class='ocrx_word' id='word_1_62' title='bbox 101 1833 424 1898; x_wconf 67' lang='lat' dir='ltr'><strong>contaminatore</strong></span> <span class='ocrx_word' id='word_1_63' title='bbox 440 1831 552 1900; x_wconf 78' lang='lat' dir='ltr'><strong>Choba</strong></span> <span class='ocrx_word' id='word_1_64' title='bbox 558 1833 653 1918; x_wconf 81' lang='lat' dir='ltr'><strong>salat</strong></span> <span class='ocrx_word' id='word_1_65' title='bbox 678 1836 709 1898; x_wconf 68' lang='lat' dir='ltr'><strong>aa</strong></span> <span class='ocrx_word' id='word_1_66' title='bbox 724 1855 783 1918; x_wconf 75' lang='lat' dir='ltr'><strong>epp</strong></span> <span class='ocrx_word' id='word_1_67' title='bbox 797 1833 978 1919; x_wconf 75' lang='lat' dir='ltr'><strong>robozolpcit</strong></span> <span class='ocrx_word' id='word_1_68' title='bbox 1005 1859 1026 1899; x_wconf 86' lang='lat' dir='ltr'><strong>a</strong></span> <span class='ocrx_word' id='word_1_69' title='bbox 1042 1837 1235 1922; x_wconf 74' lang='lat' dir='ltr'><strong>oyuilrzipcti</strong></span> 
     </span>
     <span class='ocr_line' id='line_1_11' title="bbox 335 1941 1006 2028; baseline 0.003 -24"><span class='ocrx_word' id='word_1_70' title='bbox 335 1942 627 2027; x_wconf 75' lang='lat' dir='ltr'><strong>apciczazrirddoak</strong></span> <span class='ocrx_word' id='word_1_71' title='bbox 642 1941 884 2028; x_wconf 71' lang='lat' dir='ltr'><strong>adornanyoato.</strong></span> <span class='ocrx_word' id='word_1_72' title='bbox 910 1946 1006 2009; x_wconf 75' lang='lat'><em>1274.</em></span> 
     </span>
    </p>
   </div>
   <div class='ocr_carea' id='block_1_6' title="bbox 97 2134 1332 4683">
    <p class='ocr_par' dir='ltr' id='par_1_6' title="bbox 97 2134 1332 4556">
     <span class='ocr_line' id='line_1_12' title="bbox 212 2134 1234 2224; baseline 0.003 -22"><span class='ocrx_word' id='word_1_73' title='bbox 212 2135 372 2202; x_wconf 85' lang='lat' dir='ltr'><strong>Omnibus</strong></span> <span class='ocrx_word' id='word_1_74' title='bbox 387 2134 507 2202; x_wconf 77' lang='lat' dir='ltr'><strong>Christi</strong></span> <span class='ocrx_word' id='word_1_75' title='bbox 533 2135 684 2204; x_wconf 82' lang='lat' dir='ltr'><strong>fidelibus</strong></span> <span class='ocrx_word' id='word_1_76' title='bbox 702 2155 838 2222; x_wconf 90' lang='lat' dir='ltr'><strong>presens</strong></span> <span class='ocrx_word' id='word_1_77' title='bbox 858 2139 1014 2224; x_wconf 87' lang='lat' dir='ltr'><strong>scriptum</strong></span> <span class='ocrx_word' id='word_1_78' title='bbox 1036 2137 1234 2221; x_wconf 89' lang='lat' dir='ltr'><strong>inspecturis</strong></span> 
     </span>
     <span class='ocr_line' id='line_1_13' title="bbox 103 2243 1234 2332; baseline -0.004 -20"><span class='ocrx_word' id='word_1_79' title='bbox 103 2245 290 2332; x_wconf 80' lang='lat' dir='ltr'><strong>Capitulum</strong></span> <span class='ocrx_word' id='word_1_80' title='bbox 315 2243 475 2312; x_wconf 86' lang='lat' dir='ltr'><strong>Budensis</strong></span> <span class='ocrx_word' id='word_1_81' title='bbox 502 2245 650 2313; x_wconf 81' lang='lat' dir='ltr'><strong>Ecclesia</strong></span> <span class='ocrx_word' id='word_1_82' title='bbox 676 2245 817 2311; x_wconf 86' lang='lat' dir='ltr'><strong>salutem</strong></span> <span class='ocrx_word' id='word_1_83' title='bbox 842 2245 876 2310; x_wconf 93' lang='lat' dir='ltr'><strong>in</strong></span> <span class='ocrx_word' id='word_1_84' title='bbox 902 2247 1042 2312; x_wconf 90' lang='lat' dir='ltr'><strong>Domino</strong></span> <span class='ocrx_word' id='word_1_85' title='bbox 1068 2245 1234 2330; x_wconf 87' lang='lat' dir='ltr'><strong>sempiter-</strong></span> 
     </span>
     <span class='ocr_line' id='line_1_14' title="bbox 102 2348 1235 2437; baseline -0.004 -19"><span class='ocrx_word' id='word_1_86' title='bbox 102 2373 191 2418; x_wconf 87' lang='lat' dir='ltr'><strong>nam.</strong></span> <span class='ocrx_word' id='word_1_87' title='bbox 225 2348 278 2414; x_wconf 74' lang='lat' dir='ltr'><strong>Ab</strong></span> <span class='ocrx_word' id='word_1_88' title='bbox 303 2351 526 2418; x_wconf 86' lang='lat' dir='ltr'><strong>uniuersorum</strong></span> <span class='ocrx_word' id='word_1_89' title='bbox 551 2351 706 2419; x_wconf 76' lang='lat' dir='ltr'><strong>noticiam</strong></span> <span class='ocrx_word' id='word_1_90' title='bbox 732 2357 843 2419; x_wconf 92' lang='lat' dir='ltr'><strong>tenore</strong></span> <span class='ocrx_word' id='word_1_91' title='bbox 859 2351 1060 2437; x_wconf 90' lang='lat' dir='ltr'><strong>presencium</strong></span> <span class='ocrx_word' id='word_1_92' title='bbox 1086 2351 1235 2418; x_wconf 89' lang='lat' dir='ltr'><strong>uolumus</strong></span> 
     </span>
     <span class='ocr_line' id='line_1_15' title="bbox 102 2455 1235 2544; baseline -0.001 -21"><span class='ocrx_word' id='word_1_93' title='bbox 102 2456 287 2544; x_wconf 87' lang='lat' dir='ltr'><strong>peruenire,</strong></span> <span class='ocrx_word' id='word_1_94' title='bbox 303 2457 390 2540; x_wconf 86' lang='lat' dir='ltr'><strong>quod</strong></span> <span class='ocrx_word' id='word_1_95' title='bbox 406 2458 456 2524; x_wconf 88' lang='lat' dir='ltr'><strong>vir</strong></span> <span class='ocrx_word' id='word_1_96' title='bbox 471 2457 593 2524; x_wconf 89' lang='lat' dir='ltr'><strong>nobilis</strong></span> <span class='ocrx_word' id='word_1_97' title='bbox 608 2459 702 2542; x_wconf 84' lang='lat' dir='ltr'><strong>Moys</strong></span> <span class='ocrx_word' id='word_1_98' title='bbox 719 2457 873 2543; x_wconf 84' lang='lat' dir='ltr'><strong>Magister</strong></span> <span class='ocrx_word' id='word_1_99' title='bbox 891 2457 1166 2524; x_wconf 83' lang='lat' dir='ltr'><strong>&#39;Phanarnicorum</strong></span> <span class='ocrx_word' id='word_1_100' title='bbox 1184 2455 1235 2522; x_wconf 89' lang='lat' dir='ltr'><strong>In·</strong></span> 
     </span>
     <span class='ocr_line' id='line_1_16' title="bbox 104 2563 1234 2649; baseline -0.001 -18"><span class='ocrx_word' id='word_1_101' title='bbox 104 2566 186 2632; x_wconf 86' lang='lat' dir='ltr'><strong>clite</strong></span> <span class='ocrx_word' id='word_1_102' title='bbox 209 2565 332 2647; x_wconf 80' lang='lat' dir='ltr'><strong>Regino</strong></span> <span class='ocrx_word' id='word_1_103' title='bbox 348 2563 527 2648; x_wconf 83' lang='lat' dir='ltr'><strong>Hungarie,</strong></span> <span class='ocrx_word' id='word_1_104' title='bbox 553 2564 667 2630; x_wconf 79' lang='lat' dir='ltr'><strong>Comes</strong></span> <span class='ocrx_word' id='word_1_105' title='bbox 692 2564 733 2632; x_wconf 93' lang='lat' dir='ltr'><strong>dc</strong></span> <span class='ocrx_word' id='word_1_106' title='bbox 749 2563 882 2649; x_wconf 88' lang='lat' dir='ltr'><strong>Soepus,</strong></span> <span class='ocrx_word' id='word_1_107' title='bbox 899 2565 933 2630; x_wconf 91' lang='lat' dir='ltr'><strong>in</strong></span> <span class='ocrx_word' id='word_1_108' title='bbox 950 2569 1063 2631; x_wconf 91' lang='lat' dir='ltr'><strong>nostra</strong></span> <span class='ocrx_word' id='word_1_109' title='bbox 1078 2583 1234 2648; x_wconf 90' lang='lat' dir='ltr'><strong>persona·</strong></span> 
     </span>
     <span class='ocr_line' id='line_1_17' title="bbox 104 2669 1235 2755; baseline 0 -19"><span class='ocrx_word' id='word_1_110' title='bbox 104 2673 180 2737; x_wconf 85' lang='lat' dir='ltr'><strong>liter</strong></span> <span class='ocrx_word' id='word_1_111' title='bbox 196 2671 388 2738; x_wconf 80' lang='lat' dir='ltr'><strong>constitutus</strong></span> <span class='ocrx_word' id='word_1_112' title='bbox 414 2670 592 2755; x_wconf 86' lang='lat' dir='ltr'><strong>presencia,</strong></span> <span class='ocrx_word' id='word_1_113' title='bbox 617 2670 784 2754; x_wconf 86' lang='lat' dir='ltr'><strong>quandam</strong></span> <span class='ocrx_word' id='word_1_114' title='bbox 809 2671 924 2737; x_wconf 90' lang='lat' dir='ltr'><strong>uillam</strong></span> <span class='ocrx_word' id='word_1_115' title='bbox 944 2691 1037 2738; x_wconf 87' lang='lat' dir='ltr'><strong>suam</strong></span> <span class='ocrx_word' id='word_1_116' title='bbox 1055 2669 1168 2738; x_wconf 79' lang='lat' dir='ltr'><strong>Choba</strong></span> <span class='ocrx_word' id='word_1_117' title='bbox 1182 2691 1235 2736; x_wconf 86' lang='lat' dir='ltr'><strong>vo-</strong></span> 
     </span>
     <span class='ocr_line' id='line_1_18' title="bbox 103 2772 1233 2863; baseline 0 -19"><span class='ocrx_word' id='word_1_118' title='bbox 103 2785 213 2844; x_wconf 87' lang='lat' dir='ltr'><strong>catam</strong></span> <span class='ocrx_word' id='word_1_119' title='bbox 230 2797 302 2843; x_wconf 86' lang='lat' dir='ltr'><strong>cum</strong></span> <span class='ocrx_word' id='word_1_120' title='bbox 328 2777 476 2845; x_wconf 90' lang='lat' dir='ltr'><strong>omnibus</strong></span> <span class='ocrx_word' id='word_1_121' title='bbox 492 2777 688 2844; x_wconf 80' lang='lat' dir='ltr'><strong>utilitatibus</strong></span> <span class='ocrx_word' id='word_1_122' title='bbox 714 2785 746 2845; x_wconf 92' lang='lat' dir='ltr'><strong>et</strong></span> <span class='ocrx_word' id='word_1_123' title='bbox 771 2777 982 2863; x_wconf 88' lang='lat' dir='ltr'><strong>pertinencijs</strong></span> <span class='ocrx_word' id='word_1_124' title='bbox 1008 2772 1086 2863; x_wconf 81' lang='lat' dir='ltr'><strong>sul‘s,</strong></span> <span class='ocrx_word' id='word_1_125' title='bbox 1112 2785 1145 2846; x_wconf 89' lang='lat' dir='ltr'><strong>et</strong></span> <span class='ocrx_word' id='word_1_126' title='bbox 1161 2799 1233 2846; x_wconf 91' lang='lat' dir='ltr'><strong>oum</strong></span> 
     </span>
     <span class='ocr_line' id='line_1_19' title="bbox 104 2879 1236 2970; baseline 0.003 -21"><span class='ocrx_word' id='word_1_127' title='bbox 104 2883 269 2968; x_wconf 88' lang='lat' dir='ltr'><strong>mancipio</strong></span> <span class='ocrx_word' id='word_1_128' title='bbox 285 2883 422 2952; x_wconf 73' lang='lat' dir='ltr'><strong>&#39;I&#39;enluus</strong></span> <span class='ocrx_word' id='word_1_129' title='bbox 446 2885 594 2970; x_wconf 90' lang='lat' dir='ltr'><strong>nomine,</strong></span> <span class='ocrx_word' id='word_1_130' title='bbox 621 2905 660 2952; x_wconf 88' lang='lat' dir='ltr'><strong>ac</strong></span> <span class='ocrx_word' id='word_1_131' title='bbox 686 2884 765 2970; x_wconf 87' lang='lat' dir='ltr'><strong>filijs</strong></span> <span class='ocrx_word' id='word_1_132' title='bbox 787 2879 935 2953; x_wconf 59' lang='lat' dir='ltr'><strong>&#39;ciusdem</strong></span> <span class='ocrx_word' id='word_1_133' title='bbox 961 2885 994 2951; x_wconf 94' lang='lat' dir='ltr'><strong>in</strong></span> <span class='ocrx_word' id='word_1_134' title='bbox 1021 2885 1133 2952; x_wconf 88' lang='lat' dir='ltr'><strong>eadem</strong></span> <span class='ocrx_word' id='word_1_135' title='bbox 1154 2884 1236 2952; x_wconf 90' lang='lat' dir='ltr'><strong>villa</strong></span> 
     </span>
     <span class='ocr_line' id='line_1_20' title="bbox 107 2988 1236 3076; baseline 0.002 -20"><span class='ocrx_word' id='word_1_136' title='bbox 107 2988 346 3072; x_wconf 83' lang='lat' dir='ltr'><strong>existentibus,</strong></span> <span class='ocrx_word' id='word_1_137' title='bbox 371 2990 520 3057; x_wconf 83' lang='lat' dir='ltr'><strong>Ecclesia</strong></span> <span class='ocrx_word' id='word_1_138' title='bbox 550 2993 652 3058; x_wconf 82' lang='lat' dir='ltr'><strong>Beate</strong></span> <span class='ocrx_word' id='word_1_139' title='bbox 683 2991 784 3058; x_wconf 90' lang='lat' dir='ltr'><strong>Marie</strong></span> <span class='ocrx_word' id='word_1_140' title='bbox 815 2991 958 3076; x_wconf 86' lang='lat' dir='ltr'><strong>Virgiuia</strong></span> <span class='ocrx_word' id='word_1_141' title='bbox 989 2991 1030 3058; x_wconf 90' lang='lat' dir='ltr'><strong>de</strong></span> <span class='ocrx_word' id='word_1_142' title='bbox 1055 2991 1178 3074; x_wconf 85' lang='lat' dir='ltr'><strong>Insula,</strong></span> <span class='ocrx_word' id='word_1_143' title='bbox 1205 3000 1236 3058; x_wconf 90' lang='lat' dir='ltr'><strong>et</strong></span> 
     </span>
     <span class='ocr_line' id='line_1_21' title="bbox 102 3095 1235 3185; baseline -0.001 -21"><span class='ocrx_word' id='word_1_144' title='bbox 102 3095 271 3164; x_wconf 88' lang='lat' dir='ltr'><strong>sororibus</strong></span> <span class='ocrx_word' id='word_1_145' title='bbox 296 3097 332 3162; x_wconf 91' lang='lat' dir='ltr'><strong>in</strong></span> <span class='ocrx_word' id='word_1_146' title='bbox 357 3096 472 3164; x_wconf 86' lang='lat' dir='ltr'><strong>eadem</strong></span> <span class='ocrx_word' id='word_1_147' title='bbox 497 3099 648 3166; x_wconf 83' lang='lat' dir='ltr'><strong>Ecclesia</strong></span> <span class='ocrx_word' id='word_1_148' title='bbox 673 3101 743 3165; x_wconf 89' lang='lat' dir='ltr'><strong>Deo</strong></span> <span class='ocrx_word' id='word_1_149' title='bbox 769 3099 887 3184; x_wconf 84' lang='lat' dir='ltr'><strong>ingiter</strong></span> <span class='ocrx_word' id='word_1_150' title='bbox 918 3099 1152 3166; x_wconf 82' lang='lat' dir='ltr'><strong>famulantibus</strong></span> <span class='ocrx_word' id='word_1_151' title='bbox 1178 3119 1235 3185; x_wconf 91' lang='lat' dir='ltr'><strong>pro</strong></span> 
     </span>
     <span class='ocr_line' id='line_1_22' title="bbox 103 3201 1235 3291; baseline 0.001 -22"><span class='ocrx_word' id='word_1_152' title='bbox 103 3201 252 3270; x_wconf 87' lang='lat' dir='ltr'><strong>remedio</strong></span> <span class='ocrx_word' id='word_1_153' title='bbox 269 3204 378 3270; x_wconf 89' lang='lat' dir='ltr'><strong>anime</strong></span> <span class='ocrx_word' id='word_1_154' title='bbox 404 3223 472 3284; x_wconf 90' lang='lat' dir='ltr'><strong>sue,</strong></span> <span class='ocrx_word' id='word_1_155' title='bbox 496 3211 533 3270; x_wconf 87' lang='lat' dir='ltr'><strong>ut</strong></span> <span class='ocrx_word' id='word_1_156' title='bbox 559 3205 754 3291; x_wconf 89' lang='lat' dir='ltr'><strong>temporalia</strong></span> <span class='ocrx_word' id='word_1_157' title='bbox 769 3205 940 3289; x_wconf 83' lang='lat' dir='ltr'><strong>largiendo</strong></span> <span class='ocrx_word' id='word_1_158' title='bbox 957 3227 1015 3291; x_wconf 91' lang='lat' dir='ltr'><strong>pro</strong></span> <span class='ocrx_word' id='word_1_159' title='bbox 1032 3206 1150 3272; x_wconf 88' lang='lat' dir='ltr'><strong>eternis</strong></span> <span class='ocrx_word' id='word_1_160' title='bbox 1165 3226 1235 3290; x_wconf 92' lang='lat' dir='ltr'><strong>per·</strong></span> 
     </span>
     <span class='ocr_line' id='line_1_23' title="bbox 102 3311 1237 3396; baseline 0.003 -21"><span class='ocrx_word' id='word_1_161' title='bbox 102 3317 206 3395; x_wconf 90' lang='lat' dir='ltr'><strong>petue</strong></span> <span class='ocrx_word' id='word_1_162' title='bbox 222 3311 498 3378; x_wconf 87' lang='lat' dir='ltr'><strong>remuneracionis</strong></span> <span class='ocrx_word' id='word_1_163' title='bbox 524 3312 684 3396; x_wconf 85' lang='lat' dir='ltr'><strong>premium</strong></span> <span class='ocrx_word' id='word_1_164' title='bbox 711 3312 866 3396; x_wconf 89' lang='lat' dir='ltr'><strong>consequi</strong></span> <span class='ocrx_word' id='word_1_165' title='bbox 891 3318 1074 3396; x_wconf 90' lang='lat' dir='ltr'><strong>mereretur,</strong></span> <span class='ocrx_word' id='word_1_166' title='bbox 1099 3311 1237 3378; x_wconf 85' lang='lat' dir='ltr'><strong>contulit</strong></span> 
     </span>
     <span class='ocr_line' id='line_1_24' title="bbox 103 3409 1332 3504; baseline 0.002 -22"><span class='ocrx_word' id='word_1_167' title='bbox 103 3417 331 3504; x_wconf 85' lang='lat' dir='ltr'><strong>perennaliter</strong></span> <span class='ocrx_word' id='word_1_168' title='bbox 357 3415 599 3502; x_wconf 87' lang='lat' dir='ltr'><strong>possidendam.</strong></span> <span class='ocrx_word' id='word_1_169' title='bbox 638 3419 806 3502; x_wconf 73' lang='lat' dir='ltr'><strong>vergitur</strong></span> <span class='ocrx_word' id='word_1_170' title='bbox 832 3419 1021 3487; x_wconf 80' lang='lat' dir='ltr'><strong>donacionis</strong></span> <span class='ocrx_word' id='word_1_171' title='bbox 1047 3419 1236 3486; x_wconf 85' lang='lat' dir='ltr'><strong>dinteville</strong></span> <span class='ocrx_word' id='word_1_172' title='bbox 1331 3409 1332 3413; x_wconf 57' lang='grc'>’</span> 
     </span>
     <span class='ocr_line' id='line_1_25' title="bbox 103 3525 1235 3612; baseline 0 -21"><span class='ocrx_word' id='word_1_173' title='bbox 103 3545 168 3612; x_wconf 85' lang='lat' dir='ltr'><strong>per</strong></span> <span class='ocrx_word' id='word_1_174' title='bbox 193 3527 431 3592; x_wconf 83' lang='lat' dir='ltr'><strong>mancionatum</strong></span> <span class='ocrx_word' id='word_1_175' title='bbox 456 3526 646 3609; x_wconf 77' lang='lat' dir='ltr'><strong>Magistrum</strong></span> <span class='ocrx_word' id='word_1_176' title='bbox 665 3529 758 3612; x_wconf 88' lang='lat' dir='ltr'><strong>Moys</strong></span> <span class='ocrx_word' id='word_1_177' title='bbox 775 3545 883 3593; x_wconf 87' lang='lat' dir='ltr'><strong>coram</strong></span> <span class='ocrx_word' id='word_1_178' title='bbox 900 3527 992 3594; x_wconf 90' lang='lat' dir='ltr'><strong>nobis</strong></span> <span class='ocrx_word' id='word_1_179' title='bbox 1010 3525 1100 3592; x_wconf 82' lang='lat' dir='ltr'><strong>iacta</strong></span> <span class='ocrx_word' id='word_1_180' title='bbox 1116 3527 1235 3591; x_wconf 91' lang='lat' dir='ltr'><strong>irreuo·</strong></span> 
     </span>
     <span class='ocr_line' id='line_1_26' title="bbox 103 3631 1321 3728; baseline -0.002 -30"><span class='ocrx_word' id='word_1_181' title='bbox 103 3631 226 3698; x_wconf 87' lang='lat' dir='ltr'><strong>cabilis</strong></span> <span class='ocrx_word' id='word_1_182' title='bbox 242 3639 439 3716; x_wconf 85' lang='lat' dir='ltr'><strong>perseueret,</strong></span> <span class='ocrx_word' id='word_1_183' title='bbox 461 3651 522 3700; x_wconf 87' lang='lat' dir='ltr'><strong>nco</strong></span> <span class='ocrx_word' id='word_1_184' title='bbox 547 3634 756 3718; x_wconf 85' lang='lat' dir='ltr'><strong>aliquatenus</strong></span> <span class='ocrx_word' id='word_1_185' title='bbox 780 3635 978 3720; x_wconf 86' lang='lat' dir='ltr'><strong>inposterum</strong></span> <span class='ocrx_word' id='word_1_186' title='bbox 1002 3633 1112 3701; x_wconf 87' lang='lat' dir='ltr'><strong>valeat</strong></span> <span class='ocrx_word' id='word_1_187' title='bbox 1132 3641 1235 3698; x_wconf 90' lang='lat' dir='ltr'><strong>retra·</strong></span> <span class='ocrx_word' id='word_1_188' title='bbox 1306 3709 1321 3728; x_wconf 25' lang='grc' dir='ltr'><strong>χ</strong></span> 
     </span>
     <span class='ocr_line' id='line_1_27' title="bbox 101 3737 1235 3826; baseline 0 -22"><span class='ocrx_word' id='word_1_189' title='bbox 101 3737 209 3824; x_wconf 82' lang='lat' dir='ltr'><strong>utari,</strong></span> <span class='ocrx_word' id='word_1_190' title='bbox 234 3738 278 3804; x_wconf 86' lang='lat' dir='ltr'><strong>ad</strong></span> <span class='ocrx_word' id='word_1_191' title='bbox 303 3737 498 3822; x_wconf 81' lang='lat' dir='ltr'><strong>peticionem</strong></span> <span class='ocrx_word' id='word_1_192' title='bbox 522 3747 554 3806; x_wconf 88' lang='lat' dir='ltr'><strong>et</strong></span> <span class='ocrx_word' id='word_1_193' title='bbox 578 3741 774 3808; x_wconf 86' lang='lat' dir='ltr'><strong>instanciam</strong></span> <span class='ocrx_word' id='word_1_194' title='bbox 799 3737 943 3808; x_wconf 88' lang='lat' dir='ltr'><strong>eiusdem</strong></span> <span class='ocrx_word' id='word_1_195' title='bbox 970 3739 1119 3824; x_wconf 83' lang='lat' dir='ltr'><strong>Magistri</strong></span> <span class='ocrx_word' id='word_1_196' title='bbox 1143 3741 1235 3826; x_wconf 85' lang='lat' dir='ltr'><strong>Moys</strong></span> 
     </span>
     <span class='ocr_line' id='line_1_28' title="bbox 101 3845 1237 3933; baseline 0 -21"><span class='ocrx_word' id='word_1_197' title='bbox 101 3853 276 3932; x_wconf 81' lang='lat' dir='ltr'><strong>presentes</strong></span> <span class='ocrx_word' id='word_1_198' title='bbox 300 3845 428 3913; x_wconf 87' lang='lat' dir='ltr'><strong>litteras</strong></span> <span class='ocrx_word' id='word_1_199' title='bbox 453 3847 643 3933; x_wconf 86' lang='lat' dir='ltr'><strong>supradicte</strong></span> <span class='ocrx_word' id='word_1_200' title='bbox 670 3849 818 3916; x_wconf 80' lang='lat' dir='ltr'><strong>Ecclesia</strong></span> <span class='ocrx_word' id='word_1_201' title='bbox 842 3849 942 3916; x_wconf 87' lang='lat' dir='ltr'><strong>Beate</strong></span> <span class='ocrx_word' id='word_1_202' title='bbox 967 3847 1070 3914; x_wconf 83' lang='lat' dir='ltr'><strong>Mario</strong></span> <span class='ocrx_word' id='word_1_203' title='bbox 1095 3853 1127 3914; x_wconf 92' lang='lat' dir='ltr'><strong>et</strong></span> <span class='ocrx_word' id='word_1_204' title='bbox 1151 3865 1237 3912; x_wconf 89' lang='lat' dir='ltr'><strong>soro-</strong></span> 
     </span>
     <span class='ocr_line' id='line_1_29' title="bbox 102 3953 1236 4039; baseline 0.002 -21"><span class='ocrx_word' id='word_1_205' title='bbox 102 3953 200 4019; x_wconf 90' lang='lat' dir='ltr'><strong>ribus</strong></span> <span class='ocrx_word' id='word_1_206' title='bbox 227 3953 448 4020; x_wconf 86' lang='lat' dir='ltr'><strong>concessimus</strong></span> <span class='ocrx_word' id='word_1_207' title='bbox 465 3955 565 4022; x_wconf 88' lang='lat' dir='ltr'><strong>nostri</strong></span> <span class='ocrx_word' id='word_1_208' title='bbox 591 3955 691 4039; x_wconf 80' lang='lat' dir='ltr'><strong>sigilli</strong></span> <span class='ocrx_word' id='word_1_209' title='bbox 709 3955 886 4022; x_wconf 87' lang='lat' dir='ltr'><strong>munimine</strong></span> <span class='ocrx_word' id='word_1_210' title='bbox 910 3956 1090 4022; x_wconf 87' lang='lat' dir='ltr'><strong>roboratas.</strong></span> <span class='ocrx_word' id='word_1_211' title='bbox 1114 3953 1236 4020; x_wconf 90' lang='lat' dir='ltr'><strong>Datum</strong></span> 
     </span>
     <span class='ocr_line' id='line_1_30' title="bbox 101 4061 1236 4146; baseline 0 -21"><span class='ocrx_word' id='word_1_212' title='bbox 101 4079 168 4144; x_wconf 91' lang='lat' dir='ltr'><strong>per</strong></span> <span class='ocrx_word' id='word_1_213' title='bbox 198 4081 317 4127; x_wconf 89' lang='lat' dir='ltr'><strong>manus</strong></span> <span class='ocrx_word' id='word_1_214' title='bbox 350 4061 499 4144; x_wconf 78' lang='lat' dir='ltr'><strong>Magistri</strong></span> <span class='ocrx_word' id='word_1_215' title='bbox 529 4063 694 4146; x_wconf 83' lang='lat' dir='ltr'><strong>Ambrosij</strong></span> <span class='ocrx_word' id='word_1_216' title='bbox 728 4061 922 4130; x_wconf 84' lang='lat' dir='ltr'><strong>Scholastici</strong></span> <span class='ocrx_word' id='word_1_217' title='bbox 951 4061 1122 4146; x_wconf 70' lang='lat' dir='ltr'><strong>Bullensis,</strong></span> <span class='ocrx_word' id='word_1_218' title='bbox 1151 4081 1236 4126; x_wconf 91' lang='lat' dir='ltr'><strong>anno</strong></span> 
     </span>
     <span class='ocr_line' id='line_1_31' title="bbox 100 4165 1235 4255; baseline 0.003 -23"><span class='ocrx_word' id='word_1_219' title='bbox 100 4166 240 4234; x_wconf 92' lang='lat' dir='ltr'><strong>Domini</strong></span> <span class='ocrx_word' id='word_1_220' title='bbox 263 4165 437 4234; x_wconf 86' lang='lat' dir='ltr'><strong>millesimo</strong></span> <span class='ocrx_word' id='word_1_221' title='bbox 462 4167 683 4236; x_wconf 87' lang='lat' dir='ltr'><strong>ducentesimo</strong></span> <span class='ocrx_word' id='word_1_222' title='bbox 707 4167 947 4255; x_wconf 82' lang='lat' dir='ltr'><strong>septuagesimo</strong></span> <span class='ocrx_word' id='word_1_223' title='bbox 975 4175 1102 4252; x_wconf 87' lang='lat' dir='ltr'><strong>quarto.</strong></span> <span class='ocrx_word' id='word_1_224' title='bbox 1133 4169 1235 4252; x_wconf 84' lang='lat' dir='ltr'><strong>Magi-</strong></span> 
     </span>
     <span class='ocr_line' id='line_1_32' title="bbox 98 4272 1237 4362; baseline -0.001 -22"><span class='ocrx_word' id='word_1_225' title='bbox 98 4283 176 4340; x_wconf 84' lang='lat' dir='ltr'><strong>stro</strong></span> <span class='ocrx_word' id='word_1_226' title='bbox 192 4272 343 4340; x_wconf 85' lang='lat' dir='ltr'><strong>Jobanne</strong></span> <span class='ocrx_word' id='word_1_227' title='bbox 359 4275 510 4360; x_wconf 84' lang='lat' dir='ltr'><strong>Cantore,</strong></span> <span class='ocrx_word' id='word_1_228' title='bbox 525 4277 622 4344; x_wconf 90' lang='lat' dir='ltr'><strong>Petro</strong></span> <span class='ocrx_word' id='word_1_229' title='bbox 639 4275 795 4362; x_wconf 79' lang='lat' dir='ltr'><strong>Onslode,</strong></span> <span class='ocrx_word' id='word_1_230' title='bbox 807 4276 982 4344; x_wconf 88' lang='lat' dir='ltr'><strong>Benedicto</strong></span> <span class='ocrx_word' id='word_1_231' title='bbox 998 4278 1142 4360; x_wconf 91' lang='lat' dir='ltr'><strong>Decano,</strong></span> <span class='ocrx_word' id='word_1_232' title='bbox 1159 4275 1237 4340; x_wconf 85' lang='lat' dir='ltr'><strong>Zele</strong></span> 
     </span>
     <span class='ocr_line' id='line_1_33' title="bbox 98 4380 1237 4469; baseline 0.001 -22"><span class='ocrx_word' id='word_1_233' title='bbox 98 4380 292 4467; x_wconf 84' lang='lat' dir='ltr'><strong>sacerdote,</strong></span> <span class='ocrx_word' id='word_1_234' title='bbox 310 4381 480 4468; x_wconf 88' lang='lat' dir='ltr'><strong>Damiano,</strong></span> <span class='ocrx_word' id='word_1_235' title='bbox 505 4382 590 4469; x_wconf 80' lang='lat' dir='ltr'><strong>Elia,</strong></span> <span class='ocrx_word' id='word_1_236' title='bbox 615 4391 648 4451; x_wconf 89' lang='lat' dir='ltr'><strong>et</strong></span> <span class='ocrx_word' id='word_1_237' title='bbox 672 4381 838 4469; x_wconf 84' lang='lat' dir='ltr'><strong>Stephano</strong></span> <span class='ocrx_word' id='word_1_238' title='bbox 854 4383 1031 4468; x_wconf 80' lang='lat' dir='ltr'><strong>Magistris,</strong></span> <span class='ocrx_word' id='word_1_239' title='bbox 1057 4382 1237 4465; x_wconf 86' lang='lat' dir='ltr'><strong>ceterisque</strong></span> 
     </span>
     <span class='ocr_line' id='line_1_34' title="bbox 97 4487 528 4556; baseline 0.005 -3"><span class='ocrx_word' id='word_1_240' title='bbox 97 4487 288 4555; x_wconf 77' lang='lat' dir='ltr'><strong>canonicis</strong></span> <span class='ocrx_word' id='word_1_241' title='bbox 304 4489 528 4556; x_wconf 83' lang='lat' dir='ltr'><strong>existentibus.</strong></span> 
     </span>
    </p>

    <p class='ocr_par' dir='ltr' id='par_1_7' title="bbox 247 4609 1099 4683">
     <span class='ocr_line' id='line_1_35' title="bbox 247 4609 1099 4683; baseline 0.004 -21"><span class='ocrx_word' id='word_1_242' title='bbox 247 4609 283 4676; x_wconf 83' lang='grc' dir='ltr'><strong>(Δ</strong></span> <span class='ocrx_word' id='word_1_243' title='bbox 296 4613 377 4664; x_wconf 81' lang='lat' dir='ltr'><strong>budai</strong></span> <span class='ocrx_word' id='word_1_244' title='bbox 391 4615 443 4665; x_wconf 84' lang='lat' dir='ltr'><strong>kir.</strong></span> <span class='ocrx_word' id='word_1_245' title='bbox 456 4615 579 4666; x_wconf 83' lang='lat' dir='ltr'><strong>kamarai</strong></span> <span class='ocrx_word' id='word_1_246' title='bbox 593 4614 763 4669; x_wconf 74' lang='lat' dir='ltr'><strong>lsvbltbrban</strong></span> <span class='ocrx_word' id='word_1_247' title='bbox 784 4617 871 4669; x_wconf 80' lang='lat' dir='ltr'><strong>llrrbtt</strong></span> <span class='ocrx_word' id='word_1_248' title='bbox 883 4613 998 4668; x_wconf 68' lang='lat' dir='ltr'><strong>mlsolst</strong></span> <span class='ocrx_word' id='word_1_249' title='bbox 1012 4609 1099 4683; x_wconf 70' lang='lat' dir='ltr'><strong>utin.)</strong></span> 
     </span>
    </p>
   </div>
   <div class='ocr_carea' id='block_1_7' title="bbox 0 0 1564 5158">
    <p class='ocr_par' dir='ltr' id='par_1_8' title="bbox 0 0 1564 5158">
     <span class='ocr_line' id='line_1_36' title="bbox 0 0 1564 5158; baseline 0 2"><span class='ocrx_word' id='word_1_250' title='bbox 0 0 1564 5158; x_wconf 95' lang='lat' dir='ltr'><strong> </strong></span> 
     </span>
    </p>
   </div>
  </div>
 </body>
</html>
