3146 5166
622 271 785 376 Q

139 471 293 553 restrum,
309 485 417 532 coram
434 483 497 548 quc
522 463 682 550 Georgius
713 464 801 534 filius
818 465 910 550 Gugo
926 463 1020 530 homo
1036 469 1146 532 noster
1164 485 1264 532 ream·

137 574 227 641 bulct
242 574 348 659 ipsam
364 581 494 657 terram,
527 578 560 638 et
590 579 714 642 statuat
736 573 865 660 prelato
897 573 1064 639 blortuuus
1095 574 1168 640 sinc
1183 573 1264 640 iuris

31 687 33 776 ξ
137 681 318 766 proindicio
333 681 446 766 alieni,
463 688 496 749 et
512 681 541 749 si
555 702 618 747 non
628 680 726 749 suerit
736 679 996 763 contradictum
1013 678 1269 748 contradictores

30 778 31 838 l
137 796 256 875 antam,
273 790 376 874 siqui
392 789 525 874 luerint,
551 788 594 854 ad
613 797 755 857 nostram
788 789 867 856 citat
885 789 1087 874 presenciam
1103 785 1146 852 ad
1162 788 1267 854 tormi-

134 915 212 962 num
228 903 483 984 competentem,
508 895 594 964 diem
620 897 789 964 citaciouis
816 905 847 964 ct
874 895 1043 964 terminum
1069 915 1109 962 ac
1134 896 1270 964 nomina

135 1002 421 1090 contradictorum,
438 1025 510 1072 cum
527 1004 685 1090 qualitate
701 1010 733 1071 ot
746 1003 929 1088 quantitate
946 1001 1032 1070 dicte
1049 1008 1133 1070 terro
1149 1007 1266 1072 rescri-

137 1111 263 1176 bentes.
296 1111 417 1178 Datum
446 1111 480 1178 in
510 1111 593 1180 villa
624 1111 756 1180 Raraud
786 1111 819 1178 in
835 1114 920 1180 festo
952 1111 1104 1199 Symonis
1121 1117 1153 1177 et
1184 1111 1268 1179 luda

133 1216 376 1303 Apostolorum.

132 1394 269 1460 (broccus
281 1396 456 1466 bdrbdrtytm
469 1400 595 1466 melynalr
609 1397 694 1453 ndtdn
706 1415 724 1451 a
736 1398 827 1468 pccstt
838 1416 939 1466 nycma
950 1398 1013 1467 ωδε
1026 1395 1125 1454 ltsarik
1137 1417 1143 1449 r
1157 1414 1174 1451 s
1186 1396 1259 1452 mdlt.

448 1505 490 1557 gr.
503 1486 616 1557 Ktrolyi
627 1487 721 1543 csaldd
730 1486 940 1558 larclttrtbsn.)

595 1722 805 1736 m

651 2237 729 2306 401.

127 2442 152 2507 Ι
154 2439 192 2504 V.
227 2440 341 2506 Marto
370 2438 550 2524 lirdlyualt
570 2459 739 2524 pascuosa
771 2437 880 2506 Valter
903 2441 1187 2528 lcomdrommeyysi
1203 2441 1261 2525 fd·

127 2548 291 2634 taponaco,
309 2547 392 2634 bopy
409 2546 522 2612 Kuldrr
547 2555 627 2612 nevit
646 2546 754 2634 fbldet
785 2548 869 2632 adju
885 2547 990 2614 oissao
1022 2573 1044 2614 a
1069 2549 1260 2634 nufflrziqots'

433 2653 736 2741 updozardrddrralr.
761 2631 812 2720 lt‘c
828 2654 933 2720 attat.
1132 2681 1136 2688 ·

234 2850 408 2918 Ladizlaus
424 2849 486 2916 Dei
502 2848 614 2936 gracia
629 2851 699 2917 Rex
715 2849 895 2936 Raugonia,
912 2849 1031 2917 dilecto
1048 2856 1081 2917 ct
1096 2849 1183 2916 fideli
1194 2870 1253 2919 suo

127 2958 272 3026 Waltcro
293 2956 412 3025 comiti
428 2956 470 3023 dc
484 2958 616 3046 Komar,
632 2963 665 3023 ct
682 2956 798 3025 Comiti
821 2957 956 3025 Oamcra
975 2977 1033 3025 sue
1057 2956 1196 3026 salutern
1222 2967 1256 3024 ct

126 3063 282 3150 graciam.
301 3063 381 3132 Gum
395 3071 483 3131 terra
499 3063 620 3152 Kuldu,
639 3085 701 3149 qua
717 3064 834 3133 dicitur
850 3073 938 3134 terra
952 3066 1070 3152 Pausa,
1098 3071 1131 3132 ct
1154 3065 1255 3134 bloda

126 3178 161 3239 et
176 3179 357 3240 oetarornm
373 3176 585 3257 cognatorum
601 3171 785 3259 eorundem,
815 3192 914 3256 quam
945 3190 1028 3240 auus
1052 3181 1164 3240 noster
1187 3175 1256 3240 Rex

124 3279 219 3366 Bela,
235 3283 267 3346 et
281 3277 469 3366 Stephanus
485 3281 557 3348 Rex
580 3279 777 3348 karissimus
794 3285 1013 3366 paternoster
1038 3278 1183 3348 felicium
1209 3300 1256 3348 rc·

123 3386 353 3456 cordaciouum
370 3388 515 3456 Ecclesia
524 3386 566 3455 da
581 3387 693 3456 Insula
708 3389 810 3457 Beata
826 3387 971 3472 Virginis
982 3386 1051 3454 suis
1067 3385 1253 3472 priuilegijs

124 3494 329 3564 conciderint
343 3501 376 3562 et
392 3493 675 3582 confirmauerint;
692 3501 725 3562 et
741 3494 836 3562 nobis
846 3493 1072 3580 ignorantibus
1082 3495 1188 3581 ipsam
1205 3502 1254 3564 ter

123 3623 194 3671 ram
211 3601 333 3690 Symou
348 3601 391 3670 de
406 3601 518 3669 Knldu
534 3623 555 3668 a
571 3601 667 3670 nobis
683 3602 748 3669 sibi
773 3601 844 3669 dari
870 3603 1095 3689 postularent,
1122 3608 1156 3670 ct
1182 3621 1255 3670 con·

123 3718 297 3796 sequenter
313 3709 411 3778 ceteri
436 3708 583 3795 nobiles;
611 3717 644 3778 ct
670 3712 779 3798 ipsam
805 3721 925 3780 tanam
951 3711 1130 3780 secundnm
1157 3710 1254 3777 colla·

123 3818 249 3886 donem
282 3805 337 3884 atui
368 3817 471 3886 nostri
501 3824 536 3886 st
565 3817 670 3904 patris
701 3819 805 3885 nostri
835 3819 960 3904 Regum
989 3818 1132 3908 felicium
1149 3837 1252 3884 rccor·

122 3923 296 3992 dacionum
312 3922 417 3991 cidem
431 3924 579 3992 Ecclesia
611 3922 749 3991 uelimus
782 3925 991 4010 conseruari3
1017 3923 1169 3992 fidelitati
1199 3931 1254 3994 tue

121 4033 260 4101 firmiter
275 4032 485 4119 proripiendo
511 4031 724 4118 mandamus,
758 4039 918 4118 quatenus
944 4039 1113 4118 assumpto
1145 4041 1252 4100 tccum

121 4139 311 4208 testimonio
343 4140 485 4225 Capituli
515 4140 702 4226 Budcnsis,
742 4139 851 4225 ipsam
885 4147 1007 4207 terram
1038 4137 1148 4208 Knldu
1181 4159 1260 4208 cum·

120 4245 271 4314 omnibns
285 4246 480 4315 utilitatibus
496 4247 564 4314 suis
580 4251 612 4314 et
627 4247 837 4334 pertinenciis
854 4246 1013 4315 uniuersis
1030 4267 1070 4313 ac
1087 4247 1247 4314 tractibus

120 4353 284 4424 uiolenter
299 4355 428 4442 ablatis,
445 4353 864 4439 contradiccioncqualibct
878 4357 1110 4440 nonobstante,
1129 4354 1251 4422 reddas

121 4467 156 4531 et
171 4461 326 4529 restituas
341 4461 446 4530 cidem
462 4462 611 4531 Ecclesia
628 4465 729 4532 Beate
744 4463 898 4550 Virginis,
917 4467 949 4531 et
966 4462 1125 4532 officiales
1140 4463 1250 4530 Eccle-

121 4570 171 4639 sie
185 4567 331 4639 eiusdem
347 4591 446 4661 super
454 4574 530 4660 ipsa
543 4577 632 4644 tarra
639 4571 755 4644 Kaldu
770 4572 961 4661 residentes,
975 4573 1010 4642 in
1024 4577 1114 4643 tuam
1125 4570 1251 4658 recipie
