3138 5164
873 911 951 980 352.

339 1109 578 1179 decoctores
594 1111 787 1197 escteryumi
803 1110 1029 1195 konnentjenek
1034 1110 1188 1196 joonnes
1204 1111 1230 1176 1
1233 1111 1266 1176 V.
1284 1110 1399 1179 Lento
1416 1115 1460 1180 kt'·

338 1219 485 1306 rdlytor,
503 1220 586 1305 ieoyy
604 1217 717 1284 Zuurd
733 1227 854 1300 mester,
871 1215 989 1284 Miletos
1014 1239 1113 1283 comeo
1129 1218 1174 1294 fic
1201 1215 1361 1305 Gycrmut
1385 1227 1463 1286 nect

623 1323 872 1411 folcoinokcha
886 1324 1072 1390 iktcttutott.
1090 1322 1188 1388 1288.

446 1517 730 1586 Excellentissimo
746 1515 878 1585 domino
894 1537 953 1585 suo
970 1517 1008 1584 L.
1025 1519 1087 1586 Dei
1104 1518 1217 1604 gracia
1241 1519 1362 1588 illustri
1385 1520 1463 1605 Regi

337 1625 506 1709 Huugarie
521 1625 707 1693 Conuentus
725 1621 961 1692 Oruciferorum
977 1623 1090 1691 Sancti
1106 1625 1206 1709 Regis
1215 1625 1376 1713 Stephani
1392 1647 1461 1694 ors·

336 1734 446 1800 ciones
461 1732 494 1797 in
510 1731 652 1798 Domino
669 1729 839 1799 continuas
853 1736 887 1798 et
901 1730 1038 1798 deuotus
1054 1737 1135 1817 aput
1151 1732 1327 1800 Dominum
1343 1753 1404 1819 pro
1415 1753 1461 1800 eo

336 1837 677 1906 demVestranonerit
686 1835 863 1924 Celsitudo,
872 1855 932 1905 nos
942 1837 1238 1921 recepisselitteras
1247 1843 1357 1908 uestre
1366 1840 1462 1906 Maie-

325 1946 429 2014 stetis
445 1967 517 2013 oum
529 1945 846 2030 debitareuerencia,
858 1945 1072 2029 continentes,
1087 1951 1122 2010 nt
1138 1945 1302 2013 hominem
1318 1954 1461 2015 nostrum

335 2054 535 2122 mitteremus
550 2075 609 2139 pro
619 2052 815 2138 testimonio,
832 2071 940 2118 coram
957 2071 1021 2136 quc
1037 2050 1213 2120 Icadizlaus
1241 2053 1328 2120 tilius
1337 2053 1460 2138 Lopret

332 2159 377 2227 de
387 2159 663 2237 Julasenerhomo
673 2164 779 2228 vester
788 2157 959 2226 accederet
969 2155 1012 2224 ad
1021 2165 1141 2226 terram
1152 2158 1269 2227 Chetre
1279 2159 1458 2246 etBnlisey

333 2284 372 2332 ac
389 2265 536 2352 Gregorij
554 2265 712 2333 Gormoth
727 2271 887 2352 vocatam,
906 2251 1134 2333 deeedcncinm
1152 2265 1224 2333 sine
1239 2265 1363 2333 solacio
1380 2265 1459 2332 libe·

332 2393 450 2460 rorum,
467 2381 500 2441 et
515 2374 612 2442 sciret
627 2374 674 2440 rei
690 2373 862 2441 ueritatem
889 2373 930 2440 de
956 2371 1103 2460 predicta
1127 2381 1223 2459 terra,
1244 2379 1352 2441 utrum
1377 2377 1462 2441 esset

331 2500 436 2548 vacua
452 2487 484 2548 et
500 2480 739 2549 habitatoribus
755 2481 911 2548 destituta
938 2499 998 2547 neo
1023 2499 1073 2546 ne.
1099 2481 1167 2548 Nos
1193 2500 1270 2548 uero
1295 2479 1459 2560 mandetis

330 2589 446 2656 vestris
464 2595 674 2671 assurgentes
706 2588 853 2672 fideliter,
862 2607 968 2664 ,vuum
984 2607 1024 2654 ex
1040 2585 1134 2656 nobis
1158 2586 1291 2654 tratrem
1316 2595 1460 2655 nostrum

329 2694 514 2762 curauimus
532 2693 710 2778 destinare,
727 2694 781 2778 qui
797 2693 1001 2779 postmodnm
1022 2692 1066 2760 ad
1082 2713 1142 2761 nos
1157 2693 1394 2760 rediensuobis
1410 2689 1456 2758 di·
1545 2701 1546 2706 ’

328 2801 386 2884 xit,
405 2801 490 2886 quod
505 2800 651 2886 prefatus
667 2799 846 2868 Ladizlaus
862 2800 959 2868 homo
986 2807 1093 2868 uester
1119 2823 1186 2868 vna
1212 2821 1285 2867 cnm
1310 2799 1453 2886 predicto

327 2905 426 2974 fratre
442 2917 550 2976 nostro
567 2909 610 2974 ad
627 2907 744 2976 taciem
760 2907 906 2996 predicte
922 2917 1008 2975 terre
1025 2910 1229 2992 accessisset,
1257 2915 1290 2974 et
1315 2907 1453 2976 eandem
1502 2941 1504 2944 ·

326 3025 445 3084 terram
462 3038 598 3085 vacunam
615 3017 806 3104 inuenisset,
822 3017 892 3084 sine
908 3016 1028 3084 herede
1045 3016 1295 3100 decedencium;
1323 3022 1356 3082 et
1381 3034 1455 3081 oen·

326 3121 399 3191 dem
415 3125 651 3192 reambuiasset
667 3132 699 3191 et
715 3125 887 3191 statuisset
918 3143 1028 3191 coram
1059 3123 1172 3191 eodem
1204 3122 1309 3190 fratre
1340 3127 1450 3188 nostro

324 3233 482 3315 Magistro
497 3231 605 3299 Zuard
622 3231 692 3298 sine
706 3231 885 3317 preiudicio
902 3233 983 3298 iuris
1002 3233 1111 3318 alieni,
1128 3232 1218 3298 nullo
1245 3232 1395 3297 obstante
1420 3234 1453 3296 et

324 3339 575 3405 contradicente.
594 3337 654 3404 Oui
670 3346 755 3405 terre
772 3345 859 3406 terra
876 3337 1023 3424 Capituli
1049 3337 1284 3422 strigoniensis
1311 3358 1332 3404 a
1355 3341 1447 3421 parte

325 3445 533 3534 occidentali,
558 3452 688 3530 aparte
705 3465 782 3513 uero
799 3446 953 3514 orientali
970 3452 1058 3512 terra
1072 3445 1192 3511 domini
1208 3439 1449 3528 Archiepiscopi

323 3552 518 3640 uiciuantur,
535 3553 798 3640 sicutaprcfato
823 3554 925 3622 fratre
950 3561 1060 3622 nostro
1086 3551 1266 3619 dedicimus
1292 3549 1445 3619 seriatim.

323 3658 444 3725 Datum
460 3658 543 3726 feria
560 3667 677 3745 quarta
694 3667 767 3747 post
783 3669 922 3732 octauas
937 3663 1025 3730 Petri
1041 3666 1074 3728 et
1089 3658 1185 3727 Pauli
1210 3660 1447 3746 Apostolorum.

309 3871 379 3933 ¹(IV.
392 3870 489 3927 stuza
502 3871 650 3941 kirttynuk
665 3877 776 3930 teas-ki
790 3875 1062 3944 montnylevolsett
1075 3879 1143 3930 mint
1156 3877 1266 3930 tentsbb
1277 3871 1334 3928 88⁵.
1347 3887 1382 3922 ιι.
1400 3869 1440 3932 ι.)
