3140 5150
312 1241 370 1308 IV.
387 1240 503 1310 tastu
517 1243 695 1331 kirdlycale
710 1242 779 1331 Sap
793 1243 946 1332 tetystpct
966 1245 1119 1332 tdrpyozd
1129 1245 1313 1331 odmsdcya
1330 1248 1437 1312 Iotoo'n

557 1374 656 1420 comes
677 1353 902 1438 Tekeaoolcfia
917 1356 1076 1419 ammosa.
1094 1357 1191 1420 1277.

418 1547 593 1615 Ladizlaus
626 1549 690 1618 Dei
720 1548 835 1635 gracia
866 1549 1052 1636 Hungarie,
1075 1550 1272 1638 Dalmacie,
1293 1551 1436 1638 Croacie,

312 1657 434 1738 Rama,
459 1656 590 1744 Seruis,
616 1657 774 1746 Callicle,
798 1657 1008 1744 Lodomerie,
1038 1657 1196 1726 Cumanis
1221 1659 1438 1744 Bnlgarieque

313 1763 381 1830 Rex
398 1764 545 1832 omnibus
571 1761 691 1834 Christi
716 1767 868 1835 fidelibus
894 1772 959 1834 tam
985 1766 1190 1852 presentibus
1208 1787 1306 1851 quam
1324 1766 1437 1834 futuris
1561 1744 1562 1836 i

311 1880 492 1958 presentem
508 1875 661 1960 paginam
678 1875 878 1943 intuentibus
901 1875 1041 1942 salutem
1057 1873 1090 1940 in
1106 1875 1249 1942 omnium
1266 1876 1437 1943 saluatore.

312 1979 364 2045 Ad
388 1980 611 2050 uniuersorum
636 1983 791 2050 noticiam
823 1981 939 2050 harum
968 1979 1053 2049 serie
1078 1982 1227 2050 volumus
1258 1983 1437 2069 peruenire,

313 2086 400 2172 quod
416 2086 531 2158 Comes
547 2090 731 2177 Stephanus
746 2091 833 2159 tilius
849 2092 953 2158 Tecus
970 2089 1012 2156 ad
1029 2097 1173 2158 nostram
1191 2089 1353 2158 accedens
1369 2109 1434 2176 pre·

314 2197 467 2287 sensiam,
479 2199 644 2283 quandam
655 2205 773 2268 terram
785 2197 1075 2266 CastrideBorsod
1086 2199 1152 2282 Sap
1164 2204 1324 2286 uocatam,
1343 2217 1438 2281 qnam

313 2325 353 2372 ex
370 2305 551 2374 collacione
568 2313 682 2374 nostra
697 2327 733 2374 sc
749 2307 832 2374 dixit
848 2305 1052 2392 possedisse,
1076 2303 1244 2372 confessus
1266 2311 1317 2372 est
1333 2322 1370 2372 se
1386 2304 1438 2370 de-

313 2411 401 2480 disse
415 2413 565 2484 Dionisio
591 2425 623 2482 et
648 2415 771 2484 Thone
796 2415 874 2502 filijs
900 2415 1042 2482 Cbumzo
1064 2414 1280 2484 seruientibus
1297 2415 1365 2481 suis
1382 2433 1438 2498 pro

312 2521 460 2610 seruicijs
477 2523 669 2606 eorundem,
694 2531 825 2609 petens,
849 2529 885 2588 ut
901 2521 1075 2589 donacioni
1101 2521 1284 2589 huiusmodi
1306 2541 1438 2589 consen·
1563 2559 1564 2584 1

314 2647 384 2696 sum
401 2637 433 2697 et
448 2651 617 2699 assensum
640 2634 776 2718 prebere
801 2632 841 2698 dc
866 2632 1068 2715 benignitate
1091 2632 1196 2716 Regia
1221 2631 1440 2715 dignaremur.

314 2735 382 2803 Nos
399 2736 499 2822 igitur
515 2739 708 2827 peticionem
725 2740 871 2808 eiusdem
895 2739 1029 2808 Comitis
1055 2740 1212 2825 Stephani
1232 2742 1354 2807 iustam
1371 2759 1439 2806 esse

315 2845 537 2934 attendentes,
560 2849 766 2934 potissimum
783 2845 1028 2916 considerantes
1043 2846 1234 2916 fidelitatem
1251 2855 1284 2916 et
1301 2849 1439 2916 seruicia

315 2951 378 3019 iam
396 2953 554 3022 dictorum
570 2955 708 3043 Dionisij
736 2964 769 3024 et
789 2955 922 3041 Thome,
949 2977 1011 3042 que
1028 2955 1128 3040 ijdem
1154 2955 1250 3022 nobis
1266 2963 1300 3024 et
1315 2955 1439 3023 Corone

315 3061 418 3145 Regio
441 3065 475 3129 in
501 3063 641 3130 diuersis
672 3061 936 3147 expedicionibus
963 3063 1067 3149 Regni
1092 3063 1194 3131 nostri
1220 3083 1292 3130 eum
1317 3085 1441 3131 summa

314 3168 471 3237 fidelitate
486 3169 705 3256 inpenderunt
730 3179 762 3238 ct
787 3171 940 3238 exhibere
956 3179 1106 3256 poterant
1124 3171 1211 3261 (lgy)
1227 3173 1262 3238 in
1278 3171 1439 3254 futurum,

314 3281 471 3363 premisse
488 3279 673 3364 donacioni,
699 3300 758 3365 per
774 3279 912 3348 eundem
925 3279 1082 3346 Comitem
1094 3279 1293 3366 Stephanum
1311 3278 1353 3346 de
1369 3280 1441 3364 ipsa

316 3390 401 3451 terra
417 3386 523 3454 Castri
539 3389 720 3474 prenotatis
736 3387 895 3473 Dyonisio
928 3394 961 3456 et
985 3388 1109 3455 Thome
1125 3387 1221 3474 lacte,
1247 3405 1440 3455 consensum

315 3491 501 3576 prebuimus
536 3497 672 3580 Regium
697 3495 818 3582 pariter
843 3503 876 3563 et
898 3515 1085 3581 assensum3
1109 3497 1267 3581 volentes,
1292 3500 1328 3562 vt
1343 3490 1439 3578 ijdem

316 3599 493 3684 Dyonisius
509 3610 541 3670 et
555 3603 707 3689 Thomas,
732 3623 772 3670 ao
788 3623 896 3672 eorum
913 3601 1060 3690 heredes,
1077 3603 1296 3688 heredumque
1313 3621 1440 3670 sucrum

316 3706 516 3793 inposterum
532 3731 734 3779 successores
760 3717 970 3780 memoratam
992 3717 1111 3778 terram
1138 3711 1243 3777 Castri
1262 3709 1304 3775 de
1320 3705 1442 3776 Borsod

315 3837 387 3884 cum
403 3817 471 3884 suis
488 3818 680 3886 utilitatibus
698 3821 848 3888 omnibus
865 3826 896 3888 et
913 3818 1120 3904 pertineneijs
1136 3817 1297 3885 uniuersis
1308 3819 1441 3884 subme-

316 3925 358 3991 tis
373 3924 535 4010 prioribus
552 3935 585 3991 et
600 3927 744 4011 antiquis
774 3927 983 3993 terminorum
1010 3925 1295 4004 distinctionibus,
1327 3943 1392 3988 non
1409 3929 1443 3987 ut

316 4034 495 4119 peripsum
512 4034 669 4102 Comitem
695 4033 895 4121 Stephanum
922 4035 969 4102 eis
994 4034 1106 4102 datam
1116 4083 1126 4118 ,
1152 4031 1210 4099 sed
1230 4037 1387 4115 tanquam
1403 4049 1443 4096 ex

317 4142 495 4210 donacione
523 4135 635 4210 n'ostra
659 4149 815 4229 perpetuo
839 4143 973 4229 pacifice
998 4141 1190 4228 possideant
1214 4146 1247 4206 et
1262 4140 1382 4224 quiete.
1406 4138 1443 4203 In

316 4251 408 4319 cuius
424 4253 470 4320 rei
486 4249 676 4320 memoriam
701 4259 733 4318 et
757 4257 948 4339 perpetuam
974 4251 1158 4316 firmitatem
1184 4253 1351 4333 presentes
1370 4265 1443 4311 con·
1563 4283 1564 4288 κ

316 4359 472 4428 cessimus
489 4358 614 4426 litteras
631 4357 793 4445 dupplicis
818 4358 920 4444 sigilli
944 4355 1047 4425 nostri
1069 4355 1247 4423 munimine
1264 4355 1445 4421 roboratas.

316 4473 437 4536 Datum
468 4487 527 4554 per
552 4489 666 4535 manus
684 4468 830 4554 Magistri
847 4467 1002 4554 Demetrij
1030 4466 1192 4554 Prepositi
1208 4463 1373 4546 Albensis,
1390 4463 1444 4528 do·

316 4575 396 4644 mini
413 4577 501 4662 Papo
516 4573 689 4661 Capeliani
715 4582 747 4642 et
772 4574 981 4662 Subdiaconi,
1005 4575 1078 4642 aule
1096 4581 1203 4642 nostre
1218 4569 1444 4639 Vise-Cancel-
