3138 5164
610 923 688 994 3⁰6.

80 1130 243 1197 Lodome'r
258 1128 444 1214 arroganti
460 1125 547 1191 erreis
572 1125 774 1210 bizooysdqot
792 1133 852 1189 teas
878 1124 980 1204 aeret,
996 1124 1078 1211 hoyy
1094 1145 1132 1188 αι
1150 1145 1209 1189 eru·

82 1241 222 1326 teryumi
238 1237 455 1302 ruent-taradsi
471 1232 632 1319 kdptolon
649 1256 670 1296 a
677 1231 879 1318 sb'kdptuloo
887 1235 1014 1316 jandru
1030 1254 1070 1298 uz
1086 1230 1211 1298 Rhodon

316 1341 443 1409 kdoetelt
469 1342 631 1407 holdazoti
639 1341 748 1427 joqtdl
762 1341 889 1408 clutton.
902 1341 999 1406 1285.

196 1557 266 1624 Mos
281 1554 511 1623 Lodomerious
527 1553 590 1621 Dei
605 1553 716 1640 graoia
740 1551 977 1640 strigoniensis
990 1552 1216 1639 Arrhiepiooo·

86 1683 152 1751 pus
168 1672 204 1732 et
218 1665 333 1732 Oomes
348 1663 527 1747 Perpetuus
553 1663 617 1730 looi
632 1660 788 1748 eiusdem,
803 1661 1026 1746 significamus
1041 1661 1214 1746 uniuersis,
1341 1739 1343 1754 1

86 1771 209 1856 quibus
226 1769 367 1856 expedit,
382 1771 584 1855 presenoiom
600 1791 659 1857 per
675 1775 833 1838 tenorem:
858 1768 951 1848 Quod
983 1788 1056 1835 oum
1072 1766 1154 1833 inter
1169 1768 1217 1834 di-

87 1885 215 1947 soretos
231 1878 319 1946 viros
334 1878 527 1946 karissimos
539 1878 573 1944 in
588 1879 727 1948 Domino
743 1880 858 1946 fratres
876 1883 1013 1963 nostros,
1029 1873 1219 1960 Magistrum

87 1987 244 2054 videlieet
259 1985 424 2054 Andream
439 1989 611 2054 Dootorem
628 1987 837 2053 Deoretorum
847 1983 1061 2070 Propositum,
1078 1987 1110 2048 et
1126 1981 1220 2066 Capi·

91 2095 200 2162 tulum
214 2094 360 2163 Moolesie
376 2101 486 2163 nostre
501 2093 734 2180 Strigoniensis
751 2115 792 2161 ex
811 2113 877 2159 una
892 2101 992 2180 parte,
1008 2097 1040 2158 et
1055 2091 1141 2158 intor
1156 2090 1221 2154 Ma-

91 2203 232 2288 gistrum
247 2201 458 2270 Benediotum
473 2203 645 2270 Dootorem
665 2203 875 2269 Deoretorum
894 2199 1097 2286 Propositum
1114 2196 1222 2262 Moole-

92 2313 144 2378 sie
159 2309 272 2376 Sanoti
288 2309 412 2378 Thomu
422 2309 565 2378 martiris
575 2310 615 2376 de
636 2310 862 2378 Promontorio
878 2305 1097 2392 strigoniensi
1111 2309 1143 2372 et
1158 2301 1223 2369 ira·

95 2427 165 2484 tres
182 2437 240 2484 sev
254 2418 436 2487 Canonioos
451 2418 599 2487 Moolesie
615 2439 672 2487 sue
688 2437 729 2486 ex
744 2419 861 2502 altera,
878 2415 1012 2484 suborta
1027 2412 1143 2482 fuisset
1156 2431 1224 2478 mo-

96 2525 183 2592 teria
197 2525 375 2608 questionis
390 2545 487 2611 super
502 2525 676 2613 pisoarijs,
706 2525 895 2610 piscaturis,
921 2524 991 2590 siue
1007 2519 1138 2608 pisoinis
1155 2540 1225 2587 vso·

96 2636 225 2698 uomet
240 2633 421 2700 sturionum
437 2633 622 2700 oonstitutis
638 2633 672 2700 in
688 2633 839 2700 Danubio
856 2633 942 2698 oiroa
957 2629 1067 2726 villam
1082 2631 1227 2696 nostram

98 2737 195 2806 Mbed
210 2745 369 2824 vocatam,
384 2739 418 2807 in
434 2740 549 2824 quibus
574 2741 645 2828 ipse
660 2741 814 2823 Magister
829 2737 1027 2806 Benedictus
1050 2755 1086 2803 se
1102 2756 1142 2802 ao
1158 2753 1227 2820 pre-

98 2843 206 2912 dictos
220 2845 340 2914 iratres
363 2867 439 2915 suos
449 2901 458 2936 ,
485 2848 666 2916 Oauonioos
682 2847 832 2916 Moolesie
847 2867 929 2933 sue,
955 2849 1104 2932 pretextu
1130 2841 1226 2908 trium

100 2952 268 3020 hominum
293 2973 442 3042 suorum,
474 2956 744 3024 oommoranoium
776 2954 891 3022 in‘vna
921 2953 1057 3037 solaque
1079 2948 1172 3017 ouria
1188 2949 1228 3017 de
1287 2954 1291 2962 '

99 3058 219 3130 eadem
235 3059 316 3127 villa
330 3061 421 3128 Ebed
431 3113 439 3147 ,
471 3062 600 3131 dicebat
615 3062 804 3150 poroionom
837 3045 958 3130 babere
990 3061 1120 3146 debere,
1139 3055 1231 3124 illam

100 3166 238 3252 seilicet,
255 3187 318 3252 que
333 3187 355 3233 a
370 3167 586 3252 piscatoribus
612 3169 789 3237 earundem
809 3167 1030 3254 pisoinarum,
1056 3168 1151 3234 annis
1167 3165 1233 3231 sin·

104 3275 203 3362 gulis,
219 3275 261 3342 ab
277 3277 412 3362 antiqua
430 3277 661 3347 consuetudine
687 3277 843 3366 temporis
868 3276 960 3346 ouius
984 3275 1041 3344 vix
1061 3279 1152 3340 extat
1167 3291 1234 3339 me·

105 3383 221 3466 moria,
236 3383 389 3468 prediotis
405 3383 558 3452 iratribus
573 3385 694 3454 nostris
718 3385 888 3474 Proposito
904 3392 936 3454 et
952 3382 1102 3470 capitulo
1118 3379 1231 3448 Euole-

107 3491 156 3558 sie
172 3488 405 3573 strigoniensis
421 3491 564 3560 debetur.
582 3489 728 3560 Tandem
752 3500 866 3578 partes
882 3511 940 3580 pro
957 3493 1040 3560 bono
1055 3489 1146 3578 panis
1162 3507 1234 3574 per·

110 3603 206 3682 petuo
231 3594 275 3663 ad
298 3600 397 3666 talem
421 3601 709 3690 oomposioionem‚
741 3602 825 3668 soita
841 3607 874 3669 et
888 3599 1057 3668 intellecta
1072 3595 1168 3667 huius
1185 3595 1233 3662 rei

112 3703 252 3773 veritate
277 3707 492 3776 asenioribus
520 3715 553 3776 et
581 3709 730 3779 reridiois
753 3707 937 3790 homiuibus
948 3758 959 3796 ,
990 3705 1108 3792 quibus
1138 3705 1237 3788 longa

112 3811 312 3883 diuturnitas
327 3814 452 3882 dierum
477 3823 509 3882 et
534 3823 712 3904 temporum
737 3815 831 3884 testis
845 3820 916 3890 erat
939 3815 1062 3902 paritor
1077 3818 1111 3880 ot
1135 3812 1238 3895 magi·

114 3926 193 4008 stra‚
209 3941 245 3990 re
260 3923 433 3992 deuenisse
457 3923 609 3994 dixerunt
626 3925 694 3992 :Vt
717 3926 790 4012 ipse
804 3923 962 4009 Magister
987 3921 1182 3990 Benediotus
1206 3925 1240 3987 et

115 4028 235 4098 iratres
250 4031 301 4097 sui
327 4031 480 4100 Canonioi
510 4032 653 4120 predicte
684 4031 827 4101 Moolesie
841 4031 954 4100 Sanoti
969 4029 1099 4110 utone,
1131 4024 1243 4097 adsui

64 4219 66 4226 Α
116 4136 224 4205 oordis
249 4155 371 4206 moram
397 4139 633 4208 oonsoienoiam
656 4139 871 4226 recurrendo,
896 4141 1062 4208 oesserunt
1084 4134 1184 4222 plane
1210 4138 1243 4199 et

114 4243 309 4331 simplieiter
325 4245 547 4332 questionibus
563 4253 596 4314 et
612 4247 761 4315 omnibus
771 4235 920 4331 iuribus,
938 4241 1122 4312 notionibus
1139 4247 1172 4308 ot
1187 4261 1242 4308 ex·

116 4351 326 4440 oepoionibus
342 4354 410 4422 suis
418 4404 428 4439 ,
446 4355 494 4422 eis
511 4355 546 4422 in
563 4351 626 4424 hau
652 4360 747 4442 parte
772 4351 1045 4446 oompetentibus,¹
1060 4355 1093 4414 et
1115 4365 1243 4432 dompe-

117 4461 225 4531 tituris
241 4461 315 4550 sibi,
339 4483 403 4552 quo
418 4463 597 4548 adpresens
606 4520 616 4557 ,
642 4466 726 4538 siout
741 4460 947 4550 prediximus,
965 4456 1171 4525 intentabant
1186 4459 1244 4518 aut

117 4569 279 4644 intentare
295 4567 336 4639 (10
350 4571 421 4650 iure
436 4581 588 4663 poterant
606 4575 660 4648 uel
675 4574 717 4644 de
732 4573 837 4653 tuoto,
871 4563 1034 4656 prediotar
1058 4561 1251 4657 pourton,
