3080 5160
603 975 682 1054 263.
742 986 744 996 ’

87 1203 263 1295 Αιάρνάῦἱ
277 1199 439 1292 kriptulatt
454 1203 661 1291 hicenpedpct
676 1213 736 1270 tesz'
752 1198 851 1283 cordi,
862 1203 945 1292 bcpy
955 1203 1048 1268 cldttc
1059 1197 1201 1268 Rariore-

86 1313 251 1379 iconomo
267 1314 378 1379 letcdtt
393 1335 493 1378 comes
503 1313 567 1397 fla,
583 1313 681 1376 ethai
698 1311 853 1398 Bubonep
869 1311 1028 1397 unckrija,
1043 1311 1201 1376 murtu-

85 1421 130 1485 rdi
143 1420 247 1507 pedip
262 1441 302 1484 oz
319 1419 599 1487 Atat-Jamntczat
623 1420 794 1504 ncmeetcdp
810 1417 878 1485 t'o'bb
894 1421 988 1506 tcpja
1004 1417 1203 1500 ezcotc‘lycuru

86 1528 305 1614 mepjeieoocm
329 1551 369 1592 az
393 1527 546 1593 utdhhu'cic
571 1527 744 1606 ccllcttcik,
759 1527 926 1592 miseeriut
944 1528 982 1592 dle
997 1527 1119 1612 csekdlp
1134 1528 1202 1592 ezd-

89 1635 162 1698 roub
188 1636 282 1698 mictt
305 1635 479 1700 otdetemre
495 1634 680 1712 seductrice,
699 1634 882 1700 Radoszidc
899 1645 1010 1700 comem
1026 1657 1057 1700 eo
1071 1633 1201 1699 ctddait

86 1741 234 1806 vedetio-ut
257 1742 471 1807 odiusztottdk
495 1767 511 1808 s
535 1767 549 1805 e
574 1742 762 1808 cddelemdrt
781 1743 855 1806 beiti
871 1744 901 1806 ds
918 1742 1099 1807 croccibat
1116 1743 1203 1830 spese

85 1849 303 1937 rtcmzetec'pdit
328 1850 523 1914 birtclcdrtck
550 1873 608 1936 epp
633 1849 807 1914 barmaddt
823 1851 975 1916 crubesco
991 1849 1140 1928 cructet,
1155 1849 1204 1914 ti-

83 1959 194 2023 teuto
219 1957 386 2039 accubare,
414 1959 498 2044 bopy
521 1959 723 2046 nemeesdpdk
749 1959 933 2024 stuetteout
950 1957 1202 2046 fdcmarcdjorr.

600 2066 696 2132 1283.

191 2279 376 2364 Capitulum
401 2280 545 2347 Ecclesie
569 2281 796 2365 Zegrabiensie
822 2282 981 2350 uniuersis
1006 2283 1123 2366 quihus
1145 2300 1202 2350 ex·

85 2387 174 2474 pedit
200 2407 333 2474 presens
358 2389 511 2474 scriptum
537 2387 674 2457 salutem
699 2389 733 2454 in
753 2389 900 2456 Domino.
918 2389 968 2456 Ad
985 2390 1203 2459 uniuersorum

83 2497 237 2562 noticiam
264 2494 375 2561 harum
402 2495 487 2562 serie
503 2497 651 2564 uolumus
666 2499 853 2582 peruenire:
871 2497 958 2583 quod
972 2499 1155 2566 constitutis
1170 2498 1204 2566 iu

84 2604 189 2671 nostri
206 2605 375 2688 presencia
404 2605 618 2690 personaliter
647 2607 690 2672 ub
706 2626 770 2671 vua
784 2612 876 2690 perte
891 2605 1053 2673 Rudosluo
1070 2606 1203 2694 Comite,

86 2721 153 2785 filio
171 2713 329 2804 Stephani
347 2711 492 2796 Comitis,
508 2713 565 2799 filij
584 2713 744 2797 quondam
760 2713 935 2799 Baboucg;
952 2718 994 2781 ab
1008 2715 1113 2782 altere
1128 2733 1205 2782 uero

85 2829 211 2915 Herga,
238 2825 360 2906 Began,
385 2821 547 2904 Jurislaw,
571 2821 629 2906 filij
644 2822 829 2907 Brerecslan²
848 2831 880 2888 et
895 2823 1029 2890 Stauleu
1043 2823 1130 2892 filius
1144 2823 1204 2891 Re-

81 2934 193 3002 doslei
209 2931 250 3000 de
266 2930 479 3017 generatione
498 2929 633 2996 Inferior
648 2931 815 2998 Jamuiezu
830 2939 1026 3018 nuncupate,
1043 2951 1101 3018 pro
1122 2951 1158 2999 ee
1173 2939 1205 2998 et

79 3066 140 3130 pro
168 3047 240 3108 tote
264 3029 477 3125 generacione
501 3039 643 3123 ipsorum
668 3037 806 3105 confessi
822 3037 944 3104 suntin
961 3039 1205 3125 buuemodum;

80 3147 253 3234 quodcum
265 3149 328 3233 ipsi
348 3145 481 3232 presidij
493 3165 551 3212 seu
561 3144 711 3212 tuicionis
727 3145 848 3213 solacio
865 3153 994 3232 propter
1007 3149 1205 3234 paucitatem

80 3260 229 3346 ipsorum
239 3255 444 3323 incumbente
455 3252 650 3320 necessitate
659 3253 827 3338 temporali
837 3252 1029 3341 indigerent,
1046 3253 1205 3340 prefatum

79 3365 243 3434 Comitem
259 3361 455 3430 Radosluum
477 3368 510 3428 ct
525 3360 669 3429 eiusdem
686 3380 887 3430 successores
903 3367 1094 3446 receperunt
1109 3371 1142 3430 et
1157 3385 1205 3432 es·

81 3477 293 3560 sumpserunt
317 3469 358 3536 de
383 3469 544 3535 communi
569 3489 726 3537 consensu
752 3475 783 3534 et
807 3469 880 3558 peri
902 3469 1068 3538 uoluntate
1084 3471 1118 3537 io
1135 3491 1206 3558 pro·

79 3589 223 3648 tectores
249 3587 282 3645 et
306 3577 491 3646 defensores
509 3597 583 3644 suos
599 3575 778 3662 speciales3
796 3575 1010 3660 conterentes,
1027 3577 1204 3663 uadentes,

84 3697 116 3756 et
152 3687 362 3772 assignantes
395 3685 500 3754 eidem
532 3685 647 3752 Comiti
678 3685 842 3752 Redosleo
874 3691 905 3752 et
935 3684 1002 3752 suis
1033 3685 1207 3754 heredibus

81 3795 305 3880 heredumque
330 3811 459 3862 sucrum
484 3791 721 3860 successoribus
746 3799 894 3880 pretextu
920 3791 1070 3860 tuicionis
1102 3791 1207 3864 huius·

80 3904 171 3971 modi
214 3899 376 3986 quendum
408 3901 593 3988 porcionem
624 3901 864 3988 possessionum
890 3921 1021 3969 suerum
1045 3900 1204 3970 heredita·

80 4017 209 4081 riarum
233 4011 317 4079 inter
333 4011 420 4098 ipses
453 4009 597 4078 habitam
628 4018 659 4078 et
685 4013 886 4096 existentem,
905 4011 1056 4080 videlicet
1072 4012 1205 4081 terciam

80 4131 214 4209 partem
241 4121 343 4189 tocius
367 4119 589 4205 generationis
615 4141 725 4189 eorum
751 4120 919 4190 Inferioris
934 4119 1100 4188 Jamnioze
1116 4129 1206 4189 ante·

86 4230 178 4317 iate,
221 4247 292 4296 cum
332 4229 479 4297 omuibus
509 4227 712 4316 appendicijs
747 4237 779 4298 et
812 4228 1018 4318 vtilitatibus,
1043 4231 1207 4314 prouenti·

82 4341 144 4407 bus
182 4343 216 4404 et
248 4335 403 4404 fructibus
435 4335 504 4404 suis
535 4337 713 4425 uniuersis,
746 4337 921 4406 contulisse
952 4339 1057 4406 eidem
1088 4337 1206 4405 domiti

82 4443 253 4514 Redosleo
272 4451 304 4510 et
319 4443 489 4512 heredibus
506 4443 574 4512 suis
589 4443 846 4514 irreuocebiliter
864 4445 941 4530 jure
968 4453 1124 4533 perpetuo
1150 4465 1206 4530 pe·

78 4553 178 4622 cifice
206 4561 238 4620 et
262 4553 372 4640 quiete
401 4553 649 4641 possidendum,
678 4553 853 4624 tenendam
882 4553 1003 4642 puriter
1028 4561 1059 4622 et
1089 4554 1207 4621 haben·

76 4661 169 4730 dum.
204 4659 273 4729 Hoc
296 4667 407 4730 temen
431 4659 610 4750 interiecto,
628 4661 714 4748 quod
735 4661 934 4750 sepedictus
950 4659 1200 4731 (tomesRudoe-
