3124 5158
555 325 713 424 „3—01„
1029 359 1037 394 ,

73 524 150 612 Epel
179 521 352 610 procedere
378 519 574 608 uolentibus,
599 540 640 588 ne
661 521 872 590 intromittere
888 540 924 588 se
940 524 1194 607 presumpmant‚

74 629 114 698 ad
139 632 297 718 eamdem,
313 629 482 697 sileuoium
507 632 656 699 duximus
691 630 930 716 imponendum.
965 629 1004 695 In
1029 630 1120 716 cujus
1144 627 1192 694 rei

73 739 259 808 memoriam
275 744 308 805 et
322 747 510 825 perpetuam
526 739 709 807 firmitatem
726 746 892 826 presentes
908 735 1125 804 concessimus
1141 733 1197 801 lit·

69 855 154 916 teras
179 846 315 934 duplicis
339 845 439 930 sigilli
463 849 562 915 nostri
594 849 769 915 munimine
797 847 975 913 roboratas.
994 844 1115 909 Datum
1131 861 1195 927 per

75 975 189 1024 manus
206 957 402 1026 venerabilis
418 957 523 1043 patris
538 957 660 1025 Thome
681 958 734 1025 dei
750 957 864 1042 gracia
878 954 1032 1041 Episcopi
1049 951 1197 1020 Waeieu-

72 1066 115 1133 sis
133 1065 211 1132 aule
226 1071 336 1134 nostre
359 1063 557 1151 (lancellarij
574 1065 680 1133 tidelis
696 1063 808 1132 nostri.
825 1062 921 1130 Auno
937 1060 1067 1128 Domini
1083 1056 1199 1126 Meu

74 1171 300 1256 octuagesim0
315 1172 432 1257 primo.

162 1384 213 1456 (ΔΙ
226 1389 329 1442 eradent
340 1385 408 1442 utin
420 1389 516 1441 Kuaue
529 1385 647 1452 Mindor,
661 1391 775 1456 Magysr
788 1389 854 1442 Sion
866 1385 920 1448 111,
931 1388 987 1440 isit.
1001 1387 1063 1440 ddi.
1076 1383 1107 1455 1.)

531 1665 746 1677 ...ι-*ι-

600 2126 678 2236 crr.
777 2077 779 2080 ⁵

75 2333 138 2400 IV.
149 2331 382 2419 Mortonpdpa
387 2331 526 2416 parmai
534 2328 782 2394 Bonceoeaturat
796 2327 937 2412 repasci
952 2325 1100 2394 esame
1113 2327 1202 2395 icim-

545 2437 623 2502 cccc'.
641 2436 738 2501 1281.
813 2487 820 2505 .

186 2673 347 2743 Martinus
371 2674 553 2758 Episcopus
578 2691 690 2742 servus
715 2689 880 2741 servornm
908 2667 977 2756 Dei,
993 2667 1114 2736 dilecto
1131 2665 1199 2734 lilio

77 2784 176 2852 tratri
198 2786 422 2851 Bouaveuture
446 2783 488 2850 de
514 2784 635 2849 Parma
659 2783 771 2851 Eleate
799 2777 981 2864 ngusino,
1006 2778 1146 2846 salutem
1172 2783 1205 2844 et

77 2895 304 2980 Apostolicam
329 2890 596 2958 benedictionem.
629 2889 785 2958 Militanti
816 2887 980 2974 Ecclesie,
1014 2885 1206 2973 disponente

77 3001 238 3089 Domino,
269 2999 346 3069 licet
375 2998 527 3067 immeriti
557 2998 780 3087 presidentes,
804 2999 893 3065 circa
923 3015 1033 3062 curam
1063 2995 1205 3063 omnium

78 3105 303 3176 Ecclesiamm
329 3105 463 3174 solertia
485 3103 650 3172 reddimur
680 3105 844 3172 indelessa
873 3101 1024 3186 solliciti,
1054 3108 1090 3170 ut
1113 3102 1205 3173 iuxta

78 3215 259 3302 pastoralis
283 3214 383 3284 officii
409 3213 552 3283 debitum
567 3211 681 3281 crediti
696 3215 790 3281 nobis
807 3209 959 3279 dominici
976 3209 1084 3295 gregis
1100 3219 1205 3280 custo·

79 3325 173 3392 diam
198 3324 320 3392 utiliter
344 3342 456 3410 gerere
470 3322 592 3390 Divina
605 3327 802 3410 cooperante
817 3319 991 3388 clementia
1005 3317 1205 3388 studeamus.

79 3433 171 3500 Sane
195 3441 336 3502 vacante
361 3431 481 3500 dudum
505 3432 655 3500 Ecclesia
684 3433 852 3517 Ragusina
881 3449 938 3516 per
963 3429 1088 3497 obitum
1118 3427 1204 3494 boue

80 3541 242 3606 memorie
265 3538 371 3608 Salvii
395 3539 641 3628 Archiepiscopi
671 3539 849 3625 Ragusiui,
882 3535 1036 3605 canonici
1060 3535 1205 3622 ejusdem

82 3647 234 3714 Ecclesie
259 3648 422 3733 quondam
446 3647 578 3714 tratrem
603 3647 747 3716 Marcum
768 3649 809 3712 de
825 3645 970 3714 Venetiis
986 3643 1117 3713 Ordinis
1131 3645 1208 3714 Era-

81 3766 170 3824 trum
189 3755 346 3824 Minorem
362 3759 396 3823 in
412 3757 613 3842 Ragusinum
639 3754 935 3842 Archiepisoopum,
951 3760 987 3818 ut
1003 3751 1129 3840 dieitur,
1145 3753 1207 3822 ele-

82 3872 223 3950 geruut3
248 3861 306 3932 sed
331 3863 444 3933 eodem
460 3863 564 3932 iratre
579 3865 698 3952 Marco,
713 3871 887 3948 antequam
904 3867 991 3929 esset
1006 3863 1077 3929 eius
1092 3863 1208 3929 electio

82 3971 287 4058 confirmata,
313 3979 428 4039 nature
446 3972 589 4040 debitum
606 3973 822 4059 persolvente,
839 3969 978 4057 predicti
994 3969 1148 4038 Canonici
1164 3971 1208 4038 ad

82 4077 293 4156 maemndum
317 4079 359 4146 de
382 4081 484 4147 futuri
499 4081 731 4148 substitucione
748 4078 887 4166 pastoris
904 4077 1037 4145 insimul
1053 4095 1208 4145 convene-

85 4195 188 4271 ruut3
212 4195 246 4256 et
270 4187 464 4276 dubitantes,
489 4211 539 4274 ne,
567 4189 596 4256 si
624 4189 667 4255 ad
692 4187 882 4256 electionem
898 4183 1117 4270 procederent,
1133 4195 1165 4252 et
1179 4189 1209 4254 ei

84 4316 154 4364 uon
179 4303 315 4382 possent
338 4317 449 4364 omues
476 4298 600 4383 pariter
625 4299 659 4364 in
683 4317 782 4366 uuam
807 4295 1003 4364 concordare
1024 4313 1208 4381 personam,

85 4401 208 4474 exinde
222 4407 367 4493 oriretur,
385 4405 468 4472 inter
483 4405 572 4492 ipsos
588 4405 799 4476 dissentionis
816 4403 961 4490 materia,
976 4421 1035 4489 per
1049 4422 1146 4488 quam
1160 4403 1209 4472 eis

87 4523 122 4583 et
149 4513 213 4600 ipsi
238 4513 386 4580 Ecclesic
411 4511 585 4599 dispendia
607 4515 823 4594 imminerent,
851 4511 1111 4580 deliberaverunt
1126 4529 1208 4578 com-

88 4625 180 4694 muni
206 4639 365 4692 consensu
388 4627 421 4686 et
440 4622 584 4690 unanimi
599 4624 766 4693 voluntate
779 4622 884 4694 felicis
901 4616 1139 4689 recordacionis
1153 4619 1209 4686 lli·
