3080 5160
805 319 961 419 Q

322 514 388 584 hiis
403 513 520 582 seceris
545 523 578 582 et
602 513 786 603 inueneris,
810 532 850 580 ao
874 514 959 581 diem
983 514 1173 582 huiusmodi
1195 515 1394 601 prefixiouis,
1408 525 1437 582 et

322 623 471 712 sermm,
487 623 582 690 nobis
597 643 656 710 per
670 631 745 692 tuns
768 623 894 692 litteras
909 631 1055 690 tenorem
1071 621 1271 709 presencium
1282 622 1440 692 eontinen-

322 739 374 800 tes
389 750 551 816 exponere
565 731 705 798 fideliter
719 753 785 800 non
810 731 952 799 omittes.
975 733 1097 800 Datum
1122 731 1210 820 opud
1233 731 1439 800 Urbemrete

322 861 391 910 rem
407 839 495 910 vm
512 839 587 908 idus
600 839 733 926 Aprilis,
746 839 959 908 Pontifieetns
975 839 1078 908 nostri
1091 857 1179 909 enno
1195 841 1298 908 tertio.

324 1037 457 1103 (i'heiner
468 1016 605 1108 houton,
617 1040 716 1092 Vetere
727 1041 901 1092 linamente
913 1039 1055 1092 Steroruur
1076 1039 1293 1093 Meridionniinm
1304 1041 1443 1093 historin

696 1129 866 1184 illustrantis
879 1131 902 1184 1.
915 1131 972 1184 ket
985 1130 1032 1183 99.
1041 1129 1072 1198 Ι.)

776 1407 990 1422 mvn-u·-

844 1853 920 1923 257.

569 2058 662 2126 Mete
673 2055 1085 2165 oddomekxne'prendeiete.
1102 2051 1200 2121 1283.

431 2257 499 2324 Nos
523 2254 671 2322 Mothous
696 2253 885 2341 Palatinus,
909 2251 1025 2320 Comes
1050 2252 1257 2320 Posoniensis
1282 2257 1315 2320 et
1339 2251 1441 2317 lunc:

326 2365 543 2434 Cumanorum
570 2363 722 2432 memorie
745 2359 1010 2431 commendantes
1035 2360 1254 2446 significemus
1283 2359 1444 2428 uniuersis

326 2475 442 2562 quibus
458 2471 589 2560 expedit
603 2473 807 2560 presencium
822 2489 881 2560 per
891 2483 1051 2557 tenorem,
1068 2471 1155 2555 quod
1171 2471 1249 2556 quie
1264 2479 1382 2538 ennete
1397 2493 1443 2538 se·

325 2583 465 2654 eundum
480 2582 633 2649 Diuinem
649 2579 902 2666 disposicionem
927 2587 1003 2649 sunt
1027 2579 1223 2664 transitorie,
1238 2587 1271 2649 et
1293 2581 1445 2664 unnsqui-

324 2693 407 2763 libet
423 2697 569 2759 tesauros
584 2690 647 2760 sibi
664 2691 758 2759 debet
776 2689 811 2758 in
835 2691 916 2760 nelis
930 2691 1149 2774 teznurissre3
1171 2710 1230 2758 uos
1254 2690 1287 2755 in
1303 2689 1446 2757 diuersis

325 2803 454 2870 ossibus
469 2799 597 2867 iortune
621 2797 827 2888 incedentes,
851 2799 999 2868 uolentes
1014 2807 1122 2868 nostre
1140 2799 1249 2866 enims
1263 2797 1446 2884 inuigilare,

323 2909 385 2977 hoo
400 2910 569 2976 eondimos
584 2913 829 2976 testamentum:
854 2907 898 2977 Ut
915 2910 1138 2996 possessiones
1161 2917 1288 2976 nostres
1304 2908 1446 2990 Perisse,

323 3017 469 3104 Nympty
485 3025 518 3085 et
532 3017 613 3086 Jech
630 3026 773 3100 uooetes,
789 3037 861 3086 eum
879 3037 990 3086 eorum
1007 3017 1215 3106 pertinenoijs
1232 3017 1401 3102 uniuersis,
1414 3023 1447 3083 et

326 3147 397 3196 eum
413 3125 534 3194 tributo
550 3134 659 3194 nostro
675 3125 952 3213 deThopulehnn,
973 3127 1001 3196 si
1017 3148 1077 3194 nos
1094 3126 1203 3194 dehoe
1219 3125 1324 3194 seonio
1339 3129 1446 3192 treus·

323 3237 465 3320 migrare
481 3237 651 3321 continget
660 3285 670 3322 ,
696 3237 888 3319 reliquimus
914 3243 946 3304 et
961 3235 1142 3322 legeuimus
1162 3234 1288 3303 domine
1304 3239 1446 3302 eonsorti

324 3351 434 3412 nostre
449 3341 682 3429 possidendes3
699 3345 747 3409 ite
758 3343 846 3427 quod
862 3345 933 3411 eine
949 3343 1034 3411 inter
1048 3323 1177 3412 sorores
1192 3345 1225 3411 in
1240 3343 1363 3429 habitu,
1375 3353 1447 3412 stne

324 3454 358 3520 in
374 3451 507 3540 eisdem,
524 3451 629 3521 donee
653 3453 763 3539 uiuet,
782 3459 1004 3532 commoretur,
1022 3458 1054 3520 et
1070 3453 1206 3520 liberem
1223 3452 1340 3519 hebeat
1356 3451 1447 3538 ipses

324 3562 547 3646 possessiones
563 3559 754 3654 possidendi
770 3563 978 3648 facultatem,
1010 3583 1048 3629 ee
1064 3562 1105 3629 de
1121 3561 1262 3648 ipserum
1286 3563 1448 3647 prouenti·

325 3672 386 3738 bns
403 3689 461 3757 pro
477 3670 621 3739 remedio
646 3678 756 3739 nostre
772 3672 881 3738 anime
899 3670 1093 3738 elemosinas
1118 3673 1152 3738 in
1175 3671 1346 3739 missarum
1364 3671 1447 3737 eele-

325 3777 534 3850 breeionibus
550 3783 582 3846 et
597 3779 630 3856 in
642 3779 718 3864 oiijs
735 3777 913 3866 largietur5
929 3777 977 3846 ite
992 3787 1100 3846 temen
1115 3781 1202 3864 quod
1219 3781 1317 3846 freter
1332 3787 1450 3845 noster

325 3889 431 3958 medio
448 3897 592 3975 tempore
618 3887 720 3957 niohil
745 3891 826 3956 iuris
850 3887 971 3956 habeat
985 3889 1018 3955 in
1035 3888 1176 3974 eisdem;
1204 3887 1263 3956 sed
1280 3887 1353 3954 dum
1369 3887 1449 3972 ipse

325 3999 428 4068 eniam
444 4005 556 4066 nostre
571 4017 704 4068 oonsors
719 3999 865 4067 debitum
881 3999 1032 4066 uniuerse
1057 4000 1163 4065 earnis
1179 3997 1213 4064 in
1229 3998 1279 4065 sui
1293 3998 1448 4063 transmi-

324 4107 476 4192 grenione
492 4105 533 4174 de
547 4107 610 4175 hoo
634 4109 745 4175 seoulo
761 4107 955 4193 persoluerir
963 4158 973 4192 ,
1006 4107 1077 4194 ipse
1101 4112 1209 4172 nostre
1224 4103 1450 4192 possessiones

324 4214 359 4284 in
375 4217 427 4284 ius
443 4213 554 4283 iretris
575 4217 678 4284 nostri
694 4216 907 4290 deuoluuntur
933 4217 1059 4283 iterato.
1086 4213 1313 4285 Ordinnuimus
1329 4213 1449 4296 eciem,

325 4321 410 4409 quod
426 4327 649 4408 possessiones
673 4331 783 4393 nostre
799 4322 913 4410 Gyrky
944 4330 976 4390 et
998 4323 1137 4392 Nendor
1160 4332 1292 4406 nonete;
1314 4343 1353 4389 eo
1369 4321 1453 4407 quie

327 4439 402 4500 sunt
417 4451 474 4518 per
489 4453 550 4501 nos
574 4434 715 4518 inquisite
740 4442 773 4500 et
796 4454 860 4499 non
886 4431 1100 4516 hereditarie,
1127 4433 1159 4498 in
1184 4439 1374 4517 perpetuum
1394 4431 1450 4495 ins

324 4539 514 4626 Mounsterij
540 4543 640 4609 Beate
654 4541 798 4628 Virginis
824 4541 866 4609 de
881 4541 993 4609 Insula
1017 4540 1234 4608 deuoluentur
1250 4547 1281 4606 et
1296 4547 1448 4605 statuen-

326 4654 388 4715 tur.
405 4649 448 4714 Et
473 4655 508 4714 nt
523 4649 583 4715 heo
607 4651 766 4735 premisse
791 4671 861 4718 esse
877 4651 1003 4737 possint
1035 4657 1107 4717 rete
1131 4658 1163 4717 et
1177 4649 1289 4735 firme,
1312 4645 1448 4712 domine
