3138 5164
806 273 973 376 „42⁶-

304 464 404 532 ttortc
419 465 571 534 transiret
586 464 659 532 aliis
675 465 711 562 in
725 467 929 551 exemplum,
954 463 1138 532 discretioni
1163 473 1218 533 tue
1233 483 1292 551 per
1319 464 1451 552 Apcsto

324 570 392 638 lice
408 571 531 659 scripta
568 571 769 660 mandamus,
796 577 967 660 quatenus,
981 573 1009 640 si
1025 572 1084 638 tibi
1109 592 1168 659 per
1192 571 1314 638 sarnam
1330 571 1383 640 vel
1407 573 1450 637 iu-

323 677 477 762 daginem
492 678 671 746 constiterit
685 677 727 746 dc
740 677 917 765 promissis,
933 675 1071 746 eundem
1086 677 1283 765 Episcopum
1309 683 1451 764 exparte

323 791 437 852 nostra
452 785 666 871 peremptorie
681 785 780 852 citare
796 803 958 871 procures,
974 791 1010 850 ut
1040 782 1126 850 inira
1154 789 1295 866 quatuor
1324 803 1448 850 memes

322 897 396 973 post
412 889 597 958 citationem
613 897 702 958 tuam
717 889 933 978 personaliter
948 896 1134 976 compareat
1150 909 1258 956 coram
1284 889 1380 956 nobis
1404 888 1446 956 la-

323 1003 430 1064 ctnrus
445 1003 477 1064 et
499 1004 684 1084 recepturos
698 1017 797 1084 snper
820 995 881 1064 hoc
906 996 993 1080 quod
1016 996 1143 1064 iustitia
1166 995 1328 1064 suadebit
1355 997 1447 1062 Diam

322 1121 400 1170 uero
416 1102 580 1170 citationis
590 1110 622 1170 et
631 1102 778 1188 formam,
788 1109 820 1170 ct
828 1103 980 1188 quicquid
996 1122 1096 1190 super
1109 1104 1172 1170 hoc
1186 1101 1319 1171 duxeris
1328 1103 1446 1171 tacien-

321 1209 409 1296 dum,
426 1210 520 1278 nobis
536 1231 593 1296 per
608 1217 681 1280 tuas
695 1211 820 1278 litteras
836 1213 950 1280 harum
959 1212 1076 1280 seriem
1092 1212 1295 1279 continentes
1314 1211 1446 1279 studeas

319 1316 458 1384 fideliter
473 1317 632 1385 intimare.
647 1319 767 1384 Datum
781 1320 882 1386 Rcatc
891 1320 986 1386 nonis
1010 1317 1220 1406 Septembris,
1239 1317 1445 1388 Pontificatm
1506 1307 1510 1318 ⁵

319 1423 426 1492 nostri
450 1444 537 1490 anno
552 1425 666 1510 primo.

240 1667 245 1676 ,
322 1617 561 1682 (Theincr,Vctera
573 1620 900 1672 MonumentaSlarorum
918 1596 1140 1674 Meridionalinm
1153 1621 1296 1672 historiam
1307 1619 1442 1670 illnsman-

735 1711 785 1769 tia‚
798 1711 820 1760 1.
835 1709 891 1760 tce.
913 1710 973 1762 105.
986 1704 1016 1777 Ι.)

839 2515 917 2587 841.

302 2712 344 2776 .1
346 2711 381 2792 V,
397 2713 516 2780 mltos
534 2719 628 2801 pcipe
645 2739 667 2780 a
682 2717 827 2816 moriani
840 2715 967 2800 pilrpik
990 2714 1168 2778 marzani
1181 2713 1325 2798 jopctra'
1337 2715 1438 2788 abaco,

383 2817 471 2882 Troo
486 2825 584 2887 odo-oa
592 2827 764 2909 papedpdt
781 2844 821 2887 aa
835 2822 975 2908 apostoli
989 2820 1061 2888 sack
1076 2819 1276 2884 cccccccccc.
1293 2819 1388 2882 1288.

408 3011 561 3080 Nicolaus
576 3014 758 3103 Episcopus
777 3034 890 3083 servus
905 3033 1071 3082 servorum
1080 3013 1142 3078 Dei
1151 3011 1332 3078 venerabili
1349 3008 1437 3075 fratri

299 3117 535 3204 ...Episcopo
545 3120 874 3206 Noncnsi,ctdilcctis
883 3121 1015 3188 filiis...
1035 3119 1154 3185 Abbati
1163 3117 1351 3188 Monastcrii
1360 3117 1437 3182 San·

316 3221 360 3286 cti
377 3223 725 3309 GrisogoniJadransis
741 3234 772 3296 et
789 3278 796 3294 .
811 3278 836 3295 ..
852 3226 1089 3294 Archidiacono
1104 3224 1290 3310 Spalatcnai
1300 3225 1433 3289 salntem

317 3334 351 3394 ct
366 3329 585 3412 Apostolicam
595 3333 861 3428 benedictionem.
872 3333 938 3400 Sua
949 3331 1042 3400 nobis
1057 3331 1166 3398 dilecti
1181 3328 1240 3396 filii
1256 3327 1436 3412 Capitulum

317 3433 461 3502 Ecclesia
477 3438 668 3508 Morinensis
692 3441 726 3507 in
752 3440 927 3528 Dalmatia,
954 3441 1010 3524 qui
1026 3437 1113 3526 apud
1139 3436 1308 3512 ecclesiam
1335 3434 1435 3500 Castri

317 3541 459 3608 Sibcnici
490 3545 680 3616 Morinensis
712 3550 858 3616 Diocesis
890 3547 1030 3616 residere
1060 3546 1220 3630 dicuntur,
1252 3543 1436 3630 petitionem

316 3656 542 3737 monstrarunt,
557 3656 642 3737 quod
657 3655 733 3720 olim
743 3656 883 3724 Ciuitate
898 3653 1073 3720 Morinensi
1089 3673 1110 3719 a
1125 3649 1317 3718 scismaticis
1329 3645 1434 3714 Grecis

315 3754 486 3840 destructa,
500 3759 584 3826 bone
599 3764 749 3829 memorie
765 3763 956 3830 Morinonsis
972 3759 1163 3848 Episcopus,
1189 3757 1245 3840 qui
1261 3761 1339 3822 tnnc
1361 3757 1435 3834 erat,

315 3861 456 3944 dictique
465 3863 648 3951 Capitulum
658 3877 690 3935 ot
705 3867 817 3938 Clarus
828 3869 971 3950 eiusdem
991 3867 1137 3934 Girimtis
1153 3862 1241 3932 acad
1261 3859 1435 3948 predictum

316 3967 462 4038 Castrum
478 3972 630 4064 Silenici,
645 3977 730 4061 qnod
745 3978 956 4064 propinquum
974 3974 1058 4042 dicte
1073 3970 1208 4038 Civitati
1222 3968 1323 4036 luisse
1335 3965 1436 4032 dinos-

315 4075 407 4164 citur,
423 4083 665 4166 transtulerunt,
681 4083 737 4150 nbi
752 4083 873 4150 dictum
888 4081 1074 4168 Capitulum
1097 4079 1228 4146 fuerunt
1253 4093 1312 4159 pcr
1338 4073 1434 4154 longa

315 4187 493 4267 temporum
508 4187 614 4272 spatia
630 4189 827 4277 commorati,
853 4195 885 4254 et
910 4188 1015 4254 adhuc
1040 4191 1230 4273 permanere
1253 4185 1433 4250 noscuntur,

315 4273 482 4374 dictusque
491 4293 669 4380 Episcopus
685 4295 729 4360 ad
738 4295 898 4380 quoddam
908 4291 1137 4382 monasterinm
1156 4289 1296 4376 positum
1313 4285 1348 4351 in
1359 4281 1434 4350 uilla

314 4413 378 4476 qne
393 4396 586 4482 Tragurium
602 4408 814 4490 nuncupatur,
831 4402 978 4484 accessit,
994 4419 1034 4467 ac
1051 4400 1086 4466 in
1101 4396 1214 4465 eadem
1252 4391 1335 4459 uilla
1352 4387 1431 4457 diam

303 4501 431 4568 «clausit
454 4512 651 4576 extremum:
677 4509 735 4578 secl
758 4531 830 4578 cum
856 4510 945 4576 dicta
970 4507 1119 4578 Ecclesia
1145 4499 1338 4572 llorincnsia
1366 4503 1432 4582 post
