3118 5158
613 831 669 900 80.

72 1033 132 1100 IV.
156 1009 273 1100 Maelo
297 1030 474 1117 kirdtycak
499 1028 615 1095 Kaldc
637 1026 833 1114 mctfotdet
849 1027 1005 1116 roryyazt
1021 1025 1205 1110 adomoaya

259 1161 281 1204 a
295 1138 486 1224 nyclszr'qeti
501 1135 727 1222 opocaaadrdc
740 1138 901 1200 sadmdra.
925 1135 1021 1201 1275.
1040 1233 1043 1238 ,

181 1346 252 1413 Nos
276 1343 451 1414 Lcrlizlaus
477 1345 540 1412 Dei
564 1343 678 1430 gracia
707 1345 779 1412 Rex
804 1343 974 1429 Hungarie
1003 1343 1120 1412 damus
1143 1363 1204 1429 pro

75 1454 231 1521 memoris
270 1451 493 1536 significantes
532 1452 693 1519 rniucrsis
726 1452 930 1537 presencium
960 1471 1019 1537 per
1048 1457 1204 1536 tenorem,

70 1561 160 1645 quod
185 1567 305 1640 terram
320 1557 433 1626 Kuldu
457 1565 625 1638 vocatam,
648 1577 745 1642 quam
764 1557 912 1625 dominus
931 1558 967 1625 B.
983 1577 1065 1624 auus
1081 1563 1203 1640 noster,

74 1675 105 1736 et
130 1666 285 1736 dominus
311 1665 357 1732 St.
384 1673 478 1752 pater
501 1672 614 1734 noster
636 1663 806 1732 karissimi
830 1664 979 1732 Illustres
994 1665 1100 1748 Reges
1115 1661 1206 1729 Hun-

69 1774 167 1859 gsrie
191 1773 337 1841 felicium
361 1771 627 1840 recordacionum
651 1771 800 1839 Ecclesie
817 1771 919 1839 Beate
933 1771 1081 1857 Virginis
1096 1771 1137 1838 de
1153 1771 1205 1837 In·

74 1881 167 1966 sula,
192 1879 250 1946 ubi
275 1878 408 1947 domina
433 1877 604 1946 Elisabeth
629 1876 806 1945 karissima
830 1883 1058 1945 sorornostra
1082 1879 1204 1945 etalio

71 2005 203 2054 sorores
228 1987 300 2054 Deo
326 1984 445 2068 iugiter
475 1983 694 2068 famulantur,
718 1982 896 2050 dinoscitur
926 1983 1105 2050 contulisse
1135 1983 1204 2050 suis

71 2091 271 2178 priuilegijs‚
294 2089 517 2158 confirmando
542 2089 699 2173 dedimus,
721 2089 925 2176 donauimus,
950 2089 1144 2156 contulimus
1169 2097 1202 2158 et

70 2218 130 2266 uos
147 2198 214 2284 ipsi
229 2197 376 2266 Ecclesie
390 2203 547 2284 perpetuo
566 2195 818 2282 possidendam
843 2193 1029 2264 reuocando
1054 2197 1203 2265 collacio-

70 2325 155 2390 nem,
180 2323 281 2388 quarn
298 2304 433 2390 Symoni
459 2310 491 2372 et
515 2304 590 2390 alijs
615 2304 782 2372 nobilibus
806 2302 985 2371 feceramus
1011 2302 1053 2370 de
1069 2303 1202 2389 eadem;

66 2414 149 2494 quia
164 2411 269 2497 ijdem
286 2411 373 2480 falsa
388 2413 599 2497 ¹suggestions
614 2413 819 2497 postularant
834 2416 954 2478 terram
972 2417 1202 2479 memoratam:

64 2517 173 2586 etad
198 2511 443 2607 possessiouem
468 2519 573 2606 ipsius
594 2525 684 2585 terre
709 2518 912 2604 corporalem
940 2537 998 2603 per
1022 2517 1202 2586 Walterum
1270 2515 1273 2522 '

67 2624 232 2692 Comitem
258 2624 298 2692 de
322 2627 520 2712 Kamarum,
553 2629 723 2694 Rectorem
749 2625 859 2693 Casiri
888 2624 1059 2709 Budensis,
1074 2609 1203 2693 'coram

66 2733 260 2800 testimonio
291 2733 434 2819 Capituli
465 2731 626 2802 Budensis
656 2733 792 2801 fecimus
817 2730 989 2800 introduci.
1021 2732 1142 2800 Datum
1168 2735 1203 2800 iu

67 2839 186 2907 Castro
202 2839 349 2908 Budensi
374 2841 478 2908 tercia
502 2840 586 2909 feria
610 2841 760 2927 proxima
778 2847 852 2925 post
867 2839 986 2907 festum
1000 2841 1104 2907 Beate
1120 2841 1203 2908 llar-

63 2953 182 3028 garetc
199 2947 360 3032 Virginis,
384 2967 469 3016 anno
486 2947 619 3014 Domini
634 2947 854 3015 M⁰oc⁰cxx⁰
869 2947 994 3032 quinto.

61 3121 207 3186 rurensis
221 3121 397 3194 blirhirtyin,
420 3123 526 3178 ahitul
549 3127 601 3178 oda
622 3133 745 3192 nyomott
770 3123 863 3194 pessit
883 3125 1010 3180 tliredelre
1032 3142 1166 3194 magram
1184 3142 1203 3177 a

398 3215 482 3268 budai
493 3215 545 3270 kir-
558 3217 683 3269 kaurarai
694 3213 887 3284 leveltirban.)
918 3234 920 3240 ’
