3146 5166
769 257 929 358 ‘or-o-

283 465 344 539 tas,
362 456 505 540 erigeret
519 472 622 521 nonas
638 459 742 520 metes
752 453 845 519 iuxta
861 452 1033 535 antiquam
1045 446 1273 514 limitaoionem
1299 464 1412 513 earun-

282 543 366 652 dem,
384 571 418 630 et
433 563 564 632 easdem
579 549 685 630 terras
696 567 824 630 statuat
848 559 1044 627 dominabus
1068 559 1233 626 sororibus
1265 557 1412 632 Ecclesia

281 673 383 739 Beate
397 669 543 756 Virginis
559 668 693 756 pacifice
704 662 931 756 possidendas.
947 667 1084 734 Nouerit
1098 667 1209 749 itaque
1222 663 1342 732 Uestra
1352 667 1410 730 Re·

281 777 529 866 giallelsitudo,
545 777 632 863 quod
648 797 720 844 oum
735 797 795 844 nos
810 775 952 860 receptis
969 772 1152 842 huiusmodi
1165 773 1279 840 litteris
1294 773 1409 838 Uestre

282 887 463 955 Maiestatis
478 883 641 952 hominem
669 893 815 952 nostrum
840 904 912 950 oum
940 881 1097 966 Magistro
1125 881 1164 947 G.
1191 881 1409 948 misissemus:

280 995 484 1081 postmodnm
501 993 603 1078 ijdem
619 993 776 1076 Magister
793 990 1059 1059 chomouester
1075 988 1219 1057 ethome
1236 996 1348 1058 noster
1365 990 1407 1056 ad

280 1122 341 1170 nos
356 1100 483 1170 reuersi
500 1101 594 1168 nobis
610 1100 809 1186 retulerunt3
827 1098 914 1184 quod
932 1099 1017 1164 idem
1034 1099 1190 1183 Magister
1215 1098 1258 1164 G.
1282 1099 1408 1185 predic-

280 1216 451 1278 baeterrae
467 1207 637 1291 Zolontha,
651 1205 847 1275 Makulusct
861 1205 1049 1290 Zulgageur
1074 1206 1257 1272 nominatas
1272 1225 1408 1272 comme-

281 1316 388 1384 taneis
404 1315 472 1384 suis
490 1323 522 1383 et
537 1314 664 1397 vicinis,
675 1314 908 1400 jobagionibus
938 1313 1064 1380 scilicet
1088 1313 1197 1380 Casiri
1216 1311 1407 1382 Kamarien·

279 1421 336 1508 sis,
351 1429 383 1489 et
398 1423 474 1510 alijs
498 1424 693 1510 conuocatis,
712 1431 744 1492 et
759 1423 882 1492 eisdem
899 1422 1115 1510 presentibus,
1129 1442 1169 1490 ac
1184 1430 1292 1508 preter
1309 1423 1406 1489 Nico·

279 1530 368 1597 laum
385 1530 485 1598 lilium
502 1530 663 1618 Pynkusd
679 1551 745 1600 non
761 1528 1060 1600 contradicentibus
1070 1549 1142 1596 cum
1152 1529 1304 1598 omnibus
1320 1530 1406 1598 utili·

279 1637 401 1706 tatibus
417 1659 457 1707 uo
473 1639 685 1725 pertinenoijs
702 1659 815 1707 earum
831 1639 945 1708 statuit
972 1643 1005 1706 et
1028 1637 1212 1721 assignarit
1237 1637 1331 1706 iuxta
1355 1658 1409 1706 ue·

280 1751 382 1814 rtrum
396 1746 584 1814 mandatnm
601 1746 794 1814 dominabus
811 1745 975 1815 sororibus
1001 1744 1150 1814 Ecclesia
1175 1746 1277 1814 Beate
1301 1745 1407 1831 Virgi-

278 1853 330 1922 nis
346 1853 570 1944 pcssidendas.
585 1853 650 1923 Sed
664 1855 829 1942 prediatus
844 1855 1001 1924 Nicotaus
1016 1853 1103 1922 lilius
1112 1852 1282 1942 Pynkusd,
1298 1853 1354 1939 qni
1369 1874 1406 1923 se

280 1961 366 2030 dixit
381 1961 677 2049 essejcbagionem
694 1962 801 2031 castri
826 1963 1063 2050 Kamariensis,
1088 1962 1220 2050 ibidem,
1246 1971 1279 2030 et
1303 1965 1406 2031 eciam

278 2069 483 2155 postmodum
498 2089 608 2138 coram
624 2071 718 2140 nobis
733 2075 932 2158 protestatus
948 2076 1000 2138 est
1031 2078 1063 2139 et
1079 2069 1182 2157 dixit,
1214 2069 1303 2155 quod
1335 2071 1406 2155 ipse

278 2179 500 2248 etLadinlaus
531 2179 631 2247 lrater
646 2199 724 2248 suns
740 2180 775 2246 in
791 2178 938 2266 predicta
963 2187 1049 2246 terra
1076 2178 1221 2248 Zakalus
1247 2177 1407 2246 baberent

277 2287 472 2375 particulam
499 2295 583 2356 terre
613 2285 854 2374 hereditariam,
884 2308 984 2375 snper
1008 2309 1083 2374 qua,
1115 2287 1267 2356 videlicet
1297 2308 1406 2356 eornm

277 2397 439 2484 porcione,
456 2395 656 2464 contradixit
670 2415 779 2464 coram
795 2397 898 2465 nobis.
917 2398 1003 2465 Mete
1017 2405 1135 2484 autem,
1154 2397 1404 2466 liminitaoiones

281 2510 313 2574 et
328 2504 456 2574 termini
471 2505 551 2574 ville
566 2505 703 2574 Zolontu
718 2504 876 2592 Zakalus,
900 2525 981 2590 quos
1011 2505 1142 2591 quidem
1156 2507 1310 2576 terminos
1326 2493 1406 2573 'siue

279 2620 384 2682 metas
400 2613 558 2699 Magister
573 2613 613 2682 G.
631 2621 664 2683 et
678 2613 774 2682 horno
790 2621 899 2683 noster
916 2614 952 2681 in
977 2613 1105 2702 scriptis
1131 2613 1228 2683 nobis
1254 2613 1406 2683 exbibue-

276 2729 361 2808 runt,
376 2721 438 2790 hoo
453 2721 566 2790 ordine
582 2721 820 2806 distinguntur.
836 2721 947 2790 Prima
961 2730 1049 2790 meta
1063 2744 1085 2791 a
1101 2730 1194 2808 parte
1204 2723 1406 2808 septemtrio-

276 2828 346 2896 nali
362 2835 411 2897 est
426 2829 509 2898 villa
523 2832 632 2916 Beryn
649 2837 681 2897 et
697 2830 845 2898 Ecclesia
862 2829 1072 2898 Waoiensis
1063 2851 1098 2896 ιιι
1112 2830 1275 2918 Dudwag,
1301 2829 1408 2899 termi-

275 2957 337 3007 nus
353 2937 399 3008 ibi
415 2945 550 3007 uocatur
566 2936 726 3006 Kakthu
717 2959 751 3005 ru
767 2957 854 3022 aqna
868 2939 1040 3025 Dndwag3
1056 2938 1134 3008 item
1149 2939 1294 3007 secunda
1318 2946 1409 3008 meta

215 3061 220 3067 ’
276 3045 346 3114 siue
360 3048 516 3116 terminus
533 3055 583 3116 est
597 3047 680 3115 uilla
694 3047 787 3115 Staul
802 3049 1074 3116 lawarnicornm
1065 3069 1099 3116 ιιι
1116 3047 1311 3135 paludibns3
1326 3048 1408 3114 item

278 3158 322 3224 ab
337 3155 464 3226 oriente
480 3154 661 3223 continetur
676 3174 748 3222 cunr
765 3156 917 3224 Ecclesia
932 3155 1096 3224 Janriensi
1111 3175 1213 3240 usque
1228 3153 1409 3240 piscariam

275 3263 311 3330 in
334 3261 494 3349 Dudwag,
520 3282 583 3348 que
607 3269 743 3332 uocatur
768 3261 912 3350 Ghyng3
940 3263 1017 3330 item
1042 3282 1140 3350 supra
1155 3259 1331 3348 Gbpugtbn
1355 3269 1410 3329 est

275 3370 410 3457 quidam
426 3373 582 3439 terminus
598 3373 654 3457 qui
669 3375 805 3440 uocatur
819 3370 913 3438 Thou
928 3371 1082 3456 Dudwag
1097 3379 1129 3438 ot
1144 3371 1331 3460 Kueskutb,
1348 3373 1409 3457 qni

276 3480 377 3548 eciam
394 3481 535 3566 pertinet
550 3479 594 3547 ad
604 3479 718 3548 uillam
728 3479 873 3548 Makalns
885 3481 1128 3567 supradictam,
1147 3480 1225 3547 item
1235 3482 1277 3548 ab
1287 3479 1407 3547 eadem

274 3593 367 3674 parte
385 3587 503 3655 diuidit
518 3595 551 3654 et
566 3585 739 3674 distinguit
753 3589 940 3673 quedam
909 3609 964 3656 vra
982 3591 1022 3657 N.
1041 3611 1061 3657 a
1086 3597 1161 3675 par
1162 3609 1180 3656 e
1204 3589 1408 3676 populorum

274 3694 670 3783 Arebiepiscopopalinm3
701 3698 778 3764 itern
794 3697 837 3764 ab
853 3696 977 3765 oriente
993 3702 1025 3766 et
1040 3697 1083 3764 ab
1099 3695 1214 3765 eadem
1239 3695 1380 3783 parte
1349 3717 1409 3764 ure

274 3803 389 3890 Seylos
406 3804 574 3872 descendit
588 3804 632 3871 ad
648 3811 766 3872 terram
783 3805 837 3871 ubi
854 3814 930 3873 sunt
946 3803 1008 3872 due
1034 3813 1120 3873 rnete
1145 3804 1179 3870 in
1204 3804 1278 3890 ipsa
1303 3808 1407 3891 terra,

274 3931 337 3996 que
352 3917 468 3980 metas
483 3919 576 4000 parte
591 3911 735 3982 inferiori
752 3911 1007 4000 Archiepiscopo
1017 3911 1241 3999 Strigoniensi,
1253 3913 1409 3998 superior

273 4039 350 4088 uero
366 4026 451 4088 meta
467 4021 639 4106 distinguit
654 4029 687 4090 et
702 4020 820 4089 diuidit
835 4023 913 4090 ville
927 4022 1073 4089 Zakalns
1100 4019 1306 4108 supradicte3
1324 4022 1407 4086 item

272 4133 401 4214 aparte
418 4127 622 4196 meridionali
638 4135 713 4196 sunt
729 4129 793 4196 due
808 4129 982 4217 piscature,
1000 4150 1063 4214 que
1075 4127 1231 4214 Weynbel
1243 4133 1407 4196 uocantur

272 4238 307 4304 in
323 4235 436 4324 Myler,
452 4257 513 4320 que
530 4245 602 4304 runt
626 4237 771 4323 ipsorum
798 4238 989 4324 populorum
1005 4235 1047 4304 de
1071 4237 1237 4323 Zakalus3
1263 4239 1342 4304 item
1365 4237 1405 4303 in

272 4344 326 4412 via
327 4363 412 4431 ,per
428 4363 525 4429 quam
543 4345 605 4412 itur
620 4344 663 4410 ad
694 4343 885 4431 eeclesiam,
902 4350 978 4413 sunt
993 4343 1163 4412 duodecim
1189 4345 1404 4430 piscaciones,

272 4470 334 4535 que
349 4449 486 4537 Wynbel
503 4459 672 4520 uocantur.
689 4451 758 4520 Nec
775 4460 884 4520 tamen
900 4452 961 4520 hoc
977 4452 1188 4540 obmittimus,
1213 4451 1300 4536 quod
1327 4471 1402 4536 pro-

274 4553 379 4622 dictus
393 4555 547 4626 Nicotaus
563 4579 584 4627 ιι
598 4559 691 4627 nobis
705 4559 879 4642 requisitus
895 4581 1012 4630 nomen
1029 4567 1061 4628 et
1077 4560 1294 4645 quantitatem
1313 4566 1401 4628 terre
