3146 5166
631 915 710 984 415.

108 1112 166 1176 IV.
182 1113 297 1180 La‘ado
305 1115 487 1200 kircityock
497 1115 758 1197 Landok,Roloce
768 1117 917 1200 echrer
926 1115 1159 1202 aectf'o'ldcket
1171 1123 1236 1182 tcir-

106 1223 209 1304 9yozo
225 1220 411 1306 adomcinya
421 1220 545 1301 Endre,
564 1222 686 1308 Potyoa
702 1223 858 1304 comcefla
873 1227 1030 1288 amoena.
1049 1200 1100 1286 E'c
1120 1224 1229 1289 notat

214 1415 283 1482 Nos
297 1413 471 1482 Ladislaus
488 1416 549 1483 Dei
565 1417 678 1502 gracia
693 1419 764 1485 Rex
780 1417 947 1501 Hnnganie
972 1417 1124 1485 memorie
1149 1439 1235 1486 com·

106 1521 302 1589 mendantes
319 1521 539 1606 significamus
564 1524 681 1607 quibus
698 1524 832 1611 expedit
847 1523 1007 1591 vninersis
1032 1525 1235 1608 presencium

104 1649 162 1714 per
179 1637 341 1699 tenorem:
357 1630 445 1715 quod
457 1653 516 1699 nos
532 1630 746 1702 consideratis
757 1631 969 1700 fidelitatibus
980 1638 1012 1698 et
1021 1631 1235 1702 seruioiorum

104 1737 230 1805 meritis
247 1738 376 1805 Andrec
392 1737 566 1807 familiaris
581 1739 708 1808 iuuenis
723 1741 825 1808 nostri
851 1739 910 1824 filij
935 1738 1070 1806 Comitis
1095 1741 1237 1829 Polyan‚

104 1865 167 1930 que
186 1845 273 1912 idem
290 1847 383 1914 nobis
399 1847 537 1913 fideliter
553 1847 700 1916 exhibuit
716 1855 749 1917 et
763 1847 941 1936 impendite
957 1848 1116 1935 quasdem
1133 1851 1232 1917 villas

104 1961 138 2020 et
153 1954 383 2040 possessiones
409 1959 441 2021 et
466 1954 569 2024 siluas
584 1964 712 2024 nostres
737 1957 898 2044 Regeles,
923 1955 984 2023 hoo
1009 1963 1058 2024 est
1083 1957 1230 2043 Landok,

106 2062 223 2132 Rokus
239 2071 272 2130 et
288 2065 397 2152 Nyrer
421 2073 637 2152 nuncupatas,
655 2088 694 2135 ex
711 2074 821 2135 nostra
836 2067 1016 2135 collacione
1033 2063 1179 2133 dedimus
1200 2074 1232 2133 et

103 2173 304 2238 contulimus
320 2173 427 2239 eidem
444 2174 709 2260 supranominato
725 2173 858 2242 Andrec
883 2180 1038 2260 perpetuo
1065 2174 1234 2259 possiden·

103 2278 175 2349 dos.
193 2281 315 2347 Datum
332 2281 366 2346 in
392 2280 622 2368 Gilnyohbane
652 2286 768 2368 quanto
796 2281 850 2349 die
875 2283 1111 2368 quindenarum
1143 2282 1236 2348 Beati

105 2385 257 2473 Georgij.

102 2605 166 2668 (111.
182 2603 274 2655 Endre
289 2601 436 2668 kiraiynak
452 2607 562 2659 laoo-ki
575 2607 738 2672 megoriisitii
762 2603 1009 2674 privilegiumtboh
1033 2623 1050 2658 a
1075 2608 1156 2658 budai
1182 2609 1233 2662 kin.

513 2697 635 2748 kamarai
648 2694 839 2764 levelttrban.)

565 2983 777 2994 ..u—-

628 3540 705 3608 416.

100 3740 120 3803 1
128 3739 163 3804 V.
180 3739 296 3804 Lecto
311 3739 424 3823 kircty
438 3736 562 3803 Istodnt
577 3741 609 3804 ee
624 3739 719 3818 Poilt,
735 3739 868 3822 madly
898 3759 997 3802 comeo
1005 3738 1098 3822 ficit,
1114 3763 1136 3803 o
1150 3749 1235 3804 caat·

97 3849 194 3912 mers
207 3847 348 3934 scapo
364 3851 395 3911 es
410 3851 480 3912 mco
495 3847 591 3913 sarco
606 3848 764 3932 hatosctqa
788 3845 1025 3931 atctfetmeno.
1052 3824 1102 3910 nto
1118 3848 1236 3912 seiont.

214 4039 389 4108 Ladialaus
412 4040 474 4108 Dei
490 4041 601 4124 gracia
626 4041 694 4106 Rex
709 4039 880 4124 Hungarie
911 4039 1062 4109 fidelibus
1087 4041 1155 4108 suis
1181 4039 1238 4108 Go-

99 4149 177 4216 miti
194 4199 203 4218 .
220 4198 228 4214 .
247 4199 255 4215 .
272 4148 469 4234 deZotma1·,
486 4147 704 4222 ac.vninersis
715 4146 896 4234 jndicibus,
919 4148 1036 4232 quibus
1053 4148 1186 4234 expedit
1203 4156 1236 4214 et

100 4262 275 4344 presentes
292 4254 522 4342 ostendentur,
536 4256 673 4325 salutem
690 4264 722 4325 et
737 4257 889 4340 graciam.
921 4257 999 4324 Cum
1018 4257 1185 4341 Stephano
1204 4261 1237 4322 et

99 4366 211 4433 Panlo
226 4365 307 4452 filijs
322 4364 493 4434 Michaelis
509 4364 594 4432 hano
610 4365 754 4450 graciam
771 4364 947 4451 specialem
964 4385 1022 4450 pro
1038 4364 1185 4445 seruicijs
1204 4370 1238 4429 et

103 4473 321 4541 fidelitatibus
351 4473 524 4542 eorundem
540 4471 726 4542 duxerimus
756 4473 954 4557 faciendam,
984 4472 1070 4556 qnod
1086 4469 1186 4554 ijdem
1204 4477 1237 4536 et

102 4581 253 4664 homines
273 4581 317 4649 ad
343 4583 431 4670 ipsos
454 4579 657 4670 pertinentes
673 4601 694 4648 a
710 4587 871 4668 potestate
887 4601 943 4648 sen
954 4577 1189 4670 jurisdieoione
1205 4584 1237 4644 et
1362 4673 1365 4685 y

1006 4686 1070 4759 36*
