3124 5158
766 287 925 388 Qq-

282 478 348 546 nici
364 488 395 546 et
411 480 525 548 Ciuilis
543 533 550 566 ‚
591 481 653 549 sibi
682 483 734 550 uel
754 486 850 552 alteri
866 505 924 572 pro
942 505 980 552 eo
996 489 1190 572 competenti
1208 495 1240 554 et
1256 489 1420 573 competi-

282 594 353 653 tnro
369 587 401 654 in
419 597 619 675 perpetuum.
644 592 840 660 Promittens
862 595 1096 680 sollempniter,
1122 594 1207 679 quod
1225 617 1289 660 non
1307 617 1421 681 oppo-

282 705 336 762 nct
351 714 409 779 per
425 716 461 762 se
477 697 529 764 uel
545 699 657 784 elium,
674 718 731 767 reu
747 701 841 778 ulios,
866 700 952 784 quod
969 701 1044 768 huic
1060 702 1240 769 contractui
1256 702 1288 766 in
1305 710 1420 768 totum

282 804 336 870 uel
353 801 386 868 in
402 809 529 888 partem
544 826 680 894 nocere,
719 809 773 874 uel
791 810 905 876 obesse
919 811 1042 894 possit,
1080 829 1137 875 seu
1153 831 1213 894 per
1229 809 1316 892 quod
1334 809 1420 875 effe-

284 917 353 977 ctus
369 910 570 980 uendicicnis
602 915 673 981 siue
697 915 889 981 insolutum
921 913 1068 982 ducionis
1093 915 1275 983 huiusmodi
1306 915 1420 1001 impe·

284 1016 348 1082 diri
364 1019 499 1104 uolent,
539 1021 591 1087 uel
618 1020 768 1108 infringi,
794 1041 851 1090 seu
877 1023 1119 1106 quomodolibet
1134 1023 1316 1108 retardari,
1357 1023 1421 1088 uel

285 1127 386 1193 eciem
402 1129 584 1194 retraetari.
624 1127 717 1207 Quod
738 1129 901 1216 polenium
935 1150 1006 1196 curn
1037 1131 1105 1198 suis
1136 1130 1350 1216 pertinencijs
1386 1137 1422 1196 et

284 1235 401 1304 finibus
433 1234 596 1302 constituit
622 1255 657 1302 se
674 1255 731 1320 per
747 1257 783 1302 ee
799 1243 830 1303 et
847 1257 922 1304 suos
948 1235 1081 1304 heredes
1107 1239 1255 1322 precario
1281 1237 1422 1305 nomine
1554 1244 1555 1292 ι

286 1342 363 1409 dicti
380 1341 523 1427 Capituli
539 1345 715 1428 possidere,
739 1347 841 1413 donec
861 1345 1063 1431 corporalem
1079 1349 1319 1430 possessionem
1335 1345 1422 1412 inde

285 1449 469 1535 occeperint
486 1459 519 1517 et
535 1450 705 1520 habuerint
720 1472 791 1518 cum
809 1453 943 1536 edectu3
983 1473 1079 1535 quem
1105 1451 1260 1535 intrandi,
1291 1452 1421 1538 aecipi-

288 1558 375 1647 endi,
392 1558 503 1660 utendi
520 1567 550 1628 ct
566 1559 728 1628 retinendi
753 1562 951 1629 auctoritate
970 1563 1103 1646 propria
1119 1581 1177 1648 per
1192 1581 1226 1628 se
1243 1561 1295 1629 uel
1311 1560 1420 1626 aliurn

287 1688 344 1735 scu
376 1669 459 1754 ulios
485 1667 590 1736 eidem
617 1667 767 1754 Cupitulo
786 1668 875 1735 dedit
892 1676 924 1735 et
940 1671 1100 1738 concessit
1117 1671 1252 1738 liberem
1270 1673 1421 1754 potesta-

287 1784 362 1845 tem.
386 1778 580 1845 Promittere
606 1776 693 1860 qnod
718 1778 760 1845 de
775 1776 861 1844 dieto
876 1777 1005 1864 palacio
1024 1785 1056 1845 et
1071 1779 1140 1847 suis
1155 1779 1278 1846 iuribus
1294 1783 1325 1841 ct
1341 1793 1420 1860 per·

287 1885 437 1970 tiucncijs
453 1885 575 1953 nemini
600 1887 651 1952 ius
677 1885 769 1952 dedit
794 1885 928 1968 aliquod
953 1887 1006 1954 uel
1025 1887 1131 1973 cessit,
1170 1885 1258 1969 quod
1272 1881 1421 1970 presenti

289 1993 468 2060 contractui
493 1998 605 2077 posset
630 2010 701 2058 esse
724 1992 901 2076 nociuum;
941 1992 1027 2075 quod
1046 1993 1073 2057 si
1089 1991 1198 2058 datum
1215 1992 1266 2058 vel
1283 2008 1420 2056 eonces-

289 2119 414 2166 cessum
431 2100 633 2187 apperuerit,
656 2101 804 2191 promisit
829 2121 886 2185 per
901 2119 937 2167 sc
953 2109 985 2168 et
1001 2119 1078 2168 suos
1094 2100 1231 2166 heredes
1247 2096 1418 2184 stipulaci-

290 2229 350 2276 one
379 2207 539 2294 solempni
569 2208 706 2295 prelotis
732 2207 909 2295 Propositis
934 2207 1162 2294 recipientibus
1187 2228 1245 2293 pro
1261 2205 1421 2290 Capitulc

290 2317 472 2405 antedicto,
505 2318 587 2384 illud
612 2320 798 2403 reoquirere
813 2317 880 2386 suis
894 2318 1094 2404 pignoribus,
1119 2315 1308 2402 sumptibus,
1324 2315 1420 2380 labo·

291 2428 381 2494 ribus
397 2433 429 2492 et
444 2426 606 2511 expensis,
631 2433 665 2492 et
679 2425 785 2512 ipsum
801 2425 966 2511 palacium
983 2445 1054 2492 cum
1071 2426 1218 2492 omuibus
1234 2424 1301 2492 suis
1316 2423 1419 2488 rebus

290 2543 323 2604 et
337 2534 462 2602 iuribus
477 2554 516 2602 sc
533 2535 747 2620 pertinencijs
763 2535 962 2621 exobligare,
989 2541 1020 2601 et
1038 2535 1145 2621 ipsum
1161 2533 1298 2601 liberum
1313 2539 1345 2598 et
1362 2551 1419 2597 eu-

290 2643 445 2732 peditum,
470 2650 502 2712 et
518 2666 539 2712 e
553 2643 682 2711 nemine
698 2650 890 2728 occupatum
908 2643 984 2710 dere
1010 2650 1042 2709 et
1057 2642 1204 2726 tradere,
1244 2648 1276 2706 et
1307 2639 1419 2724 ipsum

291 2753 333 2819 ab
349 2751 436 2817 omui
452 2769 604 2838 persona,
631 2751 840 2818 uniuersitstc
866 2770 922 2818 scu
948 2750 1086 2833 collegio
1102 2743 1284 2832 defendere,
1307 2755 1419 2814 aueto-

291 2859 391 2925 ritere
407 2863 440 2924 et
456 2857 647 2943 disbrigare‚
673 2867 706 2927 et
721 2859 754 2924 iu
770 2867 960 2945 perpetuum
976 2857 1149 2943 indempne
1165 2857 1271 2942 ipsum
1287 2854 1418 2940 Capitu-

291 2969 358 3036 lum
375 2971 418 3036 ob
434 2967 582 3035 omnibus
598 2985 800 3034 conseruere.
817 2968 859 3033 Et
877 2965 1022 3050 predicte
1039 2972 1070 3033 et
1085 2963 1299 3045 infrascripto
1308 2961 1420 3027 omnis

292 3085 324 3144 et
338 3075 470 3161 singula
487 3075 635 3161 promisit
653 3080 686 3140 et
703 3093 760 3159 per
776 3074 1024 3160 stipulaciouem
1050 3073 1267 3159 solempnem,
1308 3090 1366 3157 per
1381 3089 1419 3135 se

292 3191 325 3250 et
340 3203 415 3250 suos
431 3182 567 3249 heredes
584 3180 751 3250 attendere
774 3188 806 3248 ct
821 3181 994 3249 obseruare
1010 3187 1042 3247 et
1057 3177 1237 3264 adimplere
1253 3199 1324 3245 cum
1340 3177 1419 3244 effe-

293 3298 364 3378 ctu,
388 3293 450 3360 sub
476 3289 681 3376 obligsoioue
705 3290 847 3356 omnium
871 3289 1025 3356 bonorum
1052 3307 1184 3356 suorum
1201 3285 1366 3353 mobilium
1384 3292 1419 3352 et

292 3397 514 3484 immobilium,
539 3398 742 3486 presencium
758 3404 791 3464 et
807 3395 909 3465 eciem
926 3396 1123 3482 futororum,
1148 3397 1209 3462 sub
1224 3413 1311 3480 peno
1326 3391 1421 3477 dupli

292 3507 454 3574 dictorum
469 3507 682 3577 ducentarum
697 3525 895 3591 marcarum
921 3524 983 3590 que
999 3525 1084 3590 pens
1099 3503 1224 3570 tociens
1240 3499 1420 3568 committe·

294 3627 347 3686 tur
372 3626 405 3687 et
422 3617 510 3706 exigi
528 3617 632 3702 possit
647 3624 679 3684 et
697 3615 816 3683 debeat
831 3633 903 3680 cum
919 3613 1034 3681 effectu
1044 3663 1054 3698 ,
1079 3612 1234 3695 quociens
1252 3609 1288 3675 in
1303 3607 1420 3692 eliqui-

293 3730 354 3794 bus
370 3747 428 3794 seu
444 3725 552 3811 aliquo
573 3724 614 3790 de
631 3721 784 3808 predictis
800 3719 897 3789 fuerit
912 3716 1155 3787 contrafactum.
1180 3715 1286 3795 Quem
1301 3733 1422 3801 penem

294 3835 471 3922 prelibatus
488 3833 630 3919 Vgrinus
645 3851 703 3918 per
718 3849 753 3896 se
769 3836 801 3898 ct
816 3826 953 3897 heredes
969 3845 1044 3894 suco
1065 3822 1171 3891 eidem
1182 3822 1330 3908 Cepitulc
1341 3821 1423 3887 dore

295 3950 328 4012 et
343 3943 480 4027 soluere,
503 3949 539 4010 ut
554 3940 675 4008 dictum
692 3947 751 4022 est,
775 3941 804 4006 si
823 3938 856 4003 in
876 3939 988 4021 aliquo
1005 3931 1230 4003 eouucfecerit
1246 3951 1351 4018 perse
1367 3929 1423 3995 uel

294 4075 353 4144 per
369 4054 487 4138 elium,
509 4052 563 4119 uel
590 4049 699 4117 omnis
714 4055 746 4115 et
762 4046 894 4131 singule
909 4065 974 4112 nou
991 4050 1139 4111 seruaret
1148 4092 1157 4128 ,
1192 4040 1348 4124 solempni
1364 4037 1422 4102 sti·

295 4161 470 4252 pulecicne
486 4157 652 4244 promisit3
691 4163 724 4224 et
748 4173 834 4241 peno
859 4154 967 4220 solute
991 4151 1045 4218 uel
1060 4168 1135 4235 non,
1157 4151 1339 4216 contractus
1357 4143 1422 4211 iste

295 4275 408 4340 firmus
433 4276 465 4336 et
488 4266 637 4346 illibatus
655 4269 846 4351 permoneat
862 4260 950 4329 omni
968 4265 1111 4345 tempore
1128 4259 1162 4323 in
1178 4262 1279 4321 totum
1295 4259 1327 4320 et
1343 4271 1422 4334 qus·

297 4381 378 4448 libet
394 4383 488 4465 perte
503 4375 564 4443 sui.
589 4375 629 4440 Et
644 4373 777 4457 iusuper
792 4369 958 4457 predictus
975 4366 1116 4451 Vgrinus
1131 4362 1229 4430 tectis
1245 4359 1422 4445 corporali-

298 4495 348 4556 ter
378 4481 596 4554 sacrosanctis
622 4477 805 4564 euangelijs
831 4473 1038 4545 iureiurando
1064 4470 1210 4558 promisit
1234 4475 1266 4534 et
1282 4468 1424 4532 firmouit

300 4591 510 4679 solempniter
526 4588 634 4657 omnis
659 4593 691 4655 et
714 4587 846 4672 singule
867 4581 1055 4672 supradicte
1069 4599 1127 4666 per
1143 4597 1177 4647 sc
1193 4583 1226 4643 et
1242 4593 1317 4642 suos
1333 4573 1425 4642 bere-
