3118 5158
101 1003 143 1067 Aa
159 1013 346 1092 eszterpami
360 1011 587 1096 keiptalauaub
604 1015 878 1104 bizouysdqleuete,
902 1024 985 1108 bopp
1000 1049 1020 1088 a
1035 1029 1225 1113 upudszipeti

99 1119 239 1200 apciczdk
265 1141 286 1181 u
302 1120 376 1183 uehi
392 1120 459 1187 Onu
475 1125 651 1209 belyaeybeu
671 1126 805 1193 [sabella
823 1131 1016 1217 eiretpettut
1031 1136 1223 1223 udontduyu

353 1239 416 1295 zott
430 1229 599 1298 binoltbaa
614 1237 849 1304 stuturiltattuk.
875 1243 971 1307 1274.

202 1441 270 1509 Nos
295 1443 480 1529 Capitulum
506 1445 652 1514 Ecclesia
677 1446 911 1532 strigoniensis
938 1451 1052 1520 damus
1078 1476 1136 1540 pro
1159 1477 1222 1523 me·

100 1551 208 1628 muria,
233 1548 321 1634 quod
347 1551 472 1618 litteras
498 1552 628 1620 domine
653 1556 679 1620 I.
697 1556 835 1623 illustris
851 1559 974 1642 Regius
990 1561 1157 1646 Hungarie
1174 1585 1222 1630 re-

100 1659 239 1742 cepimus
271 1658 484 1744 enutrientes,
519 1660 605 1743 quod
636 1659 709 1745 ipsa
740 1662 871 1730 demina
902 1665 1030 1750 Regina
1061 1670 1224 1752 quandem

36 1841 44 1856 ι
100 1773 217 1832 terram
242 1784 334 1831 suam
352 1765 421 1832 Cbu
447 1774 596 1834 uoeamm
622 1769 653 1834 in
672 1769 834 1836 Comitatu
853 1773 1069 1857 Strigunieusi
1085 1777 1223 1842 existen-

99 1881 159 1938 tem
183 1873 351 1940 sororibus
376 1870 416 1938 de
441 1873 554 1940 Insula
569 1875 669 1942 Beate
685 1879 827 1960 Virginis
854 1883 1055 1948 eontulisset.
1088 1885 1130 1949 Et
1149 1903 1221 1950 eum

99 2001 154 2048 nus
167 1987 299 2065 recepto
317 1981 471 2048 mandato
489 1981 635 2049 eiusdem
651 1985 782 2052 domine
798 1989 929 2073 Regius,
947 1989 1040 2056 iuxta
1056 1991 1223 2057 eontinen-

98 2090 178 2154 uiam
203 2087 386 2155 litterarum
412 2109 544 2156 suarum
561 2089 723 2158 bominem
742 2101 888 2163 nostrum
908 2097 1115 2182 misissemus,
1132 2098 1223 2164 euius

99 2196 280 2263 testimonio
296 2197 412 2264 (lomes
427 2197 578 2282 Haragus
595 2200 691 2268 horno
708 2202 837 2270 domine
848 2203 970 2287 Regine
986 2205 1223 2271 reambulandn

99 2307 198 2391 ipsam
224 2312 346 2372 terram
373 2325 444 2371 eum
472 2307 621 2376 omnibus
645 2309 840 2378 utilitatibus
866 2319 898 2377 et
919 2311 1129 2398 pertineneijs
1144 2315 1223 2394 suis,

98 2413 297 2500 presentibus
324 2415 555 2481 eummetaneis
581 2421 614 2480 et
639 2417 754 2482 vicinis
779 2425 936 2486 statueret
959 2417 1115 2503 predictis
1137 2438 1222 2484 soro·

98 2523 184 2589 ribus
209 2521 280 2588 sine
304 2519 484 2605 preiudieio
509 2521 588 2589 iuris
613 2524 714 2590 alieni
740 2526 991 2612 possidendam3
1017 2524 1221 2611 postmodum

99 2628 195 2716 ijdem
212 2629 330 2696 Comes
347 2629 499 2714 Haragns
516 2631 611 2697 bomo
636 2629 764 2698 domine
780 2635 914 2719 Regius,
940 2641 972 2702 et
996 2636 1090 2703 bomo
1115 2643 1225 2702 noster

98 2737 138 2802 ad
152 2757 212 2803 nus
238 2737 363 2804 reuersi
389 2737 482 2804 nobis
510 2741 704 2826 retulerunt,
730 2742 816 2823 quod
836 2742 870 2808 in
886 2743 1033 2828 predicta
1048 2750 1137 2810 terra
1154 2741 1224 2808 Gbu

97 2847 290 2912 inuenerunt
319 2851 439 2911 terram
470 2846 661 2931 Reginalem
693 2857 821 2916 uentum
857 2857 890 2918 et
920 2851 1129 2937 septuaginta
1161 2850 1224 2915 tria

97 2953 219 3034 iugera,
238 2972 310 3017 uum
336 2959 424 3019 terra
439 2953 596 3020 nobilium
623 2962 655 3022 et
669 2956 806 3022 aliorum
832 2957 873 3024 de
889 2958 959 3025 Gbu
985 2959 1110 3024 mixtim
1136 2957 1223 3023 adia·

97 3061 218 3146 rencia,
231 3045 278 3125 ‘et
294 3060 434 3127 diuisam
461 3081 532 3128 eum
548 3063 678 3147 berbis;
704 3065 743 3130 de
759 3067 875 3148 quibus
902 3073 1030 3132 centum
1046 3071 1079 3131 et
1095 3071 1223 3148 septua-

99 3168 190 3250 ginta
206 3167 309 3234 tribus
333 3167 503 3250 iugeribus
528 3171 738 3258 septuaginta
762 3171 827 3237 tria
852 3172 966 3255 iugera
992 3171 1115 3237 suntin
1138 3181 1225 3235 terra

98 3277 224 3358 limata,
250 3295 314 3357 que
329 3277 510 3358 uulgaritet
529 3279 613 3344 tetulo
628 3285 770 3363 uocatur,
794 3283 880 3347 terra
895 3297 972 3344 uero
990 3290 1115 3344 eentum
1134 3280 1223 3360 iuge·

97 3403 164 3449 rum
181 3390 231 3449 est
247 3381 384 3449 arabilis
401 3391 433 3448 et
448 3387 658 3472 campestris,
684 3393 716 3451 et
732 3384 888 3452 diuiditur
904 3406 975 3453 uum
991 3385 1108 3452 herbis.
1144 3385 1224 3452 Item

98 3492 167 3556 loca
193 3490 379 3573 vinearum,
406 3509 469 3573 que
493 3501 568 3558 sunt
592 3493 679 3558 ultra
704 3491 867 3575 quoddam
892 3491 1052 3560 fossatum
1078 3491 1225 3576 antiqum

96 3593 192 3684 (lgy),
219 3619 239 3662 a
255 3597 444 3682 parte-ville
460 3597 613 3666 Chulnuk
633 3599 794 3684 pertinent
819 3600 861 3665 ad
878 3608 999 3666 terram
1016 3601 1224 3684 Reginalem;

96 3705 166 3770 luca
183 3725 260 3770 uem
276 3705 466 3788 vinearum,
498 3725 560 3788 que
575 3711 650 3772 sunt
676 3708 717 3772 ab
733 3707 800 3772 alia
814 3713 905 3792 parte
931 3708 1073 3775 eiusdem
1098 3707 1225 3788 fossati,

96 3812 249 3880 videlieet
274 3833 296 3878 a
311 3819 404 3896 parte
420 3811 499 3878 ville
515 3811 595 3899 Cbu,
617 3822 693 3880 sunt
708 3815 865 3880 nobilium
883 3814 924 3882 de
941 3815 1022 3881 unu.
1047 3816 1089 3880 Et
1105 3816 1138 3881 in
1154 3835 1224 3900 pre-

96 3919 183 3988 dicta
199 3920 280 3985 villa
297 3919 367 3986 Obu
383 3927 458 3986 sunt
486 3921 519 3986 in
536 3929 625 3988 terra
640 3923 793 4006 Reginali
809 3924 882 3989 lona
897 3931 1035 4007 quatuor
1050 3923 1223 4006 curiarum,

95 4029 125 4093 in
141 4047 278 4110 quorum
296 4027 421 4094 duobus
439 4025 500 4093 due
516 4027 658 4094 resident
674 4029 868 4116 mansiones,
885 4030 947 4097 duo
964 4049 1042 4096 uero
1058 4029 1132 4095 loca
1149 4035 1225 4094 suut

96 4157 213 4220 vacua;
232 4135 316 4202 sieut
331 4135 391 4202 hee
407 4135 517 4202 omnia
533 4137 646 4204 (lomes
663 4137 817 4220 Haragus
833 4137 928 4204 bomo
944 4135 1073 4204 domine
1090 4135 1226 4221 Regina,

94 4252 124 4311 et
148 4245 247 4312 bomo
273 4249 385 4310 noster
410 4243 506 4309 nobis
533 4245 720 4310 retulerunt.
755 4245 796 4310 Et
820 4243 906 4310 idem
935 4245 1049 4312 Comes
1074 4243 1226 4324 Haragus

94 4350 240 4437 predicta
269 4357 399 4417 eentum
431 4357 464 4416 et
482 4353 692 4435 septuaginta
723 4350 839 4434 iugera
868 4359 955 4418 terre
986 4371 1057 4417 eum
1085 4349 1223 4436 prefatis

93 4460 172 4526 loeis
198 4459 365 4525 vinearum
390 4459 477 4524 ultra
492 4459 650 4525 fossatum
676 4465 805 4545 aparte
822 4459 900 4526 ville
917 4457 1067 4525 Obolnuk
1085 4455 1222 4524 existen·

92 4565 189 4654 tibus,
215 4573 247 4633 et
272 4585 345 4632 eum
362 4565 443 4633 loeis
471 4573 610 4652 quatuor
635 4566 797 4635 curiarum
822 4567 1027 4653 presentibus
1055 4573 1226 4634 commeta
