3126 5150
842 825 896 892 lt.

299 1019 357 1085 IV.
392 1019 509 1086 dealo
538 1021 714 1107 kirdlycalt
753 1021 1026 1112 ttaonyatpteoete,
1055 1027 1137 1112 hopy
1169 1027 1288 1092 Mimos
1321 1029 1432 1093 czelb'tt

298 1130 473 1212 pco’aeoczea'
489 1125 630 1214 fdiepo‘a
655 1127 769 1193 Petalen
793 1130 932 1196 birtolra't
950 1129 1091 1196 Benedok
1111 1131 1241 1199 Mdrloc
1257 1133 1377 1215 fldaolc
1396 1136 1433 1200 el-

755 1237 844 1304 adio.
881 1240 978 1304 1273.

407 1431 475 1498 Nos
492 1429 667 1500 Ladizlaus
683 1431 745 1498 Dei
770 1433 882 1516 gracia
897 1435 968 1499 Rex
984 1435 1153 1518 Hungerie
1172 1436 1327 1504 memorie
1347 1457 1429 1505 conr·

298 1539 490 1607 mendamus
516 1539 741 1623 significantes
766 1547 879 1608 tenore
902 1541 1108 1627 presencium
1133 1542 1312 1628 uniuersis,
1345 1545 1429 1628 quod

299 1646 437 1714 Nicolao
453 1648 521 1715 filio
532 1649 639 1732 Tyba,
654 1646 794 1716 condam
805 1647 929 1716 Comite
941 1649 982 1716 de
992 1649 1177 1718 Guersence
1194 1651 1236 1717 ab
1247 1671 1312 1720 una
1328 1661 1428 1738 parte,

300 1751 476 1823 Benedicto
504 1755 572 1822 filio
596 1755 729 1822 Martini
765 1775 804 1822 ex
829 1756 934 1822 altera
958 1775 1067 1823 coram
1092 1757 1185 1824 nobis
1216 1760 1431 1843 personaliter

299 1864 502 1947 constitutis;
535 1862 623 1929 idem
649 1862 763 1930 (lomes
788 1861 946 1932 Nicolaus
971 1871 1089 1930 terram
1118 1865 1244 1933 Peklen
1269 1876 1427 1952 vocatam,

299 1971 489 2038 existentem
516 1969 731 2038 indemitate
757 1968 798 2037 de
814 1971 1020 2058 Guerzence,
1046 1993 1109 2056 que
1134 1971 1297 2056 quondam
1324 1974 1429 2042 luerat

299 2087 388 2147 terra
402 2079 531 2147 Nicolai
556 2077 635 2146 dicti
659 2078 795 2165 Toldol,
819 2099 916 2164 qnam
942 2079 1029 2145 idem
1045 2080 1161 2148 Comes
1178 2080 1334 2150 Nicolaus
1359 2083 1432 2168 ipso

298 2188 398 2278 (sinc)
415 2188 570 2257 heredum
590 2188 714 2255 solacio
743 2187 919 2255 decedente
939 2207 979 2253 en
996 2189 1176 2256 collacione
1191 2188 1296 2273 Regia
1312 2189 1430 2256 babue-

299 2304 352 2364 rat
378 2303 409 2363 et
425 2296 637 2386 possederat,
661 2293 829 2364 confessus
858 2303 909 2362 est
933 2315 968 2362 se
985 2295 1190 2383 vendidisse,
1216 2295 1311 2362 nobis
1327 2297 1428 2364 eciam

297 2405 561 2490 permittentibus
592 2413 624 2471 et
655 2402 948 2488 consencientibus,
982 2401 1128 2489 predicto
1159 2402 1337 2472 Benedicto
1370 2423 1431 2488 pro

300 2513 510 2598 septuaginta
526 2512 664 2598 marcis,
689 2519 820 2595 recepta
836 2509 909 2597 ipsa
925 2511 1065 2596 pecunia
1080 2511 1229 2596 plenarie
1245 2513 1287 2578 ab
1304 2511 1428 2592 eodem,

303 2619 387 2686 sicut
402 2618 506 2685 eciam
521 2620 555 2686 in
565 2617 752 2703 patentibus
767 2618 886 2686 litteris
898 2619 1039 2704 Capituli
1052 2617 1261 2686 Ohasmensis
1278 2619 1338 2685 sub
1354 2638 1430 2704 pen·

300 2722 389 2793 denti
405 2725 514 2810 sigillo
530 2725 691 2794 emanatis
706 2726 801 2792 nobis
818 2725 926 2810 patuit
942 2724 1099 2792 eudentcr
1116 2751 1123 2790 :
1148 2726 1209 2791 tali
1224 2725 1429 2810 obligacione

298 2837 487 2918 interiecta,
512 2835 599 2918 quod
625 2835 904 2918 quandocunque,
929 2834 983 2900 uel
1008 2853 1068 2917 per
1092 2851 1317 2917 quemcunque
1341 2833 1429 2901 idom

298 2940 494 3010 Benedictus
511 2943 680 3010 occasione
699 2943 857 3029 premisse
873 2948 959 3008 terre
974 2949 1157 3026 venaretur,
1172 2949 1299 3009 tenetur
1315 2942 1431 3009 Comes

299 3049 454 3117 Nicolaus
472 3069 543 3117 eum
561 3049 716 3136 expedire
732 3049 873 3137 proprijs
888 3049 1056 3118 laboribus
1073 3057 1106 3117 et
1120 3049 1284 3136 expensis.
1310 3049 1430 3114 Datum

298 3157 388 3222 Bude
413 3158 446 3222 in
472 3158 643 3242 quindenis
675 3159 884 3226 Pentecostes
913 3177 1000 3223 anno
1025 3156 1156 3223 Domini
1181 3157 1225 3222 Μο
1243 3155 1307 3222 00⁰
1323 3155 1431 3221 LXX⁰

297 3265 406 3333 tercio.

299 3442 437 3508 (Eredotie
455 3441 642 3510 bbrbr'srtydn,
661 3459 677 3495 s
695 3441 772 3496 hatul
791 3445 844 3496 oda
862 3450 986 3509 nyomott
1008 3443 1101 3510 pecsdt
1119 3443 1266 3504 olvesnett,
1286 3457 1303 3493 a
1326 3437 1432 3492 fb'mdlt.
1544 3457 1545 3524 j

585 3535 630 3598 bg.
651 3531 800 3598 Batthytni
820 3532 911 3585 oselld
930 3531 1145 3600 leveltdrlbau.)
1544 3527 1545 3554 l
