3080 5160
167 1244 191 1307 l
192 1237 227 1307 V.
246 1239 361 1308 Lutto
374 1243 482 1329 kirolp
498 1240 646 1308 sumsuh
662 1243 694 1307 ts
708 1241 847 1332 quyehe
862 1249 945 1308 ueott
954 1238 1131 1328 sildekueit
1147 1243 1297 1326 hotdrjo·

274 1349 366 1416 reiecit
381 1349 507 1436 ttlyteo
524 1351 649 1435 hapyjo
665 1345 795 1416 Saetosi
812 1348 905 1413 Peter
921 1351 1083 1415 adurere.
1101 1347 1200 1415 1284.

279 1579 347 1646 Nos
373 1575 548 1647 Ladioluus
568 1577 630 1646 Dei
648 1577 760 1662 grauia
774 1580 843 1646 Rex
860 1579 1028 1662 Hungarie
1043 1579 1198 1645 memorie
1214 1595 1300 1644 oom-

166 1687 361 1755 mendantes
392 1683 613 1772 significamus
644 1691 754 1754 tenore
786 1685 986 1774 presentium
1018 1687 1136 1770 quibus
1164 1684 1297 1773 expedit

165 1794 338 1881 uniuersis,
365 1791 451 1878 quod
477 1793 592 1860 Petrus
617 1791 704 1860 titius
729 1793 860 1888 Georgij
892 1791 931 1858 de
957 1794 1075 1860 Sumus
1102 1792 1197 1860 nobis
1213 1793 1297 1863 dixit

165 1900 432 1990 protestustando
456 1898 554 1989 (tgp'),
570 1899 656 1984 quod
672 1899 804 1994 quidem
831 1901 932 1968 nioini
951 1899 1001 1968 sui
1018 1899 1175 1984 quasdem
1192 1908 1297 1978 terras

164 2027 246 2078 suas
270 2007 486 2076 hereditarias
512 2007 661 2074 Sumreth
689 2001 732 2074 et-
747 2007 895 2094 Ygtyohe
920 2025 1020 2074 noeas
1036 2004 1125 2094 (tgy)
1142 2005 1176 2074 in
1193 2009 1297 2076 comt-

165 2122 240 2182 tetu
264 2115 305 2181 de
331 2115 430 2182 Surus
446 2113 636 2191 existentes,
653 2113 799 2182 indebite
814 2121 847 2181 et
862 2115 983 2181 iniuste
999 2121 1223 2203 oeeupsssent,
1240 2135 1295 2202 pe·

164 2228 239 2287 tens
264 2239 335 2286 onrn
361 2218 564 2308 (instantia),
591 2219 676 2304 quod
702 2220 863 2288 hominem
890 2227 1034 2288 nostrum
1062 2220 1223 2304 daremus,
1239 2222 1296 2307 qui

164 2329 229 2395 sub
254 2325 438 2394 testimonio
462 2327 626 2412 Prepesiti
651 2335 685 2394 et
708 2327 898 2398 Gonoentus
926 2327 967 2395 de
982 2327 1064 2396 Jazo
1081 2328 1299 2395 reambularet

165 2435 259 2522 ipsas
284 2441 386 2502 terres
410 2455 468 2522 per
485 2440 619 2502 ueteres
644 2441 748 2508 metas
769 2441 803 2502 et
819 2435 972 2520 antiquas
989 2435 1196 2520 presentibus
1212 2457 1295 2507 eom·

165 2543 326 2611 metaneis
350 2549 382 2610 et
408 2543 536 2626 uicinis,
553 2549 586 2611 et
600 2548 756 2610 statueret
771 2543 890 2626 eidem,
904 2545 933 2609 si
949 2563 1015 2610 non
1031 2541 1147 2610 tierent
1162 2543 1294 2628 quidum

164 2648 420 2716 contradietores
446 2647 531 2738 (tgy)
558 2657 666 2717 autern
693 2649 736 2717 ad
751 2658 896 2718 nostram
912 2651 1116 2738 presenoium
1134 2657 1297 2720 enecaret.

164 2755 230 2838 Qui
247 2755 451 2842 postmodnm
468 2757 563 2824 nobis
580 2759 822 2845 rescripserunt,
840 2755 926 2842 qnod
943 2757 1096 2824 Herrieus
1117 2757 1213 2826 homo
1238 2779 1293 2828 no·

164 2871 235 2932 ster
250 2871 401 2950 presente
418 2863 605 2933 testimonio
621 2865 773 2952 ipsorum,
794 2865 1000 2951 presentibus
1018 2865 1249 2934 oommetaneis
1265 2873 1298 2934 et

167 2970 289 3040 uietnis
314 2972 574 3040 reambulasssnt
600 2973 691 3057 ipsas
707 2979 812 3048 terras
828 2993 886 3058 per
902 2983 1028 3040 ueteres
1045 2977 1150 3039 metus
1166 2979 1198 3040 et
1213 2973 1295 3040 anti·

164 3091 260 3162 quus,
286 3083 320 3144 et
343 3078 534 3148 statuissent
560 3077 663 3146 eidem
691 3081 787 3150 Petro
804 3079 895 3146 nullo
911 3079 1041 3165 penitus
1057 3077 1295 3172 eontradietore

164 3185 341 3262 existente.
358 3183 503 3264 Quarum
521 3185 651 3271 quidem
667 3168 828 3254 terrarum
844 3191 940 3272 meto,
956 3187 1040 3254 sieut
1056 3185 1159 3270 ijdem
1174 3187 1294 3274 Propo·

164 3293 251 3384 situs
277 3298 309 3360 et
333 3291 518 3362 conuentus
534 3295 629 3362 nobis
644 3293 887 3380 rescripserunt,
904 3291 966 3360 hoe
980 3293 1096 3360 ordine
1112 3292 1293 3382 distingun-

165 3407 241 3468 tur:
268 3398 388 3487 Inoipit
416 3397 504 3466 eirea
528 3419 648 3484 aquarn
674 3400 803 3468 Tartha
827 3400 963 3468 interius
988 3399 1224 3487 sydoupotou·
1238 3399 1294 3468 ubi

164 3513 246 3577 suut
260 3505 324 3574 due
339 3505 476 3592 sulioes3
492 3512 525 3572 et
541 3503 617 3572 inde
634 3505 725 3574 uadit
740 3525 836 3594 super
851 3507 986 3591 lignum,
1002 3505 1089 3592 quod
1105 3505 1204 3590 uulgo
1219 3501 1295 3572 dioi-

163 3621 221 3682 tur
243 3614 362 3700 eoilso‚·
386 3611 593 3698 postmodum
620 3611 768 3683 aseendit
784 3618 1035 3699 supermontem
1052 3613 1085 3678 in
1101 3611 1202 3679 tinnio
1218 3611 1294 3678 uret-

162 3719 287 3808 potok3
303 3725 336 3786 et
350 3715 471 3787 deinde
486 3719 634 3788 aseendit
649 3719 738 3786 eirea
753 3718 891 3788 modum
907 3739 1026 3802 aquam
1043 3717 1124 3786 salis
1140 3719 1251 3808 longe,
1263 3727 1295 3786 st

163 3826 375 3914 elongabitur
398 3847 420 3893 a
444 3825 598 3894 salieibus
613 3827 782 3915 paruulis,
805 3828 969 3894 etiterum
984 3826 1133 3895 aseendit
1147 3825 1191 3894 ud
1206 3847 1293 3896 rnon-

162 3943 232 4004 tem
257 3934 451 4022 Hygyshyg,
478 3941 511 4000 et
537 3931 702 4002 deseendit
728 3952 968 4020 superaquam,
985 3941 1200 4018 qneuooatur
1216 3934 1291 4021 Sey·
1309 3995 1314 4002 ,

163 4061 264 4129 eyna,
283 4047 317 4110 et
330 4059 428 4127 super
444 4039 580 4108 eandem
597 4059 716 4124 aquarn
740 4039 891 4110 aseendit
906 4038 1111 4127 setislonge,
1128 4060 1295 4126 quousque

164 4149 260 4218 uenit
274 4169 372 4237 super
387 4149 542 4234 Sumnet;
568 4154 601 4215 et
616 4146 735 4216 deinde
759 4145 851 4216 uadit
865 4167 963 4234 snper
978 4147 1142 4216 iornaoenr
1158 4149 1294 4216 sementi

162 4278 207 4328 ex
232 4261 328 4344 parte
353 4258 448 4345 parui
473 4256 557 4342 Job;
583 4255 662 4322 item
688 4252 837 4324 aseendit
863 4253 907 4321 ad
931 4263 1073 4325 montem
1099 4275 1197 4324 nnurn
1212 4256 1294 4325 satis

148 4347 299 4450 *longum
315 4370 348 4432 et
361 4361 475 4450 tatum,
487 4367 520 4428 et
535 4361 704 4432 deseendit
719 4362 815 4445 inire,
824 4363 1019 4432 Miohaelenr
1030 4363 1078 4430 ita
1087 4361 1293 4449 eireneundo,

165 4479 204 4542 nt
218 4491 320 4560 supra
334 4469 493 4557 audistin
508 4470 677 4541 deseendit
693 4477 725 4540 et
740 4469 830 4540 uenit
844 4470 961 4538 iterato
976 4469 1021 4539 ed
1036 4489 1156 4555 equam
1165 4469 1295 4538 'l'ereha

163 4580 316 4668 superius
330 4585 472 4668 pontem,
490 4577 546 4664 qui
561 4584 699 4647 nooetur
714 4577 942 4665 synouporok.
958 4578 1081 4648 Datum
1098 4575 1131 4644 in
1147 4573 1242 4644 Dodo
1257 4577 1293 4644 in
