3080 5160
596 349 660 414 377

548 439 656 445 ---.-.-
665 437 705 444 ...-

67 549 125 614 bus
141 547 208 613 suis
221 547 369 614 Johaune
385 553 417 612 et
431 545 598 612 Ztanialao
613 565 634 611 a
649 549 758 610 nostra
773 535 870 628 pecijt
884 539 1062 625 Maiestate,
1078 537 1176 625 prini-

66 656 187 740 legium
203 655 375 741 empcionis
392 654 559 722 cniusdam
572 653 649 719 tilla
659 651 845 738 Regyoulch
861 655 983 735 vocate,
993 654 1102 716 nostre
1111 669 1179 736 pre-

66 763 174 832 sencie
198 771 414 850 presentatum
438 764 540 848 Regio
567 762 773 847 dignaremur
793 757 961 844 priuilegio
983 759 1180 826 confirmare.

66 871 164 940 buius
180 871 310 955 quidem
326 871 486 957 priuilegij
506 869 681 955 empcionis
697 874 787 936 tenor
800 867 828 934 is
845 875 913 934 est:

173 981 242 1048 Nos
258 979 412 1064 Magister
426 981 467 1046 M.
484 979 603 1045 Diuina
619 975 829 1043 miseracione
850 975 1036 1059 Prepositus
1051 973 1092 1042 de
1107 973 1179 1041 See

63 1109 122 1172 pus
149 1089 211 1155 stb.
229 1085 440 1178 (lrdvetkezik
457 1108 477 1152 a
493 1085 618 1172 saepesi
633 1083 861 1170 kaptalaunak
889 1082 1023 1150 tels-ki
1049 1083 1180 1176 binony7

64 1194 232 1280 stglevele
246 1196 327 1261 mint
342 1194 469 1263 tentebb
490 1197 561 1260 151.
579 1213 621 1262 sz.
637 1190 683 1276 a.)

170 1303 324 1372 Exhibuit
354 1303 456 1371 eciam
489 1307 639 1387 patentes
669 1300 793 1368 litteras
817 1299 964 1366 Ladizlal
991 1297 1122 1366 Comitis
1139 1297 1180 1365 de

62 1413 196 1497 Seepus,
224 1432 284 1478 nec
308 1431 372 1476 non
396 1409 567 1496 priuilegia
588 1408 739 1495 Capituli,
754 1415 785 1474 et
801 1408 935 1475 Abbatis
964 1407 1093 1475 Ordinis
1118 1407 1179 1493 Gy·

63 1519 251 1588 sterciensis
266 1518 329 1586 loci
344 1518 498 1599 eiusdem,
526 1525 667 1584 tenorem
693 1517 733 1583 de
757 1517 853 1584 uerbo
869 1515 910 1584 ad
927 1517 1063 1583 uerbum
1077 1517 1176 1582 conti·

61 1629 179 1695 nencia
203 1625 434 1710 supradictum.
454 1625 506 1691 Ad
523 1624 674 1692 maiorem
691 1623 793 1690 eciam
810 1645 867 1692 sue
882 1623 1076 1693 assercionis
1092 1631 1125 1690 et
1141 1623 1178 1691 ti·

63 1735 121 1802 tuli
153 1735 340 1801 firmitatem
366 1733 571 1818 priuilegium
589 1729 709 1798 domini
724 1731 856 1798 illustris
881 1733 979 1818 Regis
1003 1732 1089 1819 Belo,
1116 1752 1180 1816 quo

59 1843 143 1909 idem
153 1831 335 1911 Autbaleus
352 1851 384 1910 et
393 1842 576 1928 Stephanus
592 1841 677 1908 filius
693 1841 836 1909 eiusdem
853 1841 971 1910 dictam
990 1841 1099 1910 villam
1116 1843 1176 1910 Re·

59 1949 1032 2036 gyoulobpossidebant‚quodeciaminpretatisuendicionis
1048 1949 1175 2036 priuile-
1247 2029 1250 2036 Ι

58 2061 121 2145 gijs
147 2078 222 2126 cum
237 2059 314 2144 alijs
330 2058 535 2126 munimentis
551 2081 586 2126 ee
603 2065 846 2146 assumpserunt
862 2058 1044 2156 reddituros
1061 2060 1096 2126 in
1112 2081 1178 2127 ma·

58 2191 117 2237 nus
128 2189 218 2256 suas,
232 2168 392 2236 redditum
409 2177 441 2236 et
455 2167 607 2236 traditum
624 2189 695 2234 cum
712 2167 862 2236 omnibus
880 2169 955 2255 alijs
970 2169 1177 2236 munimentis

60 2278 147 2344 idem
156 2277 316 2360 Magister
325 2277 468 2346 Jacobus
484 2282 593 2344 nostro
609 2279 792 2362 conspectui
808 2277 1016 2362 presentauit.
1033 2277 1101 2344 Nos
1118 2276 1178 2344 ita·

62 2407 123 2470 que
134 2407 177 2454 ex
187 2384 475 2470 circumspeccione
485 2384 619 2470 Regalis
630 2384 836 2469 prouidencie
853 2386 885 2451 in
901 2386 996 2472 pleno
1017 2385 1177 2452 Beronum

59 2501 241 2562 nostrorum
259 2493 400 2561 Consilio
414 2493 549 2560 eundem
566 2493 754 2580 Magistrum
770 2497 924 2564 Jacobnm
936 2499 969 2561 et
977 2494 1091 2562 tratres
1101 2513 1177 2561 suos

57 2603 264 2670 attendentes
274 2601 307 2668 in
316 2605 472 2687 premisso
482 2602 678 2670 uendioionis
688 2610 719 2669 et
729 2603 904 2689 empcionis
914 2603 1006 2669 titulo
1018 2603 1111 2689 plena
1124 2611 1178 2668 au¹⁴

57 2710 209 2778 ctoritate
229 2707 343 2794 fnlciri,
366 2710 515 2795 quodque
530 2709 675 2796 prelatus
692 2709 871 2778 Antbaleus
887 2717 920 2778 et
933 2711 1017 2776 lilius
1034 2707 1176 2802 eiusdem

59 2839 126 2885 rem
138 2817 276 2902 pacifice
286 2837 470 2902 possessam
481 2819 564 2886 iusto
574 2819 671 2889 titulo
689 2819 723 2884 in
742 2839 898 2904 personas
920 2820 1134 2906 predictorum
1144 2819 1177 2884 li-

56 2926 179 2993 delium
193 2931 371 2992 nostrorum
381 2927 616 3014 transtulerint,
627 2927 709 2994 siout
719 2926 762 2992 ad
770 2928 859 3012 ipsos
870 2927 911 2993 de
920 2928 987 2993 iure
1003 2933 1035 2993 et
1050 2923 1177 2994 iusticia

56 3055 95 3100 ex
105 3034 289 3101 collacione
299 3033 431 3117 Regalis
443 3034 553 3118 gracie
564 3036 755 3120 pertinebat,
766 3036 862 3120 longo
872 3035 932 3101 hoc
943 3035 1093 3119 temporis
1103 3054 1175 3122 spa-

56 3143 106 3208 cio
117 3139 340 3225 confirmante,
353 3141 595 3210 considerantes
605 3142 833 3210 nichilominus
843 3153 875 3210 et
884 3143 1092 3227 benignitatis
1104 3163 1174 3209 ocu·

55 3249 92 3315 lis
116 3249 293 3332 intuentes,
319 3247 404 3331 quod
427 3249 512 3316 idem
535 3251 689 3335 Magister
704 3251 846 3318 Jacobns
862 3251 1055 3337 repeticione
1072 3251 1173 3327 castri

54 3355 155 3424 nostri
181 3355 222 3422 de
246 3356 368 3444 Seepus
392 3357 433 3426 de
457 3366 567 3426 nostra
582 3359 734 3442 iussione,
752 3360 838 3444 quod
855 3360 979 3427 familia
994 3361 1123 3447 Gregen
1139 3369 1170 3430 et

54 3465 195 3533 Rolandi
220 3465 385 3535 detinebat
409 3468 607 3538 infidelitatis
633 3469 738 3538 studio
763 3477 961 3557 occupatum,
981 3471 1169 3538 mandatum

54 3573 190 3658 Regium
215 3575 249 3640 in
276 3595 414 3660 persona
439 3577 571 3662 propria
595 3578 690 3645 luerit
710 3579 846 3646 fideliter
872 3585 1035 3667 executus,
1060 3584 1091 3646 et
1117 3601 1175 3666 per

56 3680 191 3748 eandem
217 3681 374 3750 familiam
401 3682 528 3769 Gregen
545 3693 577 3752 et
592 3685 728 3752 Rolandi
745 3685 961 3754 inhumaniter
977 3693 1092 3774 captus
1123 3709 1175 3756 ex·

56 3787 157 3856 titerit
182 3795 214 3855 et
229 3789 457 3857 miserabiliter
474 3793 640 3876 cruciatus,
656 3813 692 3860 se
708 3791 826 3877 magna
842 3814 967 3860 summa
980 3795 1115 3882 pecunie
1130 3795 1174 3865 ad

57 3894 272 3979 quantitatem
283 3903 409 3963 centum
419 3917 599 3966 marcarum
609 3899 665 3966 fini
682 3901 809 3984 argenti
823 3900 1018 3986 redimendo,
1035 3923 1093 3988 pro
1110 3922 1174 3986 qua

56 4025 181 4071 summa
191 4004 308 4072 tratres
323 4025 398 4072 suos
415 4005 540 4092 pignori
564 4007 733 4091 obligarat,
751 4009 916 4094 cupientes
933 4009 1050 4076 exinde
1066 4011 1173 4096 ipsum

55 4111 246 4195 Magistrum
272 4111 428 4180 Jacobum
454 4120 485 4181 et
509 4117 626 4183 fratres
646 4135 720 4182 suos
736 4138 794 4203 pro
810 4116 994 4184 huiusmodi
1009 4119 1172 4204 obsequijs

59 4225 88 4282 et
106 4219 229 4287 meritis
245 4220 402 4304 graciosis
419 4223 519 4307 Regio
536 4225 673 4308 posequi
687 4243 758 4289 cum
775 4224 899 4306 fanore,
917 4223 1079 4310 prefatam
1095 4245 1173 4291 uen-

59 4325 214 4396 dicionem
226 4328 304 4395 ville
315 4329 504 4417 Regyeulcb
515 4353 586 4398 cum
598 4333 745 4399 omnibus
762 4332 955 4400 utilitatibus
971 4331 1037 4402 suis
1055 4339 1086 4398 et
1101 4351 1172 4417 per·

55 4433 210 4521 tinenciJs,
228 4455 268 4502 ex
284 4435 483 4522 plenitudine
499 4439 632 4523 Regalis
655 4439 862 4507 conniueneie
876 4445 980 4506 ratam
1001 4447 1033 4509 et
1047 4446 1174 4524 gratam

54 4541 215 4630 habentes,
241 4544 274 4610 in
299 4551 442 4612 eternam
469 4547 515 4614 rei
541 4548 725 4614 memoriam
752 4547 941 4615 auctoritate
966 4549 1167 4634 presencium

57 4650 288 4720 confirmamus.
314 4651 413 4721 Cuius
438 4655 569 4740 quidem
597 4663 679 4723 terre
699 4663 792 4740 mete,
818 4664 914 4740 prout
941 4659 975 4724 in
999 4659 1170 4745 priuilegio
