3118 5158
110 1081 157 1146 W.
183 1079 300 1146 Lcsztt
315 1082 425 1166 ktretp
444 1083 620 1165 meyerdaitt'
638 1077 696 1144 IV.
713 1079 795 1144 Belo
810 1080 988 1164 kirdlynalc
1009 1077 1136 1144 Tokaon
1152 1077 1200 1142 hel
1224 1115 1236 1125 -

110 1191 182 1273 se‘pet
208 1189 518 1274 tcirpyozo'1269-lct'
539 1189 735 1272 adomdaydt
751 1187 872 1252 Miklda
890 1188 1079 1251 [contonat
1095 1187 1150 1266 fia
1166 1189 1233 1250 aad·

556 1301 660 1360 andra.
686 1299 783 1362 1274.

214 1485 282 1556 Nos
300 1489 528 1574 Sigismuudus
543 1490 604 1556 stb.
629 1489 717 1572 quod
739 1510 809 1554 cum
827 1491 867 1555 oh
884 1489 1173 1556 contradictoriam
1189 1488 1235 1553 in-

109 1599 301 1666 hibitionem
328 1597 520 1664 statucionis
545 1598 789 1682 possessionum
816 1599 1024 1684 Wyzkeleth‚
1049 1596 1187 1662 Taxnnd
1204 1605 1236 1660 et

110 1706 243 1774 Porloch
273 1713 462 1771 vocatarum
487 1705 521 1770 in
539 1705 700 1771 Comitatu
722 1704 912 1771 Pcsoniensi
938 1705 1152 1772 existencium
1168 1705 1234 1768 Ma·

111 1813 207 1894 gister
222 1813 407 1896 Stephanus
433 1813 516 1880 filius
534 1812 679 1897 Gregorij
707 1812 748 1878 de
763 1813 908 1878 Berench
924 1812 1108 1879 lohannem
1134 1811 1235 1876 tilium

110 1920 194 1986 Belle
222 1920 262 1986 de
281 1919 411 2002 Kwrth,
435 1927 468 1984 et
484 1921 642 1988 Jacobum
669 1921 770 1986 lilium
787 1919 957 1986 Michaelis
980 1921 1021 1986 de
1036 1918 1236 2005 Kys-Kwrth

110 2027 236 2093 modum
264 2037 297 2093 et
323 2027 460 2093 sormam
487 2027 631 2110 legitime
656 2021 861 2094 euooa'cionis
888 2027 1092 2093 obseruando
1109 2047 1167 2110 per
1182 2045 1236 2090 no·

111 2139 207 2199 strum
235 2141 268 2199 et
295 2134 669 2219 CapituliPosoniensis
693 2135 839 2201 homines
866 2141 979 2200 contra
1003 2157 1038 2201 se
1055 2134 1098 2201 ad
1115 2141 1236 2199 certum

113 2240 282 2310 terminum
310 2247 453 2307 nostram
470 2241 646 2326 specialem
663 2243 696 2307 in
715 2243 917 2325 presenciam
937 2243 971 2306 in
988 2261 1120 2307 causam
1137 2247 1241 2321 athas

112 2350 209 2416 xisset
226 2351 291 2414 sth.
318 2346 354 2432 (a
379 2347 540 2434 hattrnap
563 2349 659 2416 eloth
686 2349 751 2434 „ad
768 2356 901 2414 octauas
928 2350 1003 2414 festi
1019 2350 1055 2413 B.
1073 2347 1238 2414 Michaelis

108 2453 330 2536 Archangeli“
350 2457 468 2539 1408.;
498 2477 515 2522 s
540 2456 665 2522 kesobb
691 2455 859 2521 ismetelve
884 2461 919 2520 es
945 2455 1115 2520 ismetclve
1139 2454 1238 2520 kiter-

104 2563 285 2646 jesctetett;
320 2567 419 2644 segre
450 2562 549 2646 pedig
581 2562 645 2646 „ad
676 2569 841 2647 presentes
873 2568 1008 2629 octenas
1040 2561 1115 2627 festi
1143 2561 1238 2626 Beati

109 2669 240 2754 Georgij
260 2668 422 2736 martiris“
441 2666 657 2757 kihuzatvhn)
678 2672 739 2736 sth.
764 2669 932 2736 Johunnes
958 2678 990 2736 et
1005 2670 1148 2736 lacobus
1168 2688 1238 2752 per-

107 2777 265 2844 sonaliter
291 2778 325 2843 in
340 2785 484 2844 nostram
511 2778 700 2862 exurgendo
727 2779 928 2864 presenciam
946 2779 1103 2862 quasdam
1120 2797 1238 2843 nouem

107 2881 252 2960 litteras,
287 2903 384 2948 unam
412 2884 534 2950 domiui
558 2885 707 2952 Ladizlai
734 2886 833 2968 Regis
859 2887 920 2952 sth.
958 2885 1052 2952 nohis
1088 2891 1239 2951 curarunt

107 2987 334 3056 demonstrari.
351 2992 412 3057 stb.
436 2991 649 3058 Continentia
663 3013 741 3059 vero
758 2993 936 3059 litterarum
954 2992 1098 3058 annotati
1116 2991 1237 3056 domini

105 3097 255 3164 Ladizlai
286 3097 386 3180 Regis
417 3099 669 3183 priuilegialium
702 3121 788 3166 anno
814 3101 934 3166 Christi
964 3098 1084 3164 ΜἭΟο
1110 3103 1237 3182 septus·

106 3204 232 3286 gesimo
250 3211 377 3289 quarto,
397 3205 499 3288 Regni
517 3212 625 3272 autem
645 3208 695 3273 sui
721 3227 807 3272 anno
828 3208 929 3272 tercio
945 3208 1167 3270 emanatarum
1184 3224 1237 3268 ex-

105 3310 287 3396 planabat,
315 3312 403 3394 quod
433 3311 587 3379 Nicolaus
619 3312 704 3378 filius
736 3311 875 3378 Iwanka
905 3311 950 3378 ad
980 3311 1083 3396 ipsius
1117 3309 1237 3376 domini

106 3417 254 3484 Ladinlai
271 3419 371 3502 Regis
398 3419 556 3486 accedens
584 3418 784 3504 presenciam
811 3419 987 3504 propositis
1014 3419 1082 3483 suis
1102 3417 1257 3484 tidelita¹¹

14 3523 16 3534 ’
105 3527 195 3594 tibus
212 3533 245 3592 et
261 3527 410 3594 seruiciis
436 3529 470 3593 in
487 3527 608 3594 eisdem
635 3528 799 3612 expressis
823 3525 985 3609 quandam
1001 3527 1239 3611 possessionem

108 3633 249 3699 'l'axond
276 3640 445 3714 roceam,
467 3635 500 3699 in
520 3633 680 3700 (lumitatu
698 3635 888 3702 Posoniensi
915 3634 1126 3720 existentem,
1148 3633 1239 3715 joba-

106 3740 243 3820 gionum
263 3739 372 3808 Castri
390 3739 596 3808 Posoniensis
612 3741 682 3806 siue
698 3739 817 3808 herede
832 3741 1075 3824 decedencium,
1104 3760 1200 3822 quam
1217 3759 1238 3803 a

105 3845 253 3932 Chythar
274 3846 453 3930 jobagione
478 3847 622 3914 eiusdem
639 3849 743 3914 (lastri
769 3869 827 3934 pro
847 3855 915 3917 suis
933 3850 1118 3916 excessibus
1134 3847 1239 3929 prefa-

104 3959 157 4018 tus
174 3954 246 4019 Rex
263 3955 347 4019 Bela
373 3953 583 4037 abstulisset,
607 3954 640 4020 in
656 3975 721 4038 qua
738 3956 840 4022 eciam
866 3955 1009 4041 predicto
1026 3953 1164 4020 lwankn
1178 3963 1237 4021 ter·-

34 4073 35 4076 ’
106 4080 178 4126 ram
206 4061 249 4125 ad
267 4060 412 4144 quinque
437 4067 547 4130 aratra
574 4062 788 4128 sufficientem
806 4063 892 4128 idem
908 4061 989 4128 Bela
1004 4064 1072 4128 Rex
1088 4060 1239 4127 contulis-

103 4171 175 4250 set,
195 4189 267 4234 cum
286 4169 427 4252 quadam
450 4177 537 4236 terra
562 4170 713 4237 similiter
737 4171 878 4254 predicti
896 4171 1001 4236 Castri
1017 4170 1238 4254 Posoniensis‚

100 4274 202 4342 iuxta
218 4275 336 4342 Kwrth
363 4276 537 4361 existenti,
564 4277 627 4342 sihi
654 4276 726 4342 dari
751 4284 783 4345 at
799 4277 912 4344 donari
928 4279 1139 4363 postulasset.
1163 4277 1239 4361 Ipse

102 4385 210 4465 igitur
242 4385 394 4451 dominus
425 4385 603 4452 Ladialaus
629 4385 698 4452 Rex
729 4385 944 4471 peticionibus
976 4385 1080 4470 ipsius
1112 4384 1239 4450 Nicolai

100 4511 275 4576 annuens,
302 4491 484 4577 predictam
509 4493 746 4577 possessionem
772 4494 904 4574 Taxon,
931 4497 963 4557 et
988 4493 1088 4557 aliam
1115 4493 1239 4556 Tomnn
1303 4532 1308 4538 -

101 4605 242 4666 vocatas
267 4600 330 4664 suh
358 4600 453 4666 metis
489 4607 520 4666 et
546 4600 692 4667 terminis
726 4599 868 4681 antiquis
894 4597 999 4664 eidem
1024 4596 1161 4661 Nicolao
1187 4596 1237 4660 de·

1035 4701 1078 4774 6*
