3146 5166
811 230 971 330 ἑῇ*

327 431 377 496 ius
392 427 542 496 Judicum
569 425 675 510 Regni
690 429 792 495 nostri
810 427 937 511 ualeat,
955 434 1092 513 excepta
1111 448 1251 514 persona
1267 435 1375 495 nostra
1386 431 1432 495 Re

326 537 394 621 gia,
410 535 565 622 indicare,
578 535 642 602 nisi
657 536 807 622 primitus
829 554 937 602 ocrem
963 555 1022 602 suo
1032 533 1145 618 judice
1161 535 1325 602 ordinario
1340 557 1434 604 conue-

327 645 458 712 niantur
473 651 506 709 et
518 647 707 726 enecentur,
724 641 872 708 volumus
898 647 931 707 et
946 639 1096 708 fidelitati
1113 649 1220 709 vestre
1235 642 1367 710 tirmiter
1379 663 1433 728 pre·

327 750 478 837 cipiendo
494 749 698 832 mandamus,
724 755 885 832 qnatenus
916 749 1058 832 receptis
1089 747 1295 834 presentibus
1313 751 1433 836 populos
1533 781 1534 832 ,

327 880 386 928 seu
403 859 593 943 iobugioues
608 857 756 923 Ecclesie
765 855 911 923 eiusdem
926 855 1027 922 Beate
1043 855 1187 940 Virginis
1203 857 1244 922 de
1260 863 1365 923 cetero
1379 857 1434 923 nnl.
1533 847 1534 938 ᾗ

327 967 381 1032 lus
396 972 537 1033 vestrum
554 965 670 1030 debeat
686 963 739 1032 vel
754 971 978 1050 presumpmat
1007 963 1214 1048 aliquatenus
1229 966 1379 1052 iudicare,
1392 967 1436 1032 vel
1533 1015 1534 1050 ,

327 1093 386 1141 sno
402 1072 520 1140 indicio
538 1077 647 1139 astare
663 1071 855 1158 compellat;
873 1072 931 1139 sed
947 1073 976 1138 si
993 1075 1048 1157 qui
1059 1079 1170 1139 contra
1180 1073 1310 1140 eosdem
1326 1072 1435 1157 aliquid

327 1199 423 1265 agere
437 1179 609 1247 habuerint
625 1185 682 1245 ant
697 1179 876 1265 voluerint,
909 1179 998 1266 prius
1025 1199 1125 1264 super
1156 1181 1300 1262 quotibet
1315 1180 1435 1247 articulo
1533 1181 1534 1230 i

328 1307 435 1355 coram
450 1308 509 1356 suc
526 1286 633 1354 iudice
647 1284 812 1354 ordinario
828 1275 1039 1373 exneriantnr
1055 1288 1185 1354 iusticia
1199 1287 1371 1356 mediante.
1385 1287 1437 1364 Qui
1533 1281 1534 1354 ζ

327 1395 405 1464 siin
422 1394 574 1460 facienda
590 1394 719 1462 iusticia
745 1393 916 1478 negligens
931 1401 988 1461 aut
1014 1395 1168 1462 remissus
1184 1395 1346 1479 extiterit;
1363 1396 1437 1460 volu·
1533 1435 1534 1438 =

328 1521 410 1587 mus,
426 1502 513 1584 quod
528 1521 592 1568 non
602 1502 667 1587 ipsi
677 1501 800 1588 populi,
818 1501 877 1568 sed
888 1499 986 1567 index
1002 1503 1146 1586 ipsorum
1163 1504 1206 1569 ad
1221 1509 1364 1570 nostram
1375 1501 1437 1568 Pre·
1533 1501 1534 1504 ’

327 1609 469 1676 sanciam
484 1609 596 1676 ordine
627 1609 798 1676 iudiciario
823 1609 965 1676 debeant
980 1611 1127 1695 euocari;
1153 1611 1243 1678 aliud
1268 1611 1438 1680 nullatenus
1533 1683 1534 1686 Ἴ

327 1717 435 1784 iacere
460 1717 740 1802 presumpmendo.
763 1717 915 1801 Alioquin
940 1725 1197 1800 transgressores
1225 1719 1326 1786 unani
1355 1715 1436 1801 Regij
1533 1727 1534 1790 ζ

328 1821 491 1905 mandati,
507 1823 535 1890 si
551 1825 606 1908 qui
622 1823 798 1911 extiterint,
824 1823 1088 1908 indignacionem
1105 1826 1242 1911 Regiam
1259 1844 1295 1891 se
1308 1823 1439 1909 gramter

328 1929 473 1998 sencient
487 1929 670 1997 incurrisse.
696 1933 816 1998 Datum
831 1932 865 1996 in
885 1930 1094 1998 Zorvosholm
1120 1933 1154 1998 in
1172 1932 1256 2000 testo
1273 1931 1381 2000 Sancti
1395 1930 1440 1996 Jo-

328 2038 446 2105 hannis
461 2039 608 2125 Baptiste
624 2058 709 2107 anno
725 2039 857 2107 Domini
872 2037 984 2108 trud
999 2039 1218 2124 nonagesimo.

472 2235 531 2301 (ΙΙΙ.
544 2235 634 2288 Endre
647 2233 794 2302 kirtlynak
810 2237 923 2288 rrae-ki
936 2238 1099 2302 megerdsitd
1112 2233 1314 2302 okmdnydbdt)

852 3105 930 3173 arr.
1033 3083 1039 3092 '

327 3303 350 3366 I
355 3301 388 3366 V.
414 3305 528 3370 Ldszld
543 3304 721 3388 kirdlynok
746 3305 914 3386 rendelete,
931 3309 1013 3392 doqy
1032 3331 1054 3370 a
1069 3305 1171 3369 dadai
1186 3305 1309 3368 vdrban
1325 3327 1346 3367 a
1362 3300 1446 3386 sycil-

327 3409 437 3496 rziqeti
466 3410 693 3495 apdcacadrda
715 3413 876 3498 joqcinak
907 3411 1069 3480 noctesve
1093 3416 1192 3478 odada·
1219 3433 1259 3474 ne
1283 3407 1445 3477 samad.

842 3519 939 3584 1290.

449 3729 517 3796 Nos
547 3727 723 3798 Ladizlaus
755 3729 818 3798 Dei
848 3730 971 3815 gracia
992 3733 1064 3798 Rex
1093 3731 1265 3814 Huugarie
1295 3727 1448 3797 memorie

328 3835 589 3904 commendantes
606 3837 824 3922 significamus
842 3838 959 3923 quibus
976 3837 1109 3925 expedit
1124 3838 1296 3924 uniuersis,
1313 3832 1402 3923 quod
1416 3833 1449 3898 li·

328 3950 380 4011 cet
396 3943 482 4011 ciues
498 3945 601 4011 nostri
618 3943 659 4010 de
675 3945 790 4013 Castro
807 3945 951 4013 Budensi
967 3965 988 4010 a
1004 3947 1098 4012 nobis
1114 3945 1311 4032 petiuissent
1326 3960 1448 4010 annua-

327 4054 385 4121 tim
401 4051 563 4119 nnndinas
580 4051 756 4136 celebrari;
774 4060 883 4121 tamen
900 4052 978 4136 quis
994 4051 1270 4119 considerauimus
1286 4051 1451 4118 sororibus

327 4162 368 4228 de
383 4159 498 4228 Insula
514 4159 657 4244 Virginis
675 4159 823 4230 Gloriose
839 4161 1016 4248 dampnum
1032 4181 1091 4247 per
1107 4161 1168 4228 hoc
1187 4161 1221 4227 in
1247 4159 1369 4227 tributo
1396 4175 1451 4224 suo

328 4289 393 4336 non
408 4268 571 4335 modicum
588 4270 746 4355 generari,
764 4269 807 4336 ad
832 4269 1027 4354 peticionem
1044 4276 1077 4336 et
1101 4269 1298 4336 instanciam
1323 4265 1452 4335 domine

328 4377 508 4462 Elyzabeth
524 4377 642 4444 sororis
658 4384 768 4445 nostre
783 4377 956 4446 karissime
974 4376 1198 4462 concessimus,
1226 4385 1261 4442 rt
1275 4377 1345 4462 ipse
1375 4394 1452 4440 nun·

329 4483 405 4549 dine
420 4503 486 4550 nou
502 4483 644 4551 debeant
660 4483 829 4570 celebrari,
846 4491 939 4570 prout
965 4483 1087 4552 eisdem
1113 4482 1237 4551 ciuibus
1264 4499 1452 4552 concessum
