3140 5150
868 861 922 928 87.

332 1059 380 1124 Aa
392 1063 579 1146 asztarpumi
593 1061 817 1146 ltdptutursuub
833 1061 1106 1146 biaonysdplevelc,
1130 1061 1214 1146 boyy
1234 1057 1331 1125 Oiai
1346 1059 1463 1122 Ldazld

333 1163 402 1232 Oto
417 1167 596 1254 belysdpdeo
621 1169 690 1234 leod
705 1170 797 1254 retjtt
812 1165 958 1234 (iudicum
980 1170 1162 1255 aratorqumi
1185 1167 1367 1254 polpdrrtuk
1383 1168 1463 1231 elad-

509 1278 513 1286 '
744 1279 931 1364 loqosr'tottu.
957 1281 1053 1346 1275.

569 1491 599 1556 Α
859 1491 886 1557 Β
1147 1490 1172 1557 0

442 1668 618 1754 Gregorius
635 1671 821 1756 Propositus
847 1675 879 1736 et
895 1669 1083 1756 Capitulum
1099 1669 1247 1737 Ecclesie
1260 1669 1464 1754 Strigcnicn·

337 1778 384 1844 sis
409 1778 557 1846 omnibus
583 1778 703 1846 Christi
729 1777 879 1846 fidelibus
909 1785 1079 1864 presentes
1106 1778 1234 1845 litteras
1262 1777 1464 1864 inspecturis

337 1885 477 1954 salntem
494 1887 528 1952 in
544 1886 693 1954 Domino.
717 1885 769 1952 Ad
786 1885 1008 1954 uniuersorum
1032 1885 1189 1954 noticiam
1204 1892 1318 1954 tenore
1332 1905 1465 1973 presen-

336 1995 421 2060 cium
446 1995 594 2061 uolumus
610 1995 791 2082 peruenire,
817 1996 903 2078 quod
928 1997 1013 2063 sicut
1036 1995 1070 2062 in
1086 1994 1248 2082 prioribus
1273 1993 1394 2063 nostris
1411 1993 1466 2060 lit-

337 2103 415 2169 teris
431 2101 571 2170 uidimus
591 2103 761 2190 contineri,
789 2101 966 2172 Ladizlaus
986 2103 1072 2172 filius
1086 2105 1194 2188 Luget
1210 2102 1251 2172 de
1267 2101 1337 2172 (ihu
1353 2121 1466 2170 coram

337 2209 430 2277 nobis
446 2211 641 2278 constitutus
656 2210 758 2296 dixit,
782 2211 868 2294 quod
884 2231 956 2278 curn
973 2211 1044 2296 ipse
1060 2209 1255 2296 quibusdam
1271 2211 1338 2278 suis
1353 2230 1466 2280 neces·

337 2317 486 2386 sitatibus
512 2338 585 2384 eum
616 2317 803 2404 urgentibus
835 2318 977 2387 fanetum
1010 2339 1105 2387 suum
1132 2317 1173 2385 de
1197 2317 1286 2405 Chn,
1313 2315 1469 2386 videlicet

337 2427 522 2511 porcionem
548 2446 641 2492 suam
667 2425 815 2512 cognatis
841 2428 908 2496 suis
933 2427 1151 2513 impignorare
1175 2427 1340 2512 uoluisset,
1364 2425 1467 2510 ijdem

340 2535 469 2617 cognati
498 2533 548 2602 sui
570 2537 631 2604 sub
646 2534 786 2620 predicti
802 2535 902 2606 teneti
922 2536 1130 2621 obligacione
1145 2535 1271 2602 nullam
1286 2535 1350 2604 sibi
1366 2556 1467 2621 pecu·

338 2643 427 2708 niam
452 2647 673 2727 mutuassent;
698 2642 856 2728 Godynus
883 2663 960 2711 uero
986 2643 1066 2712 cinis
1091 2644 1344 2736 strigoniensis,
1369 2665 1469 2728 quem

339 2751 441 2818 eciam
460 2749 602 2817 eiusdem
626 2750 726 2818 teneti
743 2759 996 2820 commetaneum
1021 2772 1092 2822 csse
1117 2753 1274 2837 asseruit,
1297 2751 1366 2818 suis
1381 2773 1466 2822 com·

337 2859 470 2946 paciens
485 2859 736 2926 necessitatibus
762 2862 957 2930 mutuauerit
981 2861 1044 2928 sibi
1061 2860 1144 2930 duas
1169 2880 1299 2928 marcas
1321 2865 1353 2927 et
1369 2859 1469 2927 dimi-

338 2967 425 3034 diam
456 2969 512 3034 fini
529 2967 676 3054 argenti;
713 2973 746 3036 et
775 2969 847 3055 ipse
877 2970 1082 3056 presentibus
1114 2975 1147 3036 et
1177 2969 1468 3038 consencientibus

337 3074 483 3142 Dionisio
500 3075 569 3142 filio
586 3076 697 3143 Lende
723 3075 765 3144 de
780 3075 860 3162 Ohn,
885 3084 917 3144 et
941 3077 1074 3162 Benych
1101 3077 1142 3144 de
1167 3078 1285 3145 eadem
1301 3077 1389 3157 viiia,
1415 3100 1470 3146 co-

337 3182 446 3267 gnatis
476 3184 564 3267 suis,
597 3184 778 3269 predictum
809 3185 951 3254 fenetum
983 3205 1076 3252 suum
1103 3185 1144 3252 de
1168 3185 1238 3252 Ohu
1269 3186 1474 3270 obligauerit

338 3292 468 3358 nomine
485 3291 633 3377 pignoris
649 3290 775 3377 prefato
793 3291 931 3380 Godyno
958 3313 1017 3378 pro
1032 3292 1189 3378 predictis
1204 3289 1331 3359 duabus
1348 3297 1474 3361 mareis

339 3405 372 3466 ct
388 3397 524 3464 dimidia
550 3397 632 3464 finiti
658 3401 785 3483 argenti
800 3421 860 3488 per
884 3420 983 3466 vnum
1009 3421 1148 3485 annum3
1173 3400 1220 3466 ita
1243 3397 1331 3482 quod
1350 3400 1378 3467 si
1397 3401 1475 3487 ipse

340 3507 445 3573 dictas
471 3506 552 3576 duas
577 3527 705 3576 marcas
730 3516 762 3576 et
787 3509 955 3576 dimidiam
979 3509 1062 3576 finiti
1087 3507 1214 3593 argenti
1239 3507 1302 3592 ipsi
1328 3507 1475 3594 Godyno

340 3633 426 3682 anno
443 3615 588 3690 reuoluto
605 3637 669 3684 non
685 3617 870 3686 refunderet
891 3639 999 3686 coram
1015 3620 1128 3702 nobis;
1152 3621 1270 3684 extunc
1287 3615 1476 3700 predictum

339 3725 481 3792 fenetum
507 3745 599 3792 suum
625 3746 683 3812 per
708 3725 797 3795 viros
821 3725 967 3813 ydoneos
993 3727 1034 3795 de
1053 3725 1283 3794 commetaneis
1302 3731 1335 3790 et
1350 3723 1478 3791 vicinis

340 3834 556 3920 estimaretur,
583 3842 616 3901 et
643 3811 674 3900 'si
689 3835 763 3919 plus
774 3836 885 3904 valere
903 3835 1113 3922 inueniretur,
1139 3833 1298 3920 Godynus
1315 3831 1383 3900 eius
1400 3853 1481 3917 pre-

339 3944 423 4009 cium
441 3943 503 4010 sibi
528 3942 678 4029 supplere
702 3949 875 4030 teneretur,
899 3943 958 4011 illo
984 3941 1091 4010 teneto
1113 3941 1178 4027 ipsi
1194 3938 1333 4025 Godyno
1350 3942 1480 4007 eteius

338 4049 510 4117 heredibus
528 4052 768 4137 inperpetuum
785 4057 983 4119 remanente.
1007 4047 1216 4116 Postmodum
1234 4053 1345 4114 autem
1361 4046 1482 4117 dietus

338 4157 515 4224 Ladizlaus
541 4158 629 4226 tilius
645 4159 753 4242 Luger
768 4179 907 4228 unacum
924 4157 1063 4244 Godyno
1090 4157 1217 4242 prefato
1243 4173 1351 4222 coram
1375 4157 1484 4224 nobis

339 4267 455 4333 iterato
471 4267 674 4353 constitutus,
686 4267 854 4335 confessus
870 4263 1026 4354 estquod
1042 4267 1111 4352 ipso
1127 4263 1309 4348 predictum
1326 4262 1485 4330 fenetum

341 4375 497 4443 redimere
522 4381 727 4462 nequeunte,
752 4375 813 4443 viri
836 4373 957 4462 ydonei
986 4393 1043 4457 per
1068 4379 1180 4460 partes
1204 4369 1339 4438 adducti
1364 4372 1487 4456 ipsum

335 4484 479 4550 fenctum
505 4482 729 4550 estimauerint
764 4483 877 4550 ualere
913 4480 1057 4566 quinque
1095 4499 1224 4548 marcas
1250 4479 1383 4564 argenti
1415 4479 1486 4548 de·

338 4592 419 4659 cirne
435 4593 673 4678 comeustionis,
697 4597 730 4659 et
754 4593 844 4677 ipsas
871 4592 1013 4678 quinque
1038 4609 1165 4658 marcas
1191 4586 1319 4675 argenti
1339 4586 1485 4656 decime
