3140 5150
663 954 738 1023 llt.

130 1155 190 1222 IV.
205 1156 320 1222 Lusco
343 1157 454 1241 cisely
472 1178 493 1219 o
508 1163 593 1220 uacet
618 1156 792 1220 Pantalcon
814 1163 991 1220 cucnosteru
998 1152 1108 1239 faletti
1124 1155 1259 1240 luepyuri

267 1267 360 1350 jopot
376 1261 523 1328 Rubrum
542 1261 791 1344 mesterflaiculc
806 1261 1002 1349 cicazoodjo.
1028 1265 1125 1330 1277.

245 1454 423 1524 Ladizlaus
455 1456 517 1523 Ilei
543 1457 654 1539 gracia
683 1457 872 1542 Hungarie,
895 1455 1085 1542 Dalmaeie,
1118 1456 1263 1542 Oroacie,

133 1568 256 1651 Rame,
284 1564 414 1651 Seruie,
439 1561 596 1650 Gallicis,
625 1565 834 1648 Lodomerie,
859 1562 1015 1630 (lumanie
1046 1563 1265 1648 Bulgarieque

133 1675 204 1738 Rex
231 1673 381 1739 omnibus
407 1672 525 1738 Christi
550 1671 700 1742 fidelibus
727 1693 862 1760 presens
887 1672 1040 1757 scriptum
1071 1673 1266 1758 inspecturis

135 1779 279 1846 salntem
297 1777 332 1845 in
348 1780 489 1846 omniurn
507 1781 682 1848 saluatore.
707 1780 758 1846 Ad
784 1780 1005 1848 uniuersorum
1033 1780 1189 1848 noticiam
1220 1787 1265 1846 te-

135 1907 215 1955 nore
232 1889 435 1971 presencium
452 1890 599 1958 volumus
615 1891 797 1976 peruenire,
813 1886 983 1974 quodcum
1001 1895 1131 1974 propter
1146 1889 1266 1956 cultum

135 1995 251 2062 Dinini
277 1993 424 2063 Nominis
450 1997 682 2064 Monasterium
710 1996 830 2066 Sancte
855 1996 1085 2080 Pantaleoniu,
1110 1994 1208 2063 situm
1233 1995 1267 2062 in

135 2102 417 2192 insula'Dannbij,
443 2103 485 2170 aul
502 2105 695 2190 peticionem
720 2101 872 2172 Sororum
898 2105 1017 2172 Sancte
1032 2102 1211 2171 Katherine
1227 2104 1268 2172 de

137 2213 227 2278 valle
243 2212 363 2278 Sancte
379 2211 490 2296 Marte,
516 2212 593 2295 quia
608 2233 747 2280 vacuum
763 2220 834 2280 erat
850 2219 882 2279 et
897 2211 1046 2279 omnibus
1061 2212 1155 2280 bonis
1172 2211 1268 2279 desti·
1299 2233 1300 2236 ¹

135 2327 253 2400 tntum,
277 2317 359 2402 ipsis
384 2319 553 2387 Sororibus
578 2321 845 2406 contulissemns;
870 2321 1056 2406 ignorantes
1082 2318 1124 2388 de
1144 2318 1218 2403 jure
1235 2325 1268 2387 et

137 2426 320 2494 hereditate
337 2425 510 2514 Dominici,
534 2426 648 2495 Jacobi
665 2435 697 2495 et
713 2428 871 2496 Gabriani
892 2428 1030 2496 filiorum
1040 2427 1188 2514 Magistri
1206 2428 1269 2496 (ia-

137 2533 248 2602 briani
266 2533 430 2602 extitisse:
456 2537 534 2620 quia
559 2543 667 2604 tamen
682 2535 884 2623 postmodum
904 2556 961 2624 per
976 2537 1124 2602 Berones
1140 2541 1269 2602 nostros
1370 2623 1380 2634 „

138 2649 170 2709 et
196 2641 366 2710 uniuersos
399 2643 505 2728 Regni
536 2643 637 2712 nostri
662 2643 787 2712 nobiles
813 2644 955 2712 constitit
982 2643 1156 2728 euidenter,
1185 2641 1270 2728 quod

137 2751 248 2836 ipsum
263 2751 493 2818 Monasterium
520 2771 592 2818 cum
620 2753 770 2820 omnibns
790 2753 1059 2840 possessionibus,
1084 2753 1214 2840 populis
1239 2758 1272 2818 et

137 2860 208 2927 suis
225 2860 439 2944 pertinencijs
450 2859 526 2944 jure
542 2859 740 2928 hereditario
767 2860 809 2928 ad
836 2859 996 2948 predictos
1021 2861 1104 2928 filios
1122 2859 1270 2944 Magistri

138 2965 302 3035 Gabriani
329 2967 530 3053 pertinebat,
553 2967 764 3037 fidelitatibus
792 2976 824 3036 et
839 2967 989 3054 seruicijs
1007 2967 1182 3038 eorundem
1198 2985 1271 3033 con-

139 3075 305 3161 sideratis,
331 3093 393 3158 que
419 3075 511 3140 nobis
539 3075 720 3163 indefesse,
744 3096 816 3143 curn
832 3079 978 3162 Regnum
1004 3081 1150 3144 nostrum
1167 3075 1269 3162 inopi·

139 3187 222 3248 nata
239 3181 430 3249 calamitate
456 3183 709 3272 opprimeretur,
734 3207 799 3253 non
825 3190 890 3252 tam
916 3205 973 3270 per
998 3185 1119 3252 bellurn
1144 3184 1270 3251 intesti-

140 3309 229 3374 num,
255 3309 352 3372 quam
378 3292 646 3378 perpotentiam
673 3293 773 3376 Regis
798 3293 998 3377 Boemorum,
1024 3291 1080 3376 qui
1106 3312 1164 3377 per
1184 3297 1271 3358 astu-

142 3399 229 3464 ciam
246 3415 306 3463 sue
323 3397 545 3482 peruersitatis
563 3399 760 3466 municiones
787 3419 844 3467 seu
861 3405 970 3467 castra
986 3397 1090 3484 Regni
1107 3398 1207 3466 nostri
1223 3419 1274 3466 oe-

144 3511 293 3588 cuparat,
318 3504 544 3591 inpenderunt,
570 3508 711 3602 maxime
726 3507 762 3572 in
778 3507 1025 3594 expugnaeione
1053 3507 1152 3574 castri
1168 3507 1274 3574 Jauri·

144 3612 242 3697 ensis,
267 3613 323 3678 vbi
339 3612 438 3696 ijdem
455 3613 584 3681 fuerunt
598 3635 658 3702 per·
673 3617 756 3682 ictus
772 3615 921 3702 lapidum
938 3622 970 3682 et
985 3617 1178 3700 sagittarum
1193 3615 1274 3682 leta·

143 3718 219 3784 liter
235 3718 408 3805 winerati3
433 3721 473 3787 de
489 3722 626 3789 consilio
643 3723 806 3790 Beronum
834 3729 864 3790 ct
878 3723 982 3808 Regni
998 3723 1101 3791 nostri
1116 3721 1275 3792 nobilium

141 3824 296 3910 predictis
312 3827 492 3913 Dominieo,
517 3827 640 3897 Jacobo
668 3835 700 3896 et
725 3830 914 3917 (labriano,
938 3829 1016 3915 lilijs
1040 3828 1189 3912 Magistri
1210 3827 1274 3894 (ia-

141 3933 268 4018 briani,
293 3933 415 4002 dictum
446 3937 700 4022 Monasterinm,
726 3957 798 4003 curn
826 3937 974 4005 omnibus
1004 3935 1276 4023 possessionibus,

144 4043 291 4127 populis,
316 4048 347 4108 et
363 4042 438 4127 alijs
453 4043 668 4129 pertinenciJs
684 4043 919 4112 restituendum
936 4044 1085 4111 duximus
1102 4042 1276 4110 etrcdden·

142 4149 229 4236 uum,
257 4156 452 4218 reuocantes
468 4151 681 4218 collacionem
699 4168 756 4218 seu
773 4150 982 4218 donacionem
1008 4149 1128 4216 iactam
1148 4169 1209 4235 per
1224 4149 1276 4218 lit·

142 4262 230 4325 teras
247 4263 381 4324 nostras
400 4258 452 4323 nel
469 4257 676 4343 priuilegium
696 4257 866 4325 Sororibus
890 4258 992 4324 Beate
1016 4255 1195 4324 Katherine
1211 4278 1276 4324 rne-

145 4366 293 4432 moratis.
319 4366 357 4430 In
375 4365 466 4432 cuius
485 4365 532 4432 rei
550 4366 736 4433 memoriam
753 4370 785 4433 et
801 4371 991 4452 perpetuam
1009 4364 1192 4432 firmitatem
1208 4384 1278 4450 pre·

143 4479 255 4542 sentes
274 4472 494 4540 concessimus
513 4471 640 4541 litteras
668 4473 831 4560 dupplicis
847 4471 947 4556 sigilli
973 4471 1077 4539 nostri
1102 4471 1278 4540 munimine

143 4583 324 4650 roboratas.
350 4581 474 4647 Datum
492 4600 552 4669 per·
570 4603 686 4650 monus
711 4579 908 4650 venerabilis
925 4579 987 4648 viri
996 4580 1147 4664 Magistri
1162 4578 1278 4651 Derue-
