3138 5164
614 1167 680 1235 312

83 1385 228 1470 Rapuza
244 1385 358 1472 kiizoip
372 1384 492 1448 kiioetei
503 1379 700 1450 Cattarrthan
717 1384 865 1469 bizocyos
876 1385 1125 1470 letetemenyoek,
1137 1385 1217 1466 moly

287 1492 461 1571 dvittotett,
478 1491 738 1557 uieezcadcrta'sdt
754 1492 917 1558 kioetelik.
941 1493 1033 1557 1285.

193 1707 233 1773 In
244 1702 367 1772 Christi
383 1707 515 1772 nomine
529 1707 644 1772 Amen.
662 1706 757 1772 Anno
780 1705 912 1772 Domini
927 1701 1218 1771 M⁰CC⁰LXXX⁰V⁰

79 1812 267 1879 indiccione
283 1809 382 1878 x111.
399 1811 453 1878 die
483 1811 664 1896 penultimo
694 1812 817 1878 mensis
849 1809 1009 1897 Octubris,
1041 1809 1164 1895 Catari,
1180 1809 1214 1875 in

80 1919 257 2004 presencia
273 1917 435 2002 Morchisij
454 1919 625 1984 Rauacolli
650 1919 801 1986 Consulis
817 1918 1011 1984 Venetorum
1029 1917 1062 1983 in
1087 1917 1217 2002 Catcro,

81 2027 219 2111 Vgulini
234 2027 277 2092 dc
290 2025 412 2110 Merca,
428 2033 460 2094 et
483 2024 645 2092 Leonardi
662 2025 840 2110 Bonuisini‚
856 2031 1070 2093 mercatorum
1088 2025 1130 2091 de
1155 2023 1217 2089 Ve-

80 2133 199 2216 necijs,
214 2131 346 2199 testium
362 2130 481 2197 adhoc
496 2137 684 2198 vocatorum
712 2138 744 2198 et
775 2137 971 2214 rogatorum.
1003 2131 1038 2196 ln
1073 2129 1216 2196 Consilio

86 2235 241 2304 Ciuitatis
257 2235 369 2302 Catari
384 2241 579 2320 congregato
594 2256 653 2322 per
669 2255 782 2302 sonum
799 2255 967 2321 campane,
983 2243 1018 2302 vt
1033 2235 1132 2302 moris
1158 2241 1216 2316 est,

85 2344 219 2411 Sersius
235 2342 411 2410 Clementis
428 2349 460 2408 ct
475 2343 592 2408 Nicola
607 2341 647 2407 de
664 2339 804 2427 Crossiu,
831 2343 940 2427 nuncij
973 2351 1006 2410 ct
1035 2340 1212 2408 ambussia-
1273 2407 1279 2418 ,

87 2459 179 2516 tores
220 2448 344 2516 domini
359 2446 492 2514 Comitis
506 2455 539 2514 et
565 2445 751 2515 Communis
776 2449 921 2534 Rugusij‚
938 2451 1083 2516 iecerunt
1098 2453 1130 2513 ct
1145 2450 1220 2530 por-'

91 2562 249 2622 rexerunt
282 2553 366 2620 hene
395 2554 667 2636 protestccionem
692 2555 725 2620 in
752 2555 892 2640 scriptis,
922 2555 1014 2622 cuius
1046 2561 1141 2620 tenor
1172 2559 1219 2618 ta·

93 2664 137 2730 lis
153 2667 225 2730 est:

203 2765 316 2835 Coram
327 2768 419 2836 vobis
436 2767 576 2836 dominis
592 2767 775 2850 iudicibus,
787 2765 993 2852 Consilierijs
1004 2775 1037 2835 et
1048 2765 1219 2833 Communi

88 2875 225 2961 Catari,
241 2895 301 2942 nos
311 2876 439 2942 Sersios
456 2875 633 2942 Clementis
659 2881 692 2942 et
717 2873 854 2942 Nicholu
871 2873 913 2941 dc
938 2872 1076 2958 Crossio,
1101 2873 1219 2958 Nuncij

89 2991 123 3046 et
141 2981 405 3048 Ambussistores
420 2980 541 3048 nobilis
556 2981 617 3046 viri
633 2980 757 3048 domini
772 2979 943 3048 Michaelis
958 2979 1145 3047 Mauroccni
1162 2979 1216 3045 ho-

90 3086 253 3154 norabilis
271 3085 404 3155 Comitis
419 3085 566 3171 Regusij‚
582 3085 734 3154 Judicum
751 3093 783 3153 et
807 3084 1085 3172 Consiliariorum‚
1117 3095 1149 3152 et
1177 3093 1220 3152 to·

89 3192 165 3259 cius
181 3192 365 3260 Communis
380 3192 467 3261 dicte
476 3191 627 3260 Ciuitatis
636 3192 770 3276 Ragusij
785 3193 827 3258 sd
844 3193 1103 3279 hocspeoiulitcr
1118 3192 1222 3276 missi,

88 3299 230 3365 dicimus
248 3305 280 3364 et
293 3299 505 3384 proponimus
522 3319 580 3383 pro
595 3305 690 3384 parte
705 3296 860 3365 dictorum
887 3296 1008 3364 domini
1030 3296 1162 3363 Comitis
1189 3305 1222 3365 et

90 3403 281 3471 Communis
296 3404 442 3489 sagusij,
457 3405 543 3486 quod
560 3425 631 3472 cum
646 3406 816 3490 anpanus
832 3406 931 3490 Desa,
946 3403 1033 3470 filius
1058 3403 1221 3488 quondam

90 3511 217 3578 domini
233 3511 331 3595 Regis
347 3511 528 3592 Ladislaui,
547 3519 580 3578 et
594 3513 715 3579 domini
732 3511 939 3579 Bellosclaua
955 3517 1057 3578 mater
1073 3509 1217 3578 eiusdem

92 3620 195 3700 Dese,
215 3615 404 3703 deposuerit
418 3617 454 3684 in
468 3619 614 3704 Ragonio
630 3619 789 3702 quasdam
800 3637 860 3705 res,
872 3625 1029 3686 venerunt
1044 3619 1221 3702 Ragusium

93 3725 265 3792 iohannes
288 3723 328 3792 de
353 3726 443 3793 Pribi
467 3727 646 3794 Nioholaus
670 3726 843 3811 Dobronis,
868 3725 1036 3794 iohannes
1060 3725 1221 3809 Cymenoi

91 3832 266 3900 Johanues
283 3831 380 3920 Gillo,
397 3835 525 3902 Murcus
542 3834 668 3920 Basilij,
684 3841 717 3900 et
731 3832 895 3900 Medosius
916 3832 1040 3898 Thome
1054 3831 1220 3915 Drcgonis

92 3937 220 4006 Sindici
236 3944 270 4004 et
285 3941 517 4008 Procuratores
534 3937 722 4006 Communis
748 3938 858 4005 Catari
882 3937 926 4002 ed
951 3937 1012 4002 hoc
1036 3936 1223 4020 specialiter

95 4045 269 4114 constituti
278 4046 340 4113 stb.
353 4055 386 4113 et
395 4053 589 4134 acceperunt
599 4047 641 4114 de
651 4047 803 4114 munibus
813 4041 935 4110 domini
944 4041 1081 4110 Comitis
1090 4049 1122 4108 ct
1131 4039 1224 4108 Com·

94 4153 205 4220 munis
220 4152 357 4239 Bogusij
378 4153 484 4221 dictes
500 4173 552 4220 res
569 4151 610 4220 de
628 4151 775 4238 predicto
794 4150 944 4236 deposito
970 4149 1032 4216 stb.
1049 4145 1223 4235 (ezoknak

94 4250 1223 4348 primissetigorvon,uatorvunyessnkoveteltetnifognak.)eum

94 4366 197 4450 igitur
233 4372 401 4451 prenotate
426 4367 621 4436 Belosclsuc
645 4373 749 4434 metor
774 4364 852 4432 dicti
875 4363 963 4430 Dese
987 4379 1072 4428 nuuc
1097 4359 1223 4427 venerit

95 4475 278 4559 chnsium
304 4491 376 4543 oum
399 4473 519 4543 litteris
548 4471 672 4541 domini
703 4472 802 4557 Regis
832 4468 954 4557 Vrosij,
985 4465 1222 4536 continentibus

94 4583 183 4668 quod
198 4581 285 4654 dieto
300 4601 354 4649 res
378 4581 520 4650 debeant
543 4579 617 4648 dori
641 4585 810 4666 prenotato
836 4575 969 4644 domine
992 4572 1223 4654 Bolloscleu03
