3140 5150
818 323 882 388 218

768 416 925 428 ——..

393 523 510 593 Ktodl:
533 477 842 586 Contradominam
868 515 964 584 Gund
985 536 1083 600 super
1099 510 1310 600 expedicione
1327 511 1416 579 dotis

285 651 342 697 sue
359 650 416 715 pro
432 630 527 696 Petro
543 627 609 696 lilio
625 625 751 714 Madye.

285 810 426 874 (Ercdstis
457 806 640 876 bdrhartyan,
671 827 689 861 a
721 807 798 861 lrivlil
826 808 961 860 oldalvast
985 808 1038 860 oda
1062 809 1338 878 nyomoltzltrpscsdt
1357 810 1415 864 mir

796 897 904 962 eltlint,)

813 1615 889 1682 155.

288 1813 317 1880 A
335 1818 504 1902 ceszprdmc'
529 1817 751 1902 kdptclannok
776 1839 814 1881 az
839 1817 941 1901 ‹tykon'
955 1818 1090 1880 ueoncsek
1105 1818 1189 1884 tczti
1204 1817 1413 1884 birtoltreode-

524 1927 586 1989 adst
613 1927 768 2010 tcirpyozd
782 1924 1053 2009 bironpsu'pleueie.
1080 1925 1176 1990 1278.

395 2118 462 2185 Nos
487 2117 673 2203 Capitulum
699 2118 948 2205 Vesprimiensis
974 2119 1123 2187 Ecclesic
1142 2119 1258 2186 damus
1275 2141 1335 2206 pro
1351 2142 1415 2188 me·

289 2227 411 2311 moria,
437 2223 522 2310 quod
550 2227 674 2294 Gemite
689 2227 793 2294 Paulo
810 2228 877 2293 filio
894 2227 1038 2294 Marcelli
1055 2248 1113 2313 pro
1130 2249 1166 2294 se
1182 2234 1215 2294 et
1230 2248 1289 2313 pro
1306 2228 1416 2295 Mathe

289 2333 389 2399 fratre
421 2353 479 2399 sno
506 2353 546 2398 ex
564 2354 627 2398 vna
642 2340 756 2419 parte,
791 2343 823 2400 et
847 2335 1033 2419 Stephanus
1064 2355 1122 2417 pro
1154 2356 1190 2401 se
1215 2335 1368 2402 similiter
1385 2343 1418 2401 ct

288 2441 434 2526 Nycolao
465 2439 566 2508 fratre
598 2461 675 2526 suo;
715 2442 793 2507 item
819 2441 936 2509 Boltha
960 2441 1027 2507 filio
1053 2441 1148 2507 Pauli
1174 2463 1231 2526 pro
1259 2461 1295 2508 se
1311 2447 1343 2508 ct
1358 2463 1417 2528 pro

289 2549 392 2615 Paulo
417 2547 517 2615 fratre
533 2567 591 2615 suo
607 2570 648 2615 ex
665 2549 769 2614 altera
779 2599 788 2632 ,
814 2548 977 2615 nobilibus
995 2549 1035 2614 de
1052 2547 1132 2612 villa
1147 2549 1244 2630 Ayka
1261 2549 1295 2614 in
1313 2551 1415 2616 nostri

289 2655 458 2741 presencia
483 2655 686 2740 constitutis;
719 2655 805 2741 idem
831 2655 947 2722 Comes
972 2655 1092 2722 Paulus
1118 2655 1306 2740 proposuit,
1331 2657 1418 2740 quod

289 2761 473 2848 porcionem
498 2765 533 2830 in
555 2769 642 2832 terra
658 2763 855 2831 hereditaria
880 2766 986 2850 ipsum
1002 2772 1034 2830 et
1049 2771 1268 2849 promoratum
1285 2765 1418 2834 fratrem

289 2890 380 2937 suurn
398 2871 657 2960 contingentem,
680 2873 817 2939 terciam
842 2871 995 2939 videlicet
1015 2878 1142 2957 partem
1159 2871 1304 2938 ciusdem
1322 2878 1417 2958 terre,

290 2998 353 3062 que
368 2979 484 3046 habita
499 2979 586 3044 inter
601 2979 690 3064 ipsos
705 2977 867 3047 diuisione
883 2978 968 3045 inter
983 2985 1102 3044 terram
1115 2977 1249 3064 Gyliani
1261 2999 1300 3046 ac
1310 2977 1421 3044 fratris

290 3087 340 3155 sui
356 3093 387 3153 et
402 3095 520 3154 terram
544 3087 663 3155 Boltha
683 3109 739 3156 sev
753 3088 889 3156 fratrum
905 3107 1035 3155 suorum
1052 3089 1098 3155 eis
1117 3089 1221 3155 iuerat
1237 3087 1418 3171 assignata,

289 3195 381 3263 iuxta
394 3202 574 3262 nostrorum
591 3195 836 3281 priuilegiornm
853 3193 1098 3281 continenciam,
1122 3203 1157 3261 vt
1172 3195 1334 3278 dixerunt,
1358 3215 1418 3277 pro

291 3304 376 3370 bono
392 3303 483 3388 pacis
504 3311 534 3369 et
550 3303 738 3388 concordie,
770 3323 810 3369 ac
834 3303 973 3388 speciali
1000 3303 1180 3370 dileccione
1200 3301 1417 3386 predictorum

290 3429 419 3477 suorum
437 3418 672 3498 cognatorum,
707 3407 828 3477 eisdem
853 3409 996 3495 Gyliano
1023 3417 1054 3476 et
1079 3408 1199 3476 Boltha
1224 3415 1257 3475 et
1272 3410 1417 3495 ipsorum

290 3515 445 3584 iratribus
462 3514 627 3584 dedissent
641 3523 675 3582 et
690 3518 924 3602 assignassent,
949 3538 1021 3583 curn
1046 3515 1194 3582 omnibus
1211 3517 1280 3583 suis
1296 3513 1417 3581 utilita-

292 3623 379 3693 tibus
395 3631 551 3710 perpetuo
566 3623 820 3711 possidendam3
839 3631 870 3690 et
886 3625 928 3690 ab
945 3625 1026 3709 ipsis
1042 3623 1076 3689 in
1092 3622 1316 3692 concambium
1332 3621 1418 3691 eins·

291 3729 364 3797 dem
388 3730 553 3816 porcionis
576 3731 767 3798 tantundem
786 3739 870 3798 terre
886 3752 927 3801 ex
947 3737 1038 3817 parte
1053 3730 1128 3797 finis
1143 3751 1184 3798 ex
1200 3729 1343 3816 ipsorum
1358 3731 1416 3797 he·

293 3836 449 3905 raditaria
464 3838 616 3923 porcione
641 3857 682 3903 ex
697 3844 789 3923 parte
805 3837 901 3923 prati,
920 3837 1005 3922 quod
1020 3835 1204 3920 Bagarethe
1219 3837 1419 3922 appellatur,

292 3963 364 4012 curn
381 3945 528 4013 omnibns
544 3944 693 4012 similiter
714 3945 783 4011 suis
800 3944 996 4011 utilitatibus
1004 3942 1188 4010 habendam
1199 3944 1420 4028 perempnitcr

293 4051 500 4136 recepissent.
523 4051 594 4130 Qus
610 4060 698 4119 terra
713 4071 734 4118 a
749 4052 846 4118 terris
864 4051 1079 4138 predictorum
1100 4049 1235 4136 Gyliani
1251 4057 1284 4116 et
1298 4049 1421 4116 Boltha

293 4173 333 4222 ac
348 4155 482 4224 fratrum
499 4177 629 4225 suornm
649 4158 758 4224 taliter
773 4156 974 4242 distingitur,
997 4157 1080 4224 sicut
1094 4163 1207 4241 partes
1222 4157 1421 4223 retulerunt:

291 4263 410 4350 Incipit
427 4263 512 4331 enirn
529 4270 606 4331 ante
623 4263 710 4332 iores
725 4265 863 4332 ecclesie
879 4263 974 4330 Beati
990 4261 1125 4346 Remigij
1144 4259 1317 4328 decadem
1335 4262 1422 4328 villa

294 4371 400 4458 Aylra,
426 4376 459 4437 et
482 4371 659 4457 procedens
684 4391 785 4457 supra
802 4370 984 4440 molendino
1003 4369 1134 4454 Georgij
1152 4367 1270 4436 transit
1284 4366 1423 4435 fluuium

293 4479 440 4559 Tornua,
464 4489 497 4546 et
521 4479 657 4564 cotingit
681 4481 764 4548 duas
790 4487 892 4548 metas
907 4481 1000 4549 iuxta
1015 4476 1153 4547 eundern
1170 4476 1305 4545 fluuium
1322 4475 1424 4544 collo-

294 4594 405 4670 ostas3
428 4584 470 4652 de
485 4585 601 4670 quibus
615 4586 793 4671 procedens
809 4587 897 4656 viam
913 4586 1045 4671 attingit
1069 4585 1235 4673 publicam
1251 4591 1284 4652 at
1299 4592 1424 4651 terram
