3146 5166
840 838 917 908 434.

312 977 511 1048 Azalaodri
536 984 731 1049 tonocatnek
748 986 901 1070 jelentdae
918 986 981 1050 IV.
1013 987 1131 1054 Lcisnld
1154 990 1334 1072 kirdlyltos,
1352 991 1439 1074 loyy

405 1095 613 1174 parascsutra
627 1091 777 1192 bizosyos
793 1093 911 1160 ederes
927 1096 1147 1180 cepreliajtott.
1164 1073 1214 1159 lio
1230 1097 1345 1160 scoot.

419 1267 697 1335 Excellentissimo
713 1268 843 1337 domino
860 1290 918 1336 suo
934 1270 970 1336 L.
986 1271 1048 1336 Dei
1063 1272 1175 1356 gracia
1189 1271 1272 1356 Regi
1288 1271 1435 1356 Vngarie

311 1373 412 1441 frater
442 1375 562 1460 Symon
595 1377 807 1446 miseracione
838 1380 960 1446 Diuina
975 1381 1086 1448 Abbas
1116 1381 1303 1466 Monasterij
1337 1381 1436 1448 Beati

309 1479 443 1546 Adriani
478 1479 520 1548 de
543 1485 623 1550 Zala
655 1489 803 1570 totusque
830 1484 1012 1554 conuentus
1044 1486 1189 1553 eiusdem
1222 1489 1284 1554 loci
1311 1488 1434 1554 oracio·

311 1607 369 1654 nes
385 1588 552 1656 continuas
584 1591 709 1661 debitas
740 1614 779 1659 ac
810 1593 957 1662 denotas.
988 1594 1141 1680 Receptis
1172 1595 1287 1662 litteris
1317 1593 1439 1660 Vestre

311 1694 502 1764 Serenitatis
518 1699 725 1786 continentes,
752 1701 838 1781 quod
854 1703 1053 1768 mitteremus
1069 1723 1166 1769 vnum
1183 1723 1222 1768 ex
1252 1700 1347 1767 nobis
1363 1720 1438 1766 cum

311 1803 440 1870 homine
464 1813 581 1888 uestro,
608 1808 661 1890 qui
686 1807 799 1875 citaret
813 1809 856 1875 ad
871 1809 1021 1876 Vestram
1037 1811 1247 1876 Presenciam
1274 1808 1434 1878 Jacobum

310 1911 352 1978 de
367 1911 535 2010 Tolmach,
549 1912 689 1998 Gallum,
701 1915 839 1982 Oosmnn
855 1921 886 1982 et
903 1915 1044 1982 (themen
1068 1917 1151 1982 filios
1168 1915 1321 1999 eiusdem,
1353 1916 1438 1980 Pau·

310 2019 377 2086 lum
401 2018 502 2084 filium
518 2021 642 2106 Manae,
675 2021 781 2109 Helya
797 2031 830 2090 et
847 2023 947 2089 Oham
974 2024 1055 2091 filios
1080 2024 1222 2110 Her-usk,
1252 2020 1436 2106 Propicinm

311 2125 351 2190 de
381 2125 523 2212 Perene,
556 2127 703 2215 Thomoy
731 2136 762 2196 et
787 2130 977 2196 Ladizlaum
1007 2131 1049 2198 de
1074 2129 1242 2216 Thomoy,
1270 2127 1436 2210 villasque

312 2233 486 2300 eorundem
510 2233 689 2302 Tholmach
715 2243 747 2304 et
771 2239 894 2304 Perene
919 2245 1064 2324 uocatas,
1091 2243 1203 2304 contra
1227 2234 1434 2321 Mychaelem

312 2337 413 2405 filium
428 2343 514 2410 Varo
538 2343 582 2407 ad
606 2343 776 2411 terminum
801 2353 1042 2429 competentem.
1059 2344 1151 2422 Quod
1176 2350 1208 2410 et
1233 2343 1378 2422 fecimus,
1404 2349 1440 2407 et

312 2445 459 2515 homines
493 2449 654 2536 predictos
679 2451 724 2517 ad
746 2452 953 2520 Prosenoiam
979 2453 1092 2518 Vestre
1118 2450 1310 2537 llayestatis
1344 2447 1441 2515 citari

309 2551 455 2641 fecimus,
472 2557 640 2624 terminum
656 2559 776 2624 eisdem
793 2561 998 2643 assignantes
1015 2559 1210 2642 quindenam
1226 2558 1327 2624 Beate
1352 2555 1437 2619 Mar·

312 2670 432 2746 garete.
449 2663 490 2729 Et
506 2663 593 2748 quod
608 2665 726 2732 Vestra
741 2666 952 2734 Excellencia
967 2667 1061 2732 nobis
1078 2665 1233 2750 precepit,
1250 2669 1286 2730 ut
1301 2663 1342 2729 de
1352 2661 1435 2726 inin-

281 2821 286 2829 .
312 2769 381 2855 riJs,
400 2790 481 2854 quas
495 2771 641 2840 homines
658 2773 835 2859 supradicti
851 2771 955 2841 eidem
971 2771 1134 2860 Mychaeli
1159 2770 1359 2854 intulissent,
1386 2785 1439 2834 ne-

313 2875 442 2942 ritatcm
457 2879 623 2965 sciremus,
656 2885 688 2946 et
719 2879 810 2946 uobis
841 2862 1089 2962 mandaremus,
1122 2875 1232 2944 taliter
1261 2874 1435 2942 ueritatem

311 2981 465 3050 sciuimus
482 3004 540 3068 per
554 2985 715 3052 hominem
730 2992 893 3051 nostrum:
911 2983 998 3070 quod
1009 2983 1153 3049 homines
1165 2979 1435 3066 supranominati

311 3110 409 3158 manu
424 3099 550 3159 armata
566 3111 665 3179 supra
681 3093 809 3158 domum
826 3092 968 3159 eiusdem
984 3091 1163 3176 Mychaelis
1178 3089 1357 3166 uenientes,
1371 3087 1435 3154 fra-

310 3207 389 3267 trem
415 3200 556 3270 eiusdem
572 3201 774 3268 Dominicum
800 3201 930 3267 nomine
955 3182 1193 3284 interfecerunt,
1218 3197 1326 3281 ipsum
1351 3216 1433 3262 uero

312 3313 344 3372 et
376 3306 532 3374 Achillem
551 3308 682 3376 fratrem
697 3309 800 3393 ipsius
817 3309 952 3374 alterum
968 3306 1113 3391 grauiter
1128 3305 1358 3385 numerarunt,
1387 3321 1439 3368 ec·

310 3413 447 3482 ciceiam
462 3417 563 3501 ipsius
588 3418 761 3501 fregerunt,
774 3417 957 3483 auferentes
968 3413 1044 3479 inde
1068 3411 1221 3496 quicquid
1244 3411 1366 3478 ibidem
1382 3429 1438 3474 re-

308 3529 478 3609 pererunt,
496 3530 616 3607 patrem
632 3525 737 3609 ipsius
752 3521 913 3607 captiuari
930 3521 1076 3600 fecerunt
1088 3519 1237 3604 Thomoy
1257 3525 1289 3584 et
1311 3517 1431 3582 Ladiz·

309 3629 392 3714 laus,
410 3629 602 3712 fratremque
618 3629 772 3714 eiusdem,
801 3649 881 3713 quos
907 3627 1060 3714 redemit5
1085 3624 1305 3693 molendinum
1328 3621 1439 3706 ipsius

311 3733 557 3821 destruxerunt3
575 3739 691 3805 siluam
724 3745 756 3803 et
785 3736 885 3803 fenile
915 3737 1019 3821 ipsius
1050 3741 1179 3816 tenent,
1212 3737 1314 3797 metas
1346 3735 1437 3795 terre

310 3846 455 3913 eiusdem
472 3847 506 3911 in
522 3846 645 3914 duobus
661 3847 744 3914 locis
759 3845 1016 3912 drestrucserunt
1037 3841 1136 3930 (igy),
1164 3847 1297 3906 mortem
1323 3836 1434 3904 cidem

310 3973 331 4017 a
348 3953 482 4020 meridie
500 3953 678 4043 minantes,¹
689 3953 918 4021 interficientes
934 3953 1066 4037 insuper
1082 3948 1247 4034 quendam
1258 3949 1437 4028 cognatum

311 4059 455 4132 eiusdem
471 4063 600 4129 nomine
614 4063 798 4129 Johannem
813 4060 913 4126 filium
929 4057 1066 4126 Heches.
1077 4058 1205 4124 *Datum
1221 4049 1363 4120 secundo
1375 4048 1431 4115 die

309 4174 384 4250 post
398 4165 517 4236 festum
532 4169 632 4236 Beate
649 4171 843 4252 Margarete.

417 4275 468 4341 Ki
482 4277 553 4344 vul
565 4301 572 4343 :
583 4275 866 4344 Excellentissimo
882 4271 1011 4340 domino
1021 4271 1059 4339 L.
1070 4269 1131 4336 Dei
1146 4267 1268 4355 gracia.
1284 4301 1316 4313 -
1334 4301 1375 4314 -
1390 4301 1433 4312 -

312 4436 459 4501 (Eredetio
472 4435 646 4504 bdrhlrtytn,
660 4453 678 4489 a
689 4433 830 4504 sfrpecstt
843 4436 978 4498 alvesnst3
992 4449 1009 4486 a
1023 4433 1104 4486 budai
1127 4431 1179 4484 kin.
1204 4429 1326 4512 tramarai
1346 4425 1437 4478 lesdi-

808 4522 927 4588 ttrban.)
