3118 5158
564 369 723 478 „cs—

73 569 245 642 dimicauit
260 574 423 658 quendam
442 574 576 642 militem
587 571 809 658 Teutonicum,
828 571 1104 657 consanguineum
1120 561 1209 638 ride·

73 683 152 751 licet
178 684 317 752 Comitis
333 685 541 769 Kyrungucrt
566 683 774 770 captinando,
801 683 951 764 aliosque
977 701 1074 766 quam
1100 680 1210 765 plures

74 793 269 861 uulnerauit.
291 794 330 859 ln
350 811 413 874 quo
430 793 534 858 eciam
560 791 646 858 bello
662 791 763 878 ijdcm
780 790 925 857 Barones
942 787 1045 856 nostri
1061 796 1133 856 octo
1148 791 1207 856 Ba·

76 921 171 968 rones
199 901 306 987 ipsius
332 901 431 984 Regis
446 899 639 968 Boemorum
657 899 877 984 «captiuorum,
905 902 938 964 et
952 897 1049 964 nobis
1064 897 1209 965 adduxe·

75 1018 148 1076 runt
164 1010 360 1096 captiuatos.
383 1005 421 1076 In
438 1009 555 1094 quibus
573 1009 703 1092 quidem
719 1007 816 1074 bellis
834 1014 865 1075 et
880 1006 1089 1092 processibus
1105 1008 1210 1074 multa

77 1117 223 1206 uulnera,
236 1125 268 1185 et
278 1117 466 1207 specialiter
480 1118 541 1185 sub
553 1115 640 1185 dicto
656 1123 763 1183 castro
775 1113 964 1184 Zombothel
974 1115 1075 1182 letale
1089 1117 1209 1183 uulnus

75 1229 108 1293 in
126 1247 227 1295 manu
243 1228 361 1296 dextra
384 1227 454 1314 ipsc
470 1227 628 1310 Magister
647 1226 804 1293 Nicolaus
820 1243 879 1310 per
904 1225 1053 1292 lanceam
1074 1226 1210 1310 pertulit

77 1344 109 1400 et
124 1337 275 1422 excepit;
299 1341 393 1420 prout
409 1335 586 1420 premissas
606 1331 781 1402 fidelitates
801 1339 833 1400 et
854 1333 1062 1400 seruiciorum
1079 1352 1209 1400 suorum

78 1445 193 1512 merita
220 1445 404 1511 nominatus
429 1445 585 1526 Magister
600 1441 786 1527 Joachiuus,
809 1447 842 1508 et
861 1441 917 1527 alij
936 1439 1049 1510 fidelos
1063 1440 1209 1509 Barones

77 1555 181 1619 nostri
197 1553 292 1621 nobis
309 1552 440 1620 oraculo
466 1550 540 1617 uiue
564 1552 655 1618 uocis
671 1551 859 1617 retulerunt.
893 1547 1038 1634 Cumque
1053 1552 1123 1637 ipse
1142 1555 1209 1619 Ma·

78 1661 180 1742 gistcr
196 1662 354 1729 Nicolaus
370 1668 501 1748 propter
526 1657 712 1727 huiusmodi
736 1658 847 1726 fidelia
872 1659 1012 1727 seruicia
1030 1681 1090 1727 sua
1110 1683 1209 1744 quau-

81 1766 156 1834 olam
181 1775 303 1836 terram
329 1789 422 1836 suam
442 1768 547 1855 Sytke
571 1773 731 1851 uocatam,
755 1787 853 1851 qnam
878 1785 936 1854 per
960 1767 1124 1837 dominam
1142 1773 1208 1836 lta-

79 1877 158 1942 riam
184 1877 345 1960 Reginam
371 1877 559 1963 Huugarie,
588 1895 683 1941 auam
716 1883 862 1941 nostram
886 1875 1094 1944 karissimam
1120 1880 1209 1946 clarc

80 1985 330 2065 recordacionis,
349 1993 513 2072 receptam
532 2005 604 2054 esse
629 1985 760 2053 dicebat
774 1985 917 2054 indebite
943 1995 974 2056 et
989 1989 1117 2076 iniuste,
1143 1993 1208 2059 sibi

79 2093 206 2160 restitui
246 2094 435 2180 petiuisset;
479 2114 538 2161 nos
562 2093 682 2161 factum
710 2101 795 2161 terro
829 2095 973 2162 eiusdem
1004 2097 1210 2182 inquisicioni

80 2201 230 2269 Maurioii
255 2201 295 2270 de
312 2201 405 2270 Deed
431 2201 571 2270 hominis
597 2204 699 2270 nostri
716 2203 776 2269 sub
792 2203 980 2272 testimonio
997 2207 1139 2292 Capituli
1155 2211 1209 2276 Al-

80 2310 192 2377 bensis
216 2309 368 2378 duximus
394 2309 668 2376 committendam.
693 2307 788 2387 Quod
807 2312 937 2396 quidem
954 2313 1139 2400 Capitulum
1156 2338 1210 2384 no-

80 2417 130 2485 bis
156 2418 362 2502 postmodum
388 2417 625 2503 rescripserunt
651 2399 683 2482 in
711 2417 796 2486 hunc
822 2419 963 2505 modum,
987 2429 1022 2488 ut
1047 2423 1209 2490 hominem

81 2527 223 2610 ipsorum
249 2526 379 2594 fidelem
413 2545 554 2594 unacum
579 2525 735 2594 Mauricio
770 2527 899 2595 homine
929 2537 1039 2595 nostro
1065 2531 1210 2616 predicto

81 2636 358 2720 transmittentes,
391 2634 510 2702 uicinis
536 2640 569 2700 et
594 2633 823 2702 commetaneis
851 2635 999 2704 omnibus
1025 2643 1210 2708 conuocatis

81 2741 337 2826 reambnlando,
360 2742 467 2826 ipsam
491 2747 611 2824 terram
638 2739 725 2808 idem
750 2742 846 2809 homo
871 2750 981 2811 noster
995 2747 1163 2814 statuisset
1179 2757 1212 2816 ct

82 2851 285 2934 assignasset
308 2850 464 2935 Magistro
490 2849 627 2918 Nicolao
653 2847 831 2936 antedicto,
858 2850 949 2918 nullo
975 2854 1210 2924 contradictore

82 2959 210 3041 penitus
236 2957 408 3024 existente.
441 2959 509 3025 Nos
525 2958 627 3041 igitur
652 2957 866 3026 consideratis
892 2966 940 3026 tot
960 2967 991 3026 et
1016 2963 1115 3029 tantis
1135 2966 1207 3032 fide-

82 3064 164 3131 libus
195 3071 229 3130 et
260 3065 435 3150 meritorijs
476 3065 625 3148 seruicijs
657 3065 801 3150 ipsorum
842 3067 989 3150 Magistri
1019 3067 1147 3138 Nicolai
1179 3081 1212 3140 et

84 3171 239 3258 Ledinlai,
263 3171 401 3238 eandem
425 3179 547 3240 terram
564 3173 670 3260 Sytke
693 3193 765 3240 cum
789 3171 938 3240 omnibus
962 3175 1154 3246 utilitatibus
1179 3191 1211 3248 et

84 3278 292 3364 pertinenoijs
318 3281 406 3368 suis,
432 3279 554 3347 eisdem
570 3281 737 3365 Magistris
762 3281 900 3348 Nicolao
921 3288 953 3349 et
977 3283 1144 3374 Ladizlao,
1172 3309 1212 3354 ac

84 3406 136 3472 per
159 3407 217 3454 eos
243 3387 394 3454 Teodoro
419 3387 515 3455 fratri
544 3407 655 3456 eorum
691 3388 879 3472 reliquimus
908 3395 941 3456 et
965 3389 1147 3463 dimisimus
1173 3418 1212 3464 ac

85 3493 184 3562 eciam
208 3493 403 3562 contulimus
428 3496 497 3564 iure
522 3503 678 3582 perpetuo
704 3503 737 3563 et
760 3499 894 3583 pacifice
919 3501 1150 3584 possidendam
1171 3506 1211 3575 de

20 3687 21 3698 ἵ
85 3609 193 3667 nostra
217 3601 332 3686 gracia
357 3602 455 3687 pleno
484 3603 564 3671 iure.
604 3605 647 3669 vt
671 3605 768 3690 igitur
794 3605 889 3674 huius
914 3609 961 3673 rci
986 3610 1088 3678 series
1114 3615 1211 3682 robur

85 3708 228 3792 optineat
252 3717 409 3795 perpetue
434 3712 616 3798 firmitatis,
650 3720 683 3779 et
706 3733 748 3779 ne
772 3733 926 3799 processu
951 3723 1130 3804 temporum
1155 3744 1214 3807 per

86 3817 268 3904 quempiam
294 3818 402 3901 possit
416 3819 479 3886 ‘vel
496 3817 614 3887 debeat
638 3819 672 3886 in
688 3819 813 3887 irritum
836 3825 1023 3911 retractari,
1046 3837 1213 3913 presentes

87 3922 302 3990 concessimus
327 3923 455 3994 litteras
480 3926 645 4012 dupplicis
668 3928 772 4011 sigilli
795 3929 898 3997 nostri
922 3935 1101 4001 munimine
1122 3939 1212 4004 rubo·

86 4035 179 4096 ratas.
213 4031 337 4098 Datum
362 4051 421 4118 per
446 4053 561 4100 manus
587 4035 736 4119 Magistri
760 4037 929 4105 Benedicti
957 4039 1075 4108 Sancte
1091 4043 1212 4130 Strigo·

87 4135 205 4206 niensis
232 4139 382 4206 Ecclesie
398 4140 513 4224 Electi,
540 4139 685 4209 eiusdem
710 4144 773 4211 loci
796 4143 931 4213 Comitis
956 4151 1115 4235 perpetui,
1139 4131 1214 4220 aide

88 4252 192 4313 nostre
211 4245 504 4335 Vioediancellarij
522 4249 685 4334 Prepositi
702 4251 882 4340 Budensis,
912 4255 1024 4324 dilecti
1051 4265 1083 4325 et
1108 4259 1213 4328 lidelis

88 4355 195 4441 nostri,
213 4375 301 4422 anno
318 4355 448 4422 Domini
464 4357 637 4426 millesimo
653 4360 824 4427 GO⁰LXX⁰
840 4371 965 4450 quarto,
985 4367 1091 4451 Regni
1106 4375 1214 4434 autem

90 4461 185 4526 nostri
221 4481 310 4529 anno
335 4464 497 4549 secundo,
534 4466 599 4532 II-o
624 4466 738 4534 Nonas
763 4469 920 4556 Augusti,
952 4471 1139 4540 indiccione
1163 4495 1213 4541 se·

88 4567 197 4634 cunda.
216 4567 466 4638 venerabilibus
484 4573 631 4656 patribus
648 4575 814 4662 Stephano
831 4577 999 4646 (tolosensi
1016 4587 1048 4646 ct
1063 4580 1214 4648 Johanne

90 4671 270 4758 Spalatensi
286 4677 559 4785 Archicpiseopis,
584 4681 757 4770 Lamperto
773 4683 940 4772 Agriensi,
964 4685 1066 4752 Paulo
1086 4685 1214 4770 Vespri·

127 4809 229 4849 nouum,
247 4813 332 4850 nnuc.
349 4811 418 4850 mss.
436 4821 476 4837 -·
493 4815 604 4858 nrrnou.
632 4815 667 4858 17.
1030 4797 1052 4864 ὅ
