3080 5160
806 307 962 412 me-

317 509 529 598 pestlapsam
542 505 685 576 eiusdem
701 506 830 574 termini
844 505 967 575 diutius
982 511 1190 592 expectatum
1207 501 1452 592 propterquod

317 617 423 706 ipsum
454 633 518 683 nen
548 613 710 682 immerito
741 620 963 682 eentumaeem
993 611 1149 682 duximus
1170 609 1397 701 reputandum
1414 611 1454 678 in

318 741 392 791 eum
417 742 475 810 per
497 741 566 810 nea,
583 722 734 809 exigente
750 721 854 808 ipeius
870 721 1083 810 contumatia,
1097 717 1454 790 exeommunieatienis

318 829 484 922 septennia
498 830 718 918 promulgata
738 829 829 898 Lieet
856 827 955 914 ip‘tur
963 836 1083 896 eontra
1099 833 1310 896 memoratum
1323 825 1455 898 (talva-

318 957 394 1006 uum
419 937 461 1005 eb
477 935 662 1005 huiusmodi
686 937 901 1006 temeritatem
926 943 960 1004 et
973 937 1210 1005 enntnmaeiem
1224 931 1317 1004 snam
1331 937 1375 1005 ad
1389 959 1456 1026 pe

317 1067 394 1114 nam
423 1044 525 1114 aliam
555 1050 689 1130 prepter
719 1039 781 1111 hae
811 1043 1021 1129 infligendam
1069 1043 1175 1127 eidem
1204 1061 1371 1131 possemus
1405 1045 1455 1113 de

221 1213 226 1225 .
318 1154 389 1222 inre
407 1149 603 1240 propedem
620 1170 693 1218 eum
709 1151 811 1219 etiam
825 1149 1093 1240 intellexerimus,
1111 1150 1198 1237 qued
1212 1153 1299 1222 idem
1313 1173 1373 1240 per
1388 1147 1456 1240 pe·

318 1258 421 1329 tenue
433 1257 589 1326 senniaris
606 1258 743 1324 ebusum
759 1256 793 1324 in
809 1257 961 1343 predicta
976 1257 1295 1328 sceleratarum
1309 1261 1455 1345 intrudi,

318 1385 514 1454 quamquam
539 1363 686 1432 Eeelesie
710 1363 838 1452 pretate
852 1365 993 1451 provisio
1008 1357 1085 1434 tune
1100 1367 1302 1453 perlapsum
1317 1379 1455 1453 tenpo-

317 1476 375 1564 ris,
386 1474 470 1543 siunt
479 1470 883 1568 aeeeptmnsextitissetad
898 1469 1017 1540 Sedem
1032 1473 1257 1558 Apostolieam
1273 1473 1457 1559 devoluta3

319 1590 354 1650 ut
378 1589 487 1650 tamen
512 1585 630 1664 agatur
646 1575 680 1645 in
707 1577 767 1644 hae
792 1585 887 1666 parte
902 1581 1061 1648 maturius
1078 1587 1110 1650 et
1125 1581 1317 1667 preeedatur
1333 1581 1459 1667 benig·

318 1689 391 1760 nius
406 1691 494 1759 eirea
509 1687 615 1773 ipsam
625 1675 647 1772 ,'
660 1685 853 1755 fraternitati
870 1695 925 1755 tne
942 1707 1001 1774 per
1014 1687 1205 1774 Apostoliea
1219 1689 1340 1776 seripta
1353 1711 1458 1756 man-

318 1797 443 1880 damus,
461 1783 621 1882 'quaereus
653 1794 787 1862 eundem
814 1793 1012 1884 Galranum,
1035 1815 1101 1865 nen
1127 1797 1278 1865 obstante
1297 1796 1460 1884 appella·

317 1905 405 1974 tiene
429 1901 597 2002 predietap
610 1921 707 1987 qnam
724 1899 874 1968 frivulam
891 1907 1090 1987 reputamus,
1107 1903 1415 1972 exeonminieatnm
1435 1927 1461 1972 a

318 2009 411 2080 nobis
422 2011 464 2077 eb
475 2027 609 2078 eausam
636 2007 815 2093 predietam
831 2007 865 2074 in
881 2007 973 2096 loeis,
989 2009 1162 2093 dequibus
1179 2009 1297 2078 rideris
1311 2009 1459 2095 expedi-

319 2136 363 2201 re,
375 2116 555 2202 denunties,
571 2123 603 2183 et
619 2113 724 2182 lanias
738 2113 888 2200 petulius
904 2115 1035 2199 pnbliee
1051 2115 1206 2204 nuntiari,
1221 2124 1254 2184 et
1267 2115 1459 2188 niehilomi·

318 2223 490 2310 nusipaum
507 2243 547 2289 ex
559 2229 654 2309 parte
663 2227 774 2290 nestra
784 2215 842 2308 per
857 2227 890 2288 te
905 2221 957 2290 vel
973 2241 1032 2307 per
1047 2221 1147 2290 alnirn
1165 2223 1265 2290 uitare
1280 2227 1460 2308 praeurens,

318 2339 353 2400 ut
373 2331 459 2400 intra
473 2329 569 2398 trium
587 2329 746 2397 mensium
763 2329 906 2416 epatium
921 2349 943 2395 a
959 2326 1012 2396 die
1026 2329 1201 2417 titutionis,
1216 2351 1309 2415 quem
1336 2332 1461 2398 termi-

317 2459 394 2508 num
418 2437 481 2506 sibi
507 2437 550 2503 ad
576 2436 637 2505 heu
662 2435 915 2522 peremptoriam
931 2437 1147 2522 assignamus,
1173 2457 1280 2506 ueram
1296 2437 1398 2506 nobis
1419 2459 1461 2506 se

316 2545 534 2634 personaliter
558 2549 767 2630 representet,
793 2543 937 2612 lauturus
964 2550 998 2610 et
1021 2551 1210 2630 recepturus
1234 2545 1318 2629 qaeu
1342 2563 1462 2631 super

317 2655 378 2722 bne
395 2650 828 2736 durerimnserdinandnm5
854 2657 888 2717 et
912 2657 1022 2736 aperte
1046 2651 1197 2737 predieaa
1224 2653 1340 2739 eidem,
1356 2645 1461 2737 quod

318 2763 383 2830 uisi
394 2761 515 2828 saniori
541 2759 656 2825 duetus
682 2757 815 2825 oonsilio
841 2777 947 2825 eoram
974 2758 1067 2827 nubis
1089 2759 1123 2825 in
1140 2757 1286 2845 prediete
1306 2760 1465 2830 termine

317 2867 532 2953 personaliter
571 2883 758 2951 comparere
784 2866 955 2951 erraverit,
979 2887 1037 2935 nea
1062 2866 1106 2936 ad
1130 2866 1348 2953 priraeienem
1390 2890 1460 2938 sen

279 3021 285 3031 ι
316 2973 513 3043 amotionem
541 2973 644 3061 ipsine
674 2975 716 3041 ab
732 2973 880 3044 Euelesia
891 2971 1087 3059 supradieta,
1103 2985 1137 3042 et
1152 2974 1238 3042 alias
1253 2973 1352 3042 etiem
1371 2969 1461 3046 een-

321 3089 372 3150 tra
396 3102 479 3168 eum,
496 3088 590 3166 prout
606 3080 685 3146 laeti
701 3079 841 3164 qualitas
852 3086 1004 3166 suggeret
1019 3087 1051 3148 et
1067 3079 1191 3148 iustitia
1206 3081 1359 3170 suaserit,
1381 3104 1466 3170 pre

317 3173 481 3258 cedemus.
509 3185 671 3272 Quiequirl
691 3194 798 3254 autem
825 3187 1009 3272 superbiis
1033 3185 1159 3272 seueris,
1190 3187 1283 3255 nobis
1297 3207 1359 3274 per
1379 3197 1469 3260 tuas

317 3301 466 3380 patentes
491 3295 628 3382 litteras,
660 3293 774 3361 irarum
791 3291 910 3364 seriem
928 3293 1141 3382 continentes,
1157 3291 1290 3364 studeas
1305 3295 1469 3366 fideliter

316 3400 474 3472 iutimare.
499 3404 622 3470 Datum
646 3399 734 3490 apud
761 3402 881 3492 Urbem
906 3401 1055 3471 Veterem
1080 3401 1153 3469 XV.
1178 3400 1342 3472 kalendar
1368 3404 1467 3474 etati

318 3507 530 3576 Pantilieatus
546 3505 649 3577 nostri
664 3497 750 3577 anne
765 3516 893 3592 quarto.

317 3739 445 3801 (Theiner
462 3721 521 3807 lg„
534 3741 634 3792 Vetera
646 3743 823 3796 Monumenta
834 3741 975 3798 slavorum
988 3741 1207 3798 Meridienalium
1226 3743 1370 3797 historiam
1398 3747 1476 3800 illu·

767 3833 888 3886 stranea
903 3833 946 3882 tt.
959 3830 990 3896 l.)
