3124 5158
639 891 715 958 182.

114 1091 141 1158 A
158 1095 291 1157 υαευάνὶ
305 1092 522 1178 ddptoiaanok
538 1091 820 1176 bizonysdplouele,
843 1093 926 1177 hopy
951 1093 1040 1158 Jaak
1055 1095 1240 1178 aemzetedp-
1327 1077 1332 1088 ⁸

114 1202 172 1264 dedi
191 1195 475 1285 dispondaeum,
492 1200 747 1285 Dabropotoieon
764 1203 795 1264 ds
812 1199 909 1266 Sinon
917 1200 1017 1286 fekod
1033 1201 1245 1266 birtoitrdszer't

116 1310 255 1388 Marion,
273 1305 404 1371 Artrrao
413 1307 465 1389 fio
481 1306 653 1391 mepdletdaa
662 1305 787 1392 feje‘ben
813 1307 999 1393 dzoepye'neie
1024 1307 1198 1374 Florisnok
1213 1311 1244 1375 ds

364 1415 483 1496 fidaok
499 1413 666 1480 Jooosnotr
682 1413 850 1500 citeoqadta.
885 1415 981 1481 1279.
1132 1409 1149 1434 ⁵

348 1599 377 1657 A
563 1591 590 1655 B
774 1593 799 1657 C
984 1593 1013 1656 D

220 1755 289 1821 Nos
322 1753 507 1840 Capitulum
538 1753 685 1820 Ecclesia
717 1753 828 1818 Saueti
853 1752 1023 1820 Michaelis
1056 1754 1096 1820 do
1128 1752 1242 1821 Castro
1275 1799 1278 1806 -

115 1863 234 1929 Ferrea
250 1869 361 1928 notum
379 1861 514 1928 facimus
531 1867 643 1927 tenore
659 1859 856 1946 presencium
874 1843 1044 1944 uniuersis,
1065 1861 1149 1946 quod
1166 1861 1243 1927 (ihe-
1290 1868 1299 1876 ’

114 1989 220 2054 panus
237 1970 324 2036 filius
340 1972 447 2036 Pousa
473 1967 513 2034 de
539 1987 656 2051 genere
682 1967 768 2036 Jaak
796 1987 901 2032 eoram
925 1967 1018 2033 nobis
1038 1967 1241 2050 constitutus,

115 2098 226 2144 omnes
252 2077 422 2161 porciones
449 2097 544 2162 suas,
571 2096 651 2159 quas
677 2075 818 2140 habebat
844 2075 877 2139 in
897 2075 985 2142 Jaak
1001 2075 1093 2141 iuxta
1109 2075 1243 2158 Rabam,

116 2195 146 2252 et
162 2186 196 2250 in
212 2183 406 2270 Dobrpatak
432 2205 502 2249 oum
529 2181 723 2250 molendinis
740 2182 836 2249 simul
853 2203 923 2248 eum
940 2182 999 2247 illa
1015 2189 1120 2266 terra,
1145 2201 1243 2265 quarn

115 2293 230 2360 habuit
260 2293 293 2357 in
326 2291 479 2376 porcione
504 2291 599 2374 Siue,
637 2291 751 2357 statuit
777 2289 919 2356 Joiranni
945 2287 1011 2355 filio
1035 2287 1167 2360 Martini
1184 2289 1241 2372 filij

115 2403 253 2488 Ariana,
279 2407 312 2465 ot
337 2400 466 2464 domiue
491 2399 596 2465 Floria
614 2399 725 2466 relicte
743 2395 885 2465 eiusdem
904 2395 1055 2482 Martini,
1080 2394 1243 2481 Stephano

116 2516 145 2575 et
161 2511 284 2578 Jacobo
301 2506 457 2573 fratribus
474 2507 578 2592 ipsius
594 2505 765 2592 Johannis‚
788 2527 846 2590 pro
864 2506 978 2590 quibus
996 2505 1160 2572 Johannes
1171 2522 1241 2568 eum

116 2617 247 2682 domina
271 2623 373 2683 matre
398 2635 457 2682 sua
483 2617 693 2700 comparebat
719 2635 778 2700 pro
796 2620 898 2679 morte
913 2612 1084 2698 prescripti
1101 2611 1244 2693 Martini,

116 2723 185 2788 iure
210 2730 368 2808 perpetuo
394 2719 529 2807 paoimo
561 2728 592 2788 et
623 2719 732 2804 quiete
756 2719 1010 2787 irreuooabiliter
1028 2716 1243 2804 possidendas

117 2830 267 2896 heredum
283 2829 316 2896 iu
335 2829 479 2896 heredes.
498 2831 539 2895 Vt
557 2829 657 2912 igitur
673 2829 733 2894 hoo
748 2833 852 2893 ratum
864 2827 907 2894 sit
918 2833 949 2895 et
959 2825 1093 2912 firmum,
1109 2846 1242 2912 presens

116 2938 269 3022 seriptum
295 2937 491 3004 contulimus
517 2943 627 3002 nostro
648 2935 757 3020 sigillo
773 2935 1010 3001 communitum.
1033 2933 1244 3018 Propositum

116 3053 272 3132 uacante,
304 3047 458 3128 Magistro
485 3047 592 3128 Eguse
612 3044 767 3127 (lentore,
790 3043 923 3109 Andrea
944 3042 1103 3128 Custode,
1127 3042 1243 3108 Corma

117 3155 248 3221 Deeano
265 3154 412 3221 Eaelesie
431 3159 541 3220 nostre
557 3153 781 3220 existentibus.
805 3154 899 3220 Anno
925 3151 1053 3217 Domini
1071 3147 1243 3239 millesimo

118 3259 337 3329 ducentesimo
354 3261 459 3328 LXX⁰
477 3281 573 3327 nono.
649 3315 653 3328 .

120 3438 253 3506 (Eradetio
265 3439 450 3507 bdrhdrtydn‚
470 3442 584 3506 melyrdl
604 3443 779 3506 bitrasiuegon
805 3455 822 3490 a
846 3438 979 3506 kiptalan
993 3435 1112 3506 peesdtje
1125 3439 1201 3504 sugg,
1227 3455 1243 3488 a

435 3547 521 3582 namu.
534 3545 659 3583 mazeum
672 3525 927 3596 usnimi-utrium.)
