3140 5150
619 175 773 276 ma

125 372 316 438 memoriam
347 378 602 458 perpetuamque
627 369 813 438 firmitatem
843 378 1011 457 presentes
1042 375 1263 444 concessimus

122 479 251 548 litteras
268 479 373 565 sigilli
398 480 502 548 nostri
529 479 707 548 munimine
730 481 910 549 roboratas.
935 481 1055 550 Datum
1073 503 1132 570 per
1147 505 1262 554 manus

127 587 329 656 uenerabilis
346 587 409 654 viri
424 588 575 672 Magistri
592 587 754 655 iohannis
769 588 931 672 Prepositi
946 590 1116 674 Budensis,
1140 589 1261 662 Alb'en·

126 695 171 762 sis
186 695 338 764 Ecclesia
363 694 487 782 Electi,
515 695 604 782 ⁴Aulo
635 701 744 764 nostre
774 695 1067 782 vice-cancellarij
1098 699 1214 769 dilecti
1230 707 1263 768 et

125 801 236 870 fidelis
251 801 366 887 nostri,
383 823 470 870 anno
494 803 627 871 Domini
642 804 688 870 Μο
699 801 870 870 OG⁰LXX⁰
886 811 1013 892 octauo,
1031 805 1133 874 tercio
1148 807 1262 876 kalen·

126 909 185 980 das
202 911 405 998 Septembris
420 910 526 996 Regni
542 917 651 978 autem
667 911 769 978 nostri
785 932 872 980 anno
888 914 1036 1000 septimo.

126 1088 271 1154 (Eredetie
289 1087 466 1158 bdrhtrtydn,
488 1091 602 1158 melyrt'l
624 1108 642 1144 a
661 1088 903 1160 mlo-sargaviola
923 1093 999 1146 suinii
1018 1093 1260 1161 azelyemzsindrou

216 1178 305 1249 fdggd
323 1180 418 1249 peestt
436 1177 495 1235 mdr
507 1181 641 1248 lehullott,
662 1195 777 1236 anema.
798 1199 921 1237 museum
933 1180 1175 1251 lrdziratttrdban.)

662 1805 740 1875 138.

128 2000 187 2074 IV.
215 2009 335 2075 Lanato
365 2009 539 2094 loirdlpoak
571 2005 699 2076 selloca
728 2010 880 2094 helysdpet
905 2011 1061 2094 tdrpyazd
1077 2009 1261 2095 adomduya

337 2114 469 2200 lacy-i
485 2113 590 2181 Jotat
606 2117 637 2180 de
652 2115 768 2182 Mazld
782 2118 939 2181 memore
955 2116 1052 2182 1278.

233 2313 410 2381 Ladizlaus
442 2313 502 2379 Dei
544 2309 659 2398 gracia
683 2311 869 2398 Hungarie,
896 2311 1084 2397 Dalmaoie,
1112 2311 1256 2397 Guoacie,

126 2423 238 2507 Reme,
261 2419 391 2506 Seruis,
416 2419 574 2504 Gallium,
598 2419 810 2507 Lcdomerio,
841 2419 1016 2505 Oumanie,
1040 2419 1259 2505 Belgarieque

126 2529 196 2596 Rex
212 2527 371 2596 uniuersis
388 2526 507 2595 Christi
534 2527 685 2596 fidelibus
710 2535 895 2613 presentem
919 2525 1075 2612 paginam
1092 2528 1256 2613 inspectu·

125 2636 170 2704 ris
186 2637 326 2704 salutum
342 2636 376 2703 in
392 2655 469 2704 uero
486 2637 664 2704 saluatore.
688 2637 782 2705 Solet
807 2636 954 2706 dominos
973 2634 1059 2724 (igy)
1075 2635 1138 2705 sibi
1154 2635 1255 2704 fideli-

124 2751 176 2811 ter
191 2745 428 2812 famolancium
444 2745 602 2828 obsequia
616 2747 804 2831 prospicere
829 2745 933 2812 oculis
949 2745 1082 2831 pietatis
1091 2796 1101 2832 ,
1129 2752 1161 2812 et
1186 2746 1255 2812 uni-

124 2853 243 2938 cuique
259 2852 352 2919 iuxta
367 2852 515 2920 meritum
531 2873 697 2920 occurrere
712 2853 871 2936 largifluis
889 2853 1038 2920 manibus
1048 2859 1148 2936 atque
1158 2851 1256 2920 doua-

124 2960 212 3046 tiuis,
239 2967 274 3025 ut
290 2980 348 3045 per
363 2960 424 3026 hoc
440 2959 497 3043 alij
515 2959 580 3025 sibi
595 2957 638 3025 ud
653 2959 822 3028 fidelitatis
837 2960 949 3027 studia
965 2958 1174 3045 inpendenda
1189 2959 1254 3026 lor·

123 3068 194 3135 cius
220 3067 449 3134 accendantur.
474 3065 614 3134 Proinde
645 3067 688 3134 ad
714 3069 937 3134 uniuersorum
963 3065 1117 3134 noticiam
1141 3065 1256 3132 harum

123 3175 210 3242 serie
235 3175 384 3242 uolumus
410 3174 602 3262 peruenire,
627 3175 714 3258 quod
738 3175 928 3242 accedentes
955 3173 999 3239 ud
1023 3177 1168 3238 nostram
1183 3190 1254 3256 prc-

124 3283 272 3352 senoiam
290 3281 431 3350 Jacobus
447 3289 479 3348 et
493 3282 670 3349 Ladialaus
686 3281 728 3350 de
738 3282 820 3348 uilla
835 3282 944 3368 Zerky
960 3281 1126 3364 quandam
1136 3285 1256 3346 terram

124 3389 232 3458 (lustri
249 3389 351 3456 nostri
379 3389 600 3456 Musuniensis
627 3388 764 3457 Scilwas
788 3395 1028 3475 nuncupatam,
1052 3405 1150 3471 quam
1166 3385 1255 3454 dixe·

125 3504 201 3564 runt
218 3515 290 3564 esse
306 3516 445 3565 uacuam
462 3503 493 3562 et
508 3495 744 3565 habitatoribus
763 3503 937 3580 carentem,
965 3495 1151 3581 petiuerunt
1167 3515 1188 3560 a
1203 3514 1256 3561 no-

126 3607 179 3674 bis
204 3605 268 3672 sibi
285 3603 367 3670 dari.
392 3605 510 3672 Verum
536 3605 614 3689 quia
639 3604 681 3672 de
705 3605 863 3689 qualitate
888 3610 920 3670 et
945 3603 1126 3687 quantitate
1152 3602 1255 3688 ipsius

127 3723 213 3782 terre
230 3714 325 3781 nobis
340 3715 460 3780 ueritas
486 3714 677 3800 adplenum
701 3735 767 3781 non
793 3715 982 3799 constabat,
1008 3721 1114 3780 utrum
1147 3718 1256 3779 nostre

127 3821 304 3890 collacioni
323 3821 491 3906 pertinens
516 3827 600 3889 esset
624 3840 684 3888 neo
700 3841 760 3906 ne;
782 3821 933 3888 fidelibus
958 3820 1080 3888 nostris
1107 3819 1256 3905 Capitulo

121 3927 289 3998 lauriensi
303 3927 438 3996 firmiter
454 3928 603 3997 dedimus
619 3930 651 3994 in
669 3927 841 4012 mandatis,
859 3933 895 3993 ut
911 3948 1020 3994 eorum
1037 3927 1153 3993 darent
1165 3928 1256 3994 testi·

124 4038 270 4104 monium
287 4035 392 4102 uirum
407 4036 580 4122 ydoneum,
598 4037 654 4121 qui
669 4038 886 4122 personaliter
902 4035 1070 4104 accederet
1079 4035 1123 4102 ad
1133 4041 1256 4102 terram

122 4145 273 4231 Scylwus
289 4149 518 4230 memoratam,
550 4151 581 4210 et
607 4143 734 4210 uideret
759 4162 797 4208 ac
822 4142 1000 4227 inspiceret
1013 4141 1206 4227 qualitatem
1224 4147 1257 4208 et

122 4250 341 4336 quantitatem
358 4250 523 4336 eiusdem,
557 4258 589 4317 et
614 4257 719 4317 utrum
745 4255 853 4316 nostre
878 4250 1051 4317 collacioni
1067 4251 1254 4336 pertineret,

125 4367 156 4426 et
171 4365 270 4447 prout
286 4358 370 4427 scire
390 4365 500 4445 posset
524 4361 617 4428 uobis
643 4361 676 4427 in
701 4359 768 4428 auis
795 4358 911 4427 litteris
935 4359 1136 4426 intimarent.
1163 4354 1256 4434 Quod

127 4467 260 4552 quidem
280 4465 466 4554 Capitulum
481 4466 575 4538 nobis
590 4465 793 4554 postmodum
817 4467 985 4554 rescripsit
1009 4467 1043 4533 in
1059 4465 1118 4532 hec
1133 4467 1254 4533 uerba:
