3146 5166
800 127 959 226 Q

316 320 460 390 indebite
476 321 707 406 molestareut;
741 316 827 405 quod
842 320 1000 388 tributum
1018 321 1172 390 dicebant
1199 323 1305 392 eidem
1332 325 1446 392 Mona·

312 429 428 497 strerio
445 436 477 496 et
492 425 653 496 sororibus
670 445 728 513 per
743 426 907 496 dominum
923 427 1035 496 Belam
1052 431 1213 500 illustrem
1222 434 1348 517 Regem
1357 431 1451 498 Hun-

314 536 407 622 garie
422 555 520 602 auum
537 541 682 602 nostrum
698 533 907 604 karissimum
924 536 1037 604 inclite
1062 539 1301 608 recordacionis
1312 539 1447 607 racione

319 643 525 711 oblacionum
541 649 574 710 et
590 662 805 730 expensarum
822 643 863 712 de
879 664 941 712 sua
966 664 1098 714 camera
1122 647 1257 732 propria
1282 649 1322 715 ob
1349 665 1444 712 reue·

319 751 464 818 renciam
481 749 624 835 Virginis
641 750 787 818 Gloriosa
802 751 846 817 ad
861 770 952 820 aram
969 752 1114 820 eiusdem
1145 753 1289 838 Virginis
1320 755 1446 822 deuote

316 857 554 926 offerendarum
564 857 666 926 fuisse
675 857 787 926 datum
797 863 830 925 et
840 859 995 926 collatum
1007 883 1015 944 ς
1027 859 1212 946 priuilegia,
1224 862 1447 930 instrumenta

316 985 373 1033 seu
390 965 527 1052 litteras,
538 963 697 1034 uidelicet
712 971 779 1032 tam
797 965 944 1033 eiusdem
961 965 1084 1034 domini
1100 969 1179 1038 Bele
1194 971 1292 1054 Regia
1307 977 1342 1038 et
1369 973 1447 1040 Ste-

317 1071 417 1159 phani
433 1073 536 1158 patris
552 1074 663 1159 nostri,
679 1093 777 1157 quam
801 1080 914 1142 nostra
930 1095 1028 1161 super
1044 1077 1224 1145 collacione
1240 1085 1304 1145 tam
1330 1077 1449 1146 tributi

316 1179 494 1248 Pestiensis
510 1200 608 1266 quam
625 1181 737 1248 tributi
754 1178 795 1246 de
810 1182 924 1248 Castro
940 1181 1083 1250 Budensi
1099 1183 1213 1250 habita
1239 1191 1270 1251 et
1285 1186 1448 1269 confecta,

317 1293 429 1358 nostre
443 1287 643 1356 Oelsitudlue
668 1287 872 1357 exhibentes.
889 1287 928 1354 Iu
964 1288 1082 1356 litteris
1107 1293 1228 1359 uostris
1253 1295 1447 1378 patentibus

318 1393 428 1478 sigillo
453 1401 565 1462 nostro
580 1393 749 1461 autentico
775 1401 808 1461 et
833 1395 949 1463 analeo
975 1395 1187 1481 consignatis,
1205 1398 1298 1466 uobis
1323 1399 1446 1466 vltimo

315 1501 466 1569 exhibitis
481 1519 540 1584 per
565 1499 695 1567 eosdem
721 1501 947 1585 comperimus,
975 1498 1181 1570 medietatem
1205 1502 1306 1589 ipsius
1331 1505 1450 1572 tributi

314 1605 494 1677 Pestiensis
510 1605 634 1674 eisdem
652 1606 843 1675 dominabus
859 1607 1042 1675 restituisse
1058 1609 1155 1696 pleno
1180 1609 1250 1676 iure
1274 1610 1444 1696 possiden·

315 1715 401 1800 dam,
418 1713 688 1799 quemadmodum
705 1713 738 1780 iu
755 1713 941 1801 priuilegijs
958 1716 1038 1782 Bele
1055 1716 1209 1784 videlicet
1223 1725 1256 1783 et
1281 1715 1447 1802 Stephani

314 1821 490 1890 illustrium
506 1823 631 1906 Regum
646 1821 813 1904 Huugarie
829 1823 1008 1890 continetur
1021 1847 1028 1908 ς
1039 1844 1112 1891 eum
1127 1823 1283 1908 Magister
1299 1824 1447 1892 llichael

313 1935 388 1996 tuuc
404 1927 592 2014 Propositus
609 1928 720 1995 Sancti
736 1928 861 1996 'rhome
878 1929 1023 1997 martiris
1039 1930 1083 1996 ad
1099 1931 1240 1998 videnda
1265 1930 1444 2018 priuilegia

316 2036 477 2102 dictarum
494 2035 710 2124 dominarum,
726 2056 784 2122 per
809 2035 943 2103 tratrem
969 2036 1186 2122 Augustinrrm
1217 2047 1250 2106 et
1281 2039 1446 2106 'rhomam

314 2143 409 2212 uobis
424 2142 646 2230 exhibuerant,
663 2163 723 2210 nec
740 2141 850 2212 venire
867 2164 927 2212 nee
943 2144 1080 2232 mittere,
1098 2167 1158 2214 nec
1173 2167 1233 2214 sua
1250 2146 1446 2214 ctEcclesic

313 2270 373 2320 sue
390 2251 604 2320 iustrumenta
619 2252 652 2317 in
667 2251 805 2320 termino
815 2253 1033 2338 peremptorio
1048 2259 1080 2320 et
1095 2252 1205 2320 deciso
1220 2257 1368 2320 curasset
1387 2271 1442 2318 ex·

313 2357 434 2426 hibere.
450 2358 554 2443 Igitur
569 2379 629 2426 nos
645 2377 686 2426 ex
702 2359 809 2427 officio
821 2359 963 2446 suscepti
980 2359 1150 2453 regiminis
1166 2360 1276 2447 allec,
1292 2361 1441 2446 ipsorum
1546 2437 1547 2444 ἵ

315 2461 400 2553 (lgy)
416 2465 487 2551 pias
504 2465 697 2534 elemosinas
713 2485 772 2534 seu
788 2463 1010 2535 ordinacioues
1025 2465 1133 2536 licitus
1149 2473 1182 2536 et
1205 2467 1360 2534 honestas
1374 2466 1440 2556 ipsi
1546 2525 1547 2528 ,

315 2571 509 2639 Mouasterio
525 2573 629 2640 Beate
645 2572 793 2658 Virginis
809 2574 851 2641 de
866 2575 979 2642 Insula
995 2594 1035 2641 ac
1049 2575 1215 2642 sororibus
1233 2571 1351 2642 deuote
1367 2573 1441 2640 Deo
1546 2593 1547 2596 ’

316 2679 350 2744 iu
367 2677 479 2747 eodem
495 2677 741 2764 famulantibus,
759 2686 911 2764 erogatas
928 2687 961 2746 et
986 2698 1176 2749 concessare
1203 2678 1441 2748 inuiolabiliter

316 2786 462 2854 volentes
477 2786 587 2855 lacere
603 2805 732 2873 semper
748 2785 940 2872 obseruari,
966 2785 1240 2872 quemadmodum
1265 2785 1442 2856 eorundem
1546 2795 1547 2810 ¹

318 2899 452 2978 erogata
467 2894 559 2962 nohis
576 2900 608 2961 et
623 2892 746 2960 nostris
762 2893 947 2962 Baronibus
971 2893 1043 2962 visa
1068 2893 1207 2982 fuerunt,
1233 2895 1276 2964 de
1299 2893 1389 2962 iusto
1416 2901 1447 2960 et

317 2999 508 3070 racionablli
525 3002 671 3072 veriatis
686 3002 815 3070 tramite
830 3002 1036 3090 processisse,
1054 3008 1150 3089 prout
1165 3001 1200 3068 id
1223 3001 1369 3087 ipsorum
1395 3022 1443 3070 ro

317 3108 379 3176 bur
401 3109 564 3196 priuilegij
598 3108 706 3180 lucide
737 3109 932 3178 declarabat
966 3110 1060 3178 Vnde
1091 3130 1164 3178 eum
1195 3108 1369 3178 cuiuslibet
1402 3111 1446 3175 sit
1546 3115 1547 3202 ξ

316 3215 479 3302 Principia
496 3215 658 3286 iusticiam
674 3220 788 3306 colere,
805 3224 837 3284 et
853 3217 975 3285 nemini
1001 3215 1044 3284 de
1058 3217 1129 3284 iure
1144 3217 1195 3284 illi
1220 3216 1394 3303 contraire,
1412 3221 1445 3284 et
1546 3211 1547 3302 s

317 3325 459 3392 maxime
474 3325 651 3412 Ecclesiae,
670 3326 704 3392 in
720 3345 785 3411 qua
795 3345 853 3411 pro
869 3323 1114 3394 catholicorum
1133 3324 1319 3411 Principum
1339 3325 1449 3392 salute
1546 3349 1547 3412 j

318 3431 540 3502 OeliDomiuo
555 3431 732 3502 tunduntur
746 3432 801 3519 pie
817 3453 940 3518 preces,
966 3430 1156 3518 specialiori
1181 3431 1303 3500 fauoris
1328 3433 1447 3515 grauia

317 3541 470 3628 amplecti
485 3540 669 3627 debeamus,
686 3538 833 3626 predicta
848 3539 1023 3626 priuilegia
1038 3539 1234 3608 senlitteras
1250 3545 1355 3626 grata,
1367 3547 1442 3606 rata
1546 3581 1547 3592 2

316 3647 474 3718 habentes
489 3657 522 3718 et
537 3655 672 3737 accepta
688 3649 916 3736 approbamur,
934 3654 965 3718 et
982 3645 1084 3732 Regio
1117 3646 1340 3714 confirmamus
1374 3666 1448 3714 cum
1546 3695 1547 3752 p

189 3785 191 3790 ⁴
316 3755 444 3844 fauore5
458 3778 534 3844 ymo
551 3755 760 3828 donacionem
778 3758 881 3846 patris
899 3755 1023 3824 eisdem
1041 3754 1239 3823 dominabus
1268 3754 1392 3822 laetam
1410 3753 1445 3820 iu
1546 3775 1547 3778 ¹

316 3865 485 3952 premissis
501 3866 699 3934 auctoritate
714 3865 920 3952 presencium
938 3863 1089 3946 duximus
1106 3861 1349 3948 innodandam3
1385 3859 1450 3930 die·
1546 3895 1547 3956 p

317 3979 385 4042 tum
400 3968 628 4042 nichilominus
647 3972 880 4042 Monasterium
896 3973 998 4041 Beate
1027 3969 1172 4056 Virginis
1198 3969 1239 4036 de
1264 3969 1389 4056 Insula,
1416 3973 1448 4035 et

317 4101 444 4150 sorores
460 4081 494 4148 iu
509 4078 629 4166 ecdem,
646 4081 681 4148 in
697 4081 803 4169 salua,
822 4081 951 4166 integra
967 4085 1000 4149 et
1015 4080 1221 4164 inconcussa,
1238 4097 1279 4145 ao
1304 4076 1445 4163 pacifica
1546 4083 1547 4156 i

316 4189 524 4275 possessione
549 4189 741 4258 tributorum
758 4188 976 4276 predictorum
1007 4188 1181 4256 statuimus
1212 4185 1447 4254 inuiolabiliter
1546 4179 1547 4252 ι

318 4315 528 4383 permanere;
544 4296 654 4366 omnia
670 4297 855 4385 priuilegia,
873 4297 1072 4366 munimenta
1089 4316 1148 4364 seu
1166 4295 1293 4363 litterae
1311 4301 1377 4362 tam
1393 4315 1447 4362 no·

317 4410 386 4470 stra
401 4410 536 4489 optenta
551 4405 604 4475 uel
619 4405 816 4493 optinenda,
849 4427 947 4491 quam
979 4404 1081 4473 eciam
1108 4405 1376 4494 predecessorum
1392 4422 1446 4472 uo·
