3146 5166
872 918 951 986 40⁰.

349 1121 373 1184 Ι
376 1119 409 1185 V.
425 1119 541 1188 Lusus
556 1119 736 1185 boesdootot
751 1119 951 1198 tuirstat—ozon
966 1120 1063 1185 elleos
1077 1116 1291 1204 feliuizodtak
1319 1121 1471 1200 cadmea,

332 1245 336 1254 ν
564 1203 1249 1311 uuuoszuauuppuumnau.metuar.

456 1457 632 1524 Ladiulaus
650 1455 710 1523 Dei
728 1457 841 1540 gracia
856 1459 926 1524 Rex
951 1457 1119 1541 Hungarie
1143 1456 1293 1524 fidelibus
1319 1455 1388 1522 suis
1411 1455 1471 1522 vui-

351 1564 454 1633 uersis
469 1565 632 1632 nobilibus
648 1571 680 1630 et
696 1563 781 1651 aliis,
800 1563 916 1647 quibus
925 1572 1092 1652 presentes
1103 1565 1326 1652 ostenduntur,
1338 1563 1469 1630 salutem

349 1679 382 1740 et
398 1673 555 1758 grauiam.
569 1674 803 1741 Asseeuramus
816 1671 1062 1740 uniuersitatem
1078 1680 1219 1740 uestram
1233 1692 1291 1756 per
1307 1677 1468 1758 presentes

350 1801 448 1867 snper
462 1800 511 1861 eo,
526 1781 614 1864 qued
625 1783 810 1863 quicunque
827 1778 868 1848 de
884 1779 977 1848 nobis
994 1781 1036 1846 ab
1052 1780 1126 1867 hys,
1141 1780 1198 1864 qui
1208 1786 1321 1846 eontra
1330 1787 1466 1846 nostram

348 1886 526 1974 proeedunt
556 1887 770 1974 Maiestatem,
803 1907 840 1954 se
869 1888 1073 1974 retraxerint,
1104 1895 1137 1956 et
1166 1889 1259 1956 nobis
1290 1887 1470 1954 fidelitatem

349 1994 604 2080 obseruauerint,
622 2002 655 2062 et
670 1995 705 2061 id
720 2015 780 2062 nos
795 2015 853 2080 per
869 1996 1043 2079 Magistros
1059 1994 1269 2081 ,Stephanum
1286 2002 1318 2062 et
1332 1993 1463 2059 Paulum

347 2101 432 2169 filios
449 2101 584 2169 Comitis
599 2102 774 2170 Michaelis
791 2102 849 2188 fiiij
868 2102 963 2170 Wbul
995 2103 1185 2190 eonstiterit,
1201 2121 1312 2170 omnes
1323 2119 1468 2170 excessus

346 2217 474 2278 uestros
490 2211 698 2296 indulgemus
714 2218 747 2278 et
771 2211 974 2296 remittimus,
995 2217 1026 2278 et
1053 2230 1112 2278 nos
1137 2211 1362 2296 prosequimur
1384 2207 1466 2277 omni

348 2317 433 2385 bono
450 2318 551 2403 Regio
566 2339 640 2388 oum
655 2319 778 2406 fauore,
796 2319 1009 2404 inuigilantes
1026 2319 1069 2386 ad
1080 2325 1222 2386 uestram
1235 2317 1468 2404 promocionem

345 2432 380 2492 et
395 2425 557 2495 honorem.
573 2428 694 2495 Datum
709 2427 744 2494 in
760 2427 915 2494 Bereehte
932 2427 1014 2495 feria
1029 2427 1083 2494 VI.
1099 2434 1175 2514 post
1190 2427 1309 2494 festum
1321 2425 1467 2492 Omnium

347 2534 551 2604 Sanctorum.

345 2731 485 2800 (madetis
510 2729 716 2806 btrhlrtykn,a
742 2730 819 2787 httut
844 2733 1035 2801 odanyemett
1059 2732 1154 2802 penset
1180 2735 1331 2796 eluserat,
1344 2749 1361 2783 a
1385 2744 1469 2782 nemer

695 2822 796 2891 Keller
808 2821 899 2878 osalffl
911 2821 1122 2890 leueltfiriban.)

795 3127 1007 3140 ψ

872 3647 951 3715 410.

340 3851 402 3917 IV.
418 3849 534 3935 Lutatio
548 3847 661 3933 kirtly
676 3847 788 3913 loeta
803 3849 834 3912 es
858 3847 921 3912 Pol
937 3847 1109 3914 mesternek
1134 3845 1262 3931 Mihdly
1280 3867 1375 3912 coma
1382 3845 1463 3952 floj-

340 3959 425 4054 uait,
457 3979 478 4021 o
507 3957 614 4022 laterai
644 3967 801 4022 moueatur
840 3955 978 4041 kepyora'
1005 3957 1105 4040 jopen
1135 3955 1384 4040 odomctoyoazu.
1418 3952 1463 4015 Eo

841 4064 961 4134 uoluat

449 4258 625 4327 Ladiulaus
640 4259 704 4326 Dei
729 4258 845 4346 grauia
869 4259 940 4327 Rex
960 4259 1128 4342 Hungarie
1153 4257 1304 4328 fidelibus
1330 4257 1417 4328 suis.
1433 4302 1464 4324 ..

340 4365 522 4452 Proposito,
541 4365 727 4454 conuentu,
738 4367 977 4452 jobagionibus
995 4373 1027 4433 et
1054 4367 1185 4453 populis
1210 4367 1397 4451 Monasterij
1425 4365 1463 4431 de

339 4465 435 4540 Lelos
452 4473 593 4540 salutem
609 4480 641 4540 et
656 4474 812 4558 grauiam.
830 4473 917 4553 Quia
933 4493 991 4542 nos
1017 4475 1229 4544 consideratis
1256 4473 1463 4545 fidelitatibus

342 4583 376 4642 et
390 4579 563 4664 meritorijs
578 4581 727 4666 seruioijs
743 4583 974 4666 Magistrorum
990 4581 1151 4668 Stephani
1169 4592 1201 4651 et
1213 4583 1308 4652 Pauli
1331 4581 1462 4650 filiorum
