3124 5158
585 249 742 360 jue-

107 451 207 518 boron
231 447 403 533 nominate,
427 445 526 534 iidem
550 444 708 534 Andreas,
731 445 906 535 Gregorius
922 453 954 516 et
969 443 1146 534 Dyonirius
1163 443 1220 515 co

108 557 200 626 mites
216 559 426 626 communitor
441 556 597 626 dederunt
612 563 643 624 et
659 559 862 626 contulerunt
876 555 1061 645 supradicto
1079 555 1221 625 Johenni

106 667 259 734 Palatino
284 667 352 734 iure
375 672 530 754 perpetuo
554 663 803 752 possidendam
828 665 934 734 dictus
950 687 1026 734 uero
1041 664 1219 752 Dyonisius

105 797 162 860 pro
177 777 279 844 tercia
295 779 397 862 parte,
408 795 477 859 -que
492 777 595 860 ipsum
612 773 769 858 contingit
793 774 826 840 in
843 782 968 843 centum
985 773 1111 859 marcis,
1127 773 1221 840 satis·

104 881 181 949 lecit
197 882 312 949 Comiti
328 883 458 951 Andree
473 888 665 968 memorato,
683 887 714 949 ct
729 882 775 949 sic
790 883 918 950 demum
935 880 1084 948 dominus
1101 879 1219 947 Johan-

105 1011 163 1056 nes
188 990 365 1069 Palatinus,
391 989 559 1056 satisfacto
583 989 646 1054 sibi
672 989 713 1056 de
739 995 867 1057 centum
891 989 1016 1074 marcis,
1035 989 1111 1074 filijs
1127 988 1219 1055 Chalr

105 1099 188 1164 Bani
214 1098 434 1182 possessiones
459 1117 535 1164 suas
562 1097 744 1182 sepedictus
767 1096 941 1181 uendendi,
957 1095 1114 1179 tradendi,
1141 1098 1245 1191 alleg

104 1205 224 1292 nandi;
249 1215 281 1273 et
307 1203 474 1290 Gregorio,
498 1203 629 1271 Andree
654 1226 692 1272 ac
713 1207 872 1290 Dyonisio
889 1205 1067 1272 comitibus
1083 1204 1220 1288 emendi,

105 1311 325 1400 comparendi,
337 1314 405 1379 iure
414 1319 568 1400 perpetuo
579 1311 763 1397 possidendi
776 1321 807 1379 et
824 1314 962 1380 habendi
981 1312 1070 1378 dedit
1086 1313 1218 1380 liberam

104 1417 315 1508 facultatem3
334 1429 365 1488 et
380 1429 509 1507 propter
524 1421 778 1505 recognitionem
797 1440 835 1485 ac
852 1420 1111 1486 emendacionem
1123 1439 1219 1486 nexa-

103 1526 218 1612 cionis,
242 1547 337 1610 quam
363 1526 467 1593 medio
494 1535 635 1613 tempore
660 1525 792 1612 fecerat,
820 1529 978 1611 obligauit
1002 1547 1037 1592 se
1062 1527 1095 1593 in
1118 1528 1218 1594 nostri

102 1637 284 1721 presencia,
302 1633 387 1720 qnod
404 1635 505 1700 dictos
522 1641 680 1720 emptores
697 1645 805 1702 contra
822 1657 940 1720 omnes,
951 1636 1092 1702 etcciam
1104 1637 1219 1702 fratres

101 1763 193 1827 snos,
210 1742 263 1807 uel
279 1749 391 1809 contra
407 1743 582 1824 quemlibet
599 1743 751 1826 ipsorum,
769 1744 797 1808 si
808 1743 924 1827 uliquis
935 1745 1063 1808 racione
1075 1745 1216 1827 ipsarum

106 1849 349 1934 possessionum
375 1859 567 1936 acceptaret,
595 1850 795 1936 expediendo
812 1869 891 1936 pure
909 1861 939 1917 et
964 1851 1163 1940 simpliciter,
1185 1855 1218 1919 in

104 1961 188 2045 ipsis
214 1957 472 2045 possessionibus
497 1969 713 2027 conseruaret.
739 1964 775 2028 ln
802 1961 893 2028 cuius
919 1962 964 2028 rei
981 1961 1167 2028 memoriam
1188 1969 1220 2028 et

100 2075 296 2154 perpetuam
327 2067 510 2138 firmitatem
535 2069 578 2134 ad
605 2069 793 2136 instanciam
826 2074 972 2156 parcium
1003 2071 1232 2160 predictorum¹

98 2183 271 2262 presentes
287 2175 414 2244 litteras
431 2177 646 2244 concessimus
662 2178 850 2245 anctoritate
865 2178 966 2246 nostri
977 2179 1078 2263 sigilli
1088 2179 1218 2246 robora·

98 2293 166 2368 tae,
192 2305 279 2351 anno
303 2284 435 2352 Domini
455 2287 500 2351 M⁰
516 2283 579 2351 00⁰
596 2287 813 2373 octuagesimo
828 2289 939 2373 primo.
954 2283 1219 2371 Magistro-Gara·

97 2394 198 2460 chino
224 2391 369 2460 Ecclesie
393 2400 504 2460 nostre
529 2393 706 2481 Proposito,
730 2394 1219 2481 Abraomcnutore,1)0minico

99 2499 253 2586 Custode,
270 2499 393 2586 Mykou
409 2499 543 2568 Decauo
559 2499 793 2570 existentibus..

316 2715 344 2778 Α
533 2715 560 2780 Β
756 2717 781 2785 O
977 2719 1006 2783 D

96 2931 240 2994 (Ererletic
263 2928 438 3001 bbrhbrtybn,
460 2947 477 2982 a
494 2931 645 2984 sold-vbrbs
670 2933 896 3000 selyemnstndron
918 2933 1132 3002 filggbttpccsdt
1146 2936 1218 2988 elvo-

95 3028 193 3088 sueti,
214 3037 230 3074 a
251 3021 332 3074 budai
350 3022 400 3072 kir.
420 3023 541 3075 kamarsi
559 3020 729 3075 luveltdrban
748 3025 781 3077 V.
803 3032 826 3077 δ.
840 3025 920 3093 chbr
939 3027 1002 3085 Cod.
1022 3025 1095 3095 Dipl.
1115 3025 1148 3077 V.
1161 3026 1216 3083 iot.

582 3115 606 3169 3.
620 3132 641 3165 r.
654 3115 696 3169 98.
709 3114 740 3180 l.)
