3138 5164
808 397 969 500 „coa-

321 595 455 664 terciam
469 599 595 686 partem
611 595 719 662 totalis
736 592 835 661 teneti
850 593 981 681 Rogcrij
999 599 1032 661 ct
1047 593 1205 681 Lendney
1229 597 1264 663 in
1288 597 1458 666 territorio

320 704 363 770 de
379 701 481 790 chuc,
498 723 594 788 quam
610 701 674 788 ipsi
690 699 865 788 habebant,
882 701 973 768 ouius
989 697 1072 768 duas
1087 708 1197 789 partes
1214 702 1373 771 honestus
1398 705 1455 770 vir

321 809 436 879 Comes
453 809 609 897 Godynus
624 793 707 878 ciuis
722 807 957 893 strigoniensis
973 828 995 875 a
1009 806 1087 894 tiliis
1113 809 1288 876 eorundem
1316 810 1454 895 Rogcrij

320 923 354 984 ct
369 917 523 1003 Lenduey
538 919 604 985 iam
620 916 741 984 dudum
757 913 937 1002 empcionis
961 913 1056 982 titulo
1073 917 1286 1004 comparauit,
1303 923 1401 1002 prout
1416 917 1450 983 in

319 1029 431 1091 nostro
440 1021 737 1112 priuilegicexindc
746 1004 892 1090 coniecto
903 1018 1019 1089 dicitur
1029 1020 1452 1110 contineri,dnabusmarcis

318 1131 567 1199 mercimoniaiis
582 1131 708 1214 argenti
717 1131 812 1215 ptenc
820 1128 942 1196 habitis
959 1135 991 1195 et
1000 1131 1151 1219 receptis,
1162 1149 1198 1198 sc
1208 1129 1296 1215 ipsos
1307 1131 1449 1198 confessi

318 1247 395 1305 sunt
413 1237 598 1306 vendidisse
631 1245 664 1304 ct
687 1235 873 1320 assignasse
893 1235 999 1302 eidem
1024 1233 1142 1302 Oomiti
1174 1237 1315 1322 uodyno
1332 1243 1366 1304 et
1382 1237 1448 1304 suis

318 1345 557 1432 posteritatibus
573 1345 812 1431 inperpetuum
828 1343 1069 1430 possidendam.
1081 1343 1176 1422 Quod
1194 1345 1280 1411 idem
1303 1345 1447 1412 tenetum

317 1453 477 1536 incipiens
493 1471 514 1517 a
529 1457 616 1516 terra
631 1450 709 1518 ville
718 1450 868 1518 Obolnnk
889 1451 975 1517 iacet
986 1471 1098 1519 versus
1112 1451 1295 1519 Ecclesium
1310 1451 1391 1518 ville
1407 1451 1447 1518 dc

317 1555 397 1626 Obw
407 1558 563 1646 predicte,
579 1557 664 1625 sicut
679 1557 739 1623 hec
756 1557 1260 1644 omniaetsigulapremissorum
1276 1557 1320 1624 ab
1331 1557 1446 1625 eadem

316 1667 450 1732 muliere
466 1672 497 1730 et
512 1665 579 1733 tilio
595 1686 664 1751 sno,
681 1671 749 1731 cta
774 1665 931 1747 Magistro
955 1663 1097 1730 Abraam
1122 1663 1277 1730 familiari
1303 1663 1450 1731 eiusdem-

317 1771 450 1840 Oomitis
461 1773 604 1859 chyni‚
619 1773 748 1838 nominc
765 1778 796 1838 ct
811 1771 882 1838 vice
897 1771 1000 1856 ipsius
1017 1771 1140 1838 domini
1155 1772 1207 1837 sni
1224 1781 1444 1858 comparente,

316 1879 542 1964 recollegimus
553 1886 585 1945 et
594 1878 764 1946 didicimus
775 1879 878 1944 eciam
888 1877 1042 1946 scriatim.
1053 1877 1092 1942 In
1103 1878 1194 1944 cuins
1204 1879 1251 1943 rei
1262 1878 1446 1946 firmitatem

316 1993 504 2072 perpetuam
521 1993 554 2052 ct
578 1985 764 2052 memoriam
797 1986 1028 2069 sempiternam
1058 1991 1225 2070 presentes
1257 1986 1385 2052 litteras
1402 1986 1446 2050 ad

315 2092 508 2178 peticionem
525 2098 558 2158 ct
582 2091 774 2157 instanciam
807 2089 981 2157 eorundem
1011 2099 1122 2158 nostro
1153 2091 1265 2174 sigillo
1297 2089 1445 2158 dedimus

315 2199 538 2266 communitus.
555 2200 675 2264 Datum
691 2217 748 2282 per
765 2219 879 2265 manus
897 2198 1028 2266 discreti
1043 2197 1105 2264 viri
1122 2199 1270 2281 Magistri
1282 2195 1442 2284 Cypriani

314 2305 461 2372 Ecclesie
477 2311 585 2372 nostre
617 2305 763 2370 Lentonis
794 2325 880 2371 anno
910 2304 1041 2371 Domini
1065 2301 1331 2371 M⁰CO⁸LXXX⁰
1346 2301 1443 2370 VHP.

315 2411 415 2478 tercio
431 2431 535 2478 nonas
552 2411 710 2478 Octobris.

315 2621 453 2688 (Eredctic
473 2621 646 2689 borhtrtytn,
672 2622 846 2690 ubibo-sdrga
867 2625 1093 2690 sclycmcsindron
1105 2627 1202 2691 tuggo,
1215 2623 1309 2690 pecsdt
1328 2625 1402 2686 alstt,
1417 2641 1440 2676 ι

633 2714 714 2766 budai
729 2715 781 2767 kir.
797 2715 919 2766 kamaraci
930 2711 1125 2780 leubltdrban.)

310 3699 359 3764 Ac
375 3707 561 3788 canoa-pomi
576 3707 735 3792 kdptulan
762 3707 882 3772 Mitrida
908 3709 1061 3794 ourpdtdl
1091 3709 1203 3775 edomui
1210 3711 1366 3796 jobbdpya‘
1381 3716 1435 3774 oct·

415 3810 483 3874 roci
499 3809 629 3877 telbete's
641 3813 769 3898 btibuty
784 3813 947 3878 acobduuk
963 3814 1211 3898 adomduyuzzu.
1231 3817 1328 3881 1288.

398 4019 566 4090 Vniuersis
582 4031 745 4109 presentes
756 4026 878 4092 litteras
890 4026 1083 4112 inspecturis
1095 4026 1280 4112 Capitulum
1290 4027 1435 4095 Ecclesia

306 4127 537 4211 strigoniensis
547 4131 686 4198 salutem
702 4133 735 4200 in
747 4135 887 4202 Domino
897 4135 1140 4220 sempiternam.
1151 4136 1202 4202 Ad
1213 4136 1433 4203 uniuersorum

304 4234 459 4302 noticiam
493 4243 603 4304 tencre
637 4240 839 4326 presencium
865 4239 1013 4308 volumus
1037 4240 1218 4327 peruenire,
1246 4241 1332 4326 quod
1363 4261 1433 4308 cnm

305 4340 431 4408 edificia
446 4341 583 4429 Nycotai
598 4347 655 4432 filij
673 4348 797 4434 Jaccbi,
814 4349 950 4436 sutoris,
962 4347 1150 4434 jobagionis
1167 4349 1268 4414 nostri
1289 4349 1330 4415 de
1357 4368 1430 4416 cun·

303 4453 389 4513 trata
404 4451 542 4520 ecclesie
553 4453 663 4520 Sancti
682 4455 852 4540 Laurcncij
871 4455 912 4522 dc
929 4457 1093 4541 Strigonio
1103 4454 1240 4526 fuissent
1250 4455 1429 4522 casualiter

304 4551 516 4639 concrematae
533 4567 564 4625 ct
580 4582 636 4627 scr
647 4563 741 4628 annis
752 4563 920 4630 retroactis
931 4565 964 4631 in
981 4563 1095 4630 ecdem
1114 4563 1213 4630 tundo
1231 4561 1327 4648 curie,
1344 4559 1430 4630 vide·

304 4655 380 4721 licet
397 4678 491 4743 super
508 4672 594 4729 terra
609 4673 730 4754 nostra,
747 4671 781 4733 in
799 4689 863 4752 qua
880 4667 993 4738 domus
1019 4690 1077 4738 suc
1093 4675 1193 4737 antea
1210 4667 1433 4738 consistebant
