3118 5158
783 273 945 374 „Q

302 465 437 530 trionem
457 465 607 546 peruenit
622 465 665 530 ad
681 486 832 550 magnam
852 473 999 550 stratam,
1025 487 1125 552 penes
1142 484 1242 548 quarn
1257 459 1342 522 sunt
1368 449 1438 512 octo

300 579 402 656 mete3
427 589 558 638 currens
575 573 680 638 adhuc
706 573 847 640 dioreote
873 582 947 640 sunt
962 581 1100 658 quatuor
1116 579 1209 655 mete,
1238 577 1314 634 tres
1332 567 1437 626 terree

301 687 333 743 et
350 699 415 743 una
439 679 545 744 ilicem
570 680 793 765 amplexatur;
817 681 935 748 deinde
956 683 1117 748 reclinans
1143 697 1259 748 versus
1289 665 1439 738 occiden-

301 796 365 852 tem
381 795 457 852 sunt
472 794 610 868 quatuor
635 795 717 853 mete
734 791 919 873 angulares,
948 797 1013 856 tres
1029 799 1135 856 terree
1155 793 1187 854 et
1204 804 1273 851 una
1291 773 1440 847 eontinet

300 896 420 980 pirum,
446 914 511 978 que
533 903 666 980 separat
691 917 712 961 a
737 903 824 963 terra
842 898 1000 964 nobilium
1026 897 1066 962 de
1084 895 1204 981 Sygra,
1232 899 1267 957 et
1290 881 1440 966 iun‘gitur

300 1011 385 1070 terro
399 1001 554 1067 nobilium
572 1006 812 1089 Apatunkaya;
836 1005 956 1072 abhinc
975 1003 1148 1071 reflectitur
1166 1001 1210 1066 ad
1227 989 1438 1082 septemtrio
1549 1085 1550 1094 ἵ

300 1129 393 1195 nem,
421 1115 453 1176 et
478 1113 626 1195 peruenit
660 1112 703 1176 ad
731 1117 801 1178 octo
828 1119 952 1198 metas,
985 1113 1062 1178 binc
1088 1129 1221 1176 currens
1253 1103 1373 1172 adbuc
1397 1095 1438 1162 ad
1549 1113 1550 1180 ,

300 1217 573 1301 septemtrionem,
600 1221 749 1302 peruenit
774 1221 816 1284 ad
842 1233 961 1286 terram
979 1219 1138 1286 Gotbardi
1164 1217 1221 1300 filij
1239 1210 1355 1292 Pauli,
1384 1203 1436 1268 ubi
1549 1203 1550 1232 ³

300 1333 375 1392 sunt
400 1331 539 1409 quatuor
564 1333 650 1392 mete
684 1328 876 1412 angulares,
910 1335 977 1394 tres
1003 1334 1107 1392 terreo
1142 1331 1174 1389 et
1199 1343 1265 1388 una
1292 1317 1438 1388 eontinet

299 1433 416 1517 pirum,
442 1451 506 1516 que
522 1441 656 1518 separat
680 1455 702 1499 a
717 1442 802 1500 terra
823 1434 981 1502 dictorum
1008 1433 1166 1500 nobilium
1184 1426 1436 1515 Apatunkaya;

299 1537 417 1604 deinde
441 1539 615 1606 reflectitur
640 1540 682 1605 ad
699 1541 872 1623 orientem,
898 1542 1057 1608 currendo
1082 1559 1183 1625 penes
1209 1545 1336 1602 terram
1354 1531 1436 1596 eius·

299 1646 373 1712 dem
392 1646 548 1712 Gotbardi
566 1649 715 1732 peruenit
734 1648 778 1716 ad
793 1669 945 1732 magnam
961 1653 1106 1732 stratam,
1122 1665 1223 1732 penes
1238 1663 1343 1727 quarn
1361 1645 1437 1705 sunt

298 1761 436 1838 quatuor
453 1759 554 1838 mete;
578 1757 699 1820 exinde
715 1755 821 1823 adbuc
838 1776 968 1823 currens
986 1757 1108 1823 directe
1125 1753 1168 1819 ad
1183 1752 1347 1818 orientem
1364 1765 1435 1830 per·

298 1862 388 1926 uenit
414 1861 532 1926 iterato
557 1863 600 1927 ad
625 1863 759 1928 fluuium
784 1866 883 1949 Rabe,
910 1863 966 1931 ubi
990 1871 1065 1930 sunt
1091 1867 1231 1946 quatuor
1256 1865 1356 1939 mete,
1373 1873 1437 1918 uua

298 1977 416 2050 terrea,
435 1967 499 2032 due
514 1969 682 2033 continent
697 1971 812 2054 pirum,
824 1980 856 2036 et
873 1993 938 2038 uua
954 1971 1058 2036 ilicem
1076 1969 1302 2054 amplexatur,
1321 1962 1435 2044 ibique

296 2075 497 2140 terminatur.
530 2073 573 2139 Ut
597 2075 696 2156 igitur
720 2076 814 2142 buius
847 2085 955 2145 nostre
980 2077 1172 2145 collacionis
1201 2074 1306 2141 series
1332 2067 1434 2134 robur
1549 2111 1550 2124 ,

296 2183 447 2246 obtineat
471 2187 629 2264 perpetue
653 2181 833 2268 firmitatis,
859 2204 919 2249 nec
943 2205 1096 2270 processu
1116 2191 1298 2268 temporum
1329 2173 1435 2260 possit
1549 2167 1550 2220 ἶ

296 2289 329 2353 in
347 2288 474 2353 irritum
499 2287 656 2372 reuocari,
681 2296 850 2371 presentes
876 2293 1092 2356 concessimus
1116 2289 1246 2354 litteras
1265 2279 1434 2368 duppliois
1549 2367 1550 2378 ἵ

295 2395 397 2478 sigilli
414 2395 516 2460 nostri
535 2394 710 2460 munimine
727 2396 903 2464 roboratas.
936 2400 1056 2462 Datum
1074 2417 1131 2480 per
1146 2413 1264 2460 manus
1282 2389 1433 2472 Magistri

295 2501 464 2568 Benedicti
491 2501 610 2567 Sancte
636 2501 869 2584 Strigonienris
895 2504 1041 2571 Ecclesie
1067 2504 1192 2582 illecti,
1220 2499 1434 2576 eiusdemque

294 2608 360 2674 loei
376 2607 511 2673 Comitis
531 2608 689 2691 perpetui,
715 2609 871 2693 Propositi
889 2610 1049 2676 Budensis
1068 2617 1100 2674 et
1119 2609 1194 2674 aule
1211 2613 1326 2672 nostre
1342 2603 1433 2668 Vice-

293 2713 495 2796 Oanoellarij
522 2713 634 2778 dilecti
651 2722 683 2780 et
698 2713 806 2781 fidelis
832 2719 932 2783 nostri
951 2738 1035 2783 anuo
1052 2716 1184 2783 Domini
1201 2711 1435 2778 M⁰OC⁰LXX⁰
1549 2793 1550 2800 ἵ

293 2827 430 2904 quarto,
447 2816 660 2906 [quindecimo
687 2820 849 2886 kalendas
874 2825 1030 2907 Augusti,
1058 2822 1247 2892 Indicoione
1274 2817 1433 2898 scomma⁷

291 2926 396 3010 Regni
424 2933 534 2991 autem
568 2925 670 2990 nostri
697 2947 783 2991 anuo
809 2930 959 2994 secundo.
1004 2928 1258 2996 Venerabilibus
1283 2925 1434 3011 patribus

291 3035 459 3120 Stephano
485 3035 657 3100 colocensi
694 3041 726 3098 et
749 3034 896 3100 Johanne
921 3037 1106 3120 Spalatensi
1141 3032 1433 3119 Arcbiepiscupis3

289 3145 466 3226 Lamperto
492 3141 657 3224 Agriensi,
685 3140 812 3205 Briccio
837 3140 1066 3223 Obanadiensi‚
1091 3143 1152 3207 Job
1179 3139 1433 3223 Quinqueecele-

289 3251 402 3334 sienni,
422 3248 574 3332 Philippo
592 3247 744 3312 Vaciensi
764 3249 839 3312 aule
855 3246 983 3312 domine
999 3249 1123 3332 Regino
1142 3247 1310 3319 consortis
1327 3253 1434 3311 nostro

288 3355 468 3423 karissime
484 3353 690 3419 Cancellario
702 3404 711 3435 ,
736 3350 838 3417 Paulo
855 3355 1085 3438 vesprimiensi
1113 3357 1190 3420 aule
1211 3362 1326 3420 nostre
1354 3353 1434 3417 Gan·

287 3461 437 3542 cellario,
461 3457 655 3522 Lodomerio
672 3458 890 3543 Waradiensi,
917 3463 1074 3544 Tymoteo
1091 3461 1325 3546 Zagrabiensi,
1354 3460 1434 3543 Dyo·

286 3567 374 3636 nisio
400 3564 589 3642 lauriensi,
616 3569 648 3628 et
673 3564 770 3628 Petro
796 3566 1031 3632 Transsiluano
1063 3568 1235 3652 Episcopis
1263 3565 1435 3633 Ecclesiam

286 3675 352 3741 Dei
373 3670 514 3735 feliciter
539 3667 816 3750 gurbernantibus
835 3666 930 3754 (lgy).
964 3673 1111 3738 Dionisio
1133 3675 1288 3739 Palatino
1310 3672 1437 3737 Comite
1549 3703 1550 3716 ÷

284 3783 330 3847 de
348 3777 483 3844 Okiliob
504 3783 537 3840 et
553 3773 669 3839 Judice
687 3773 920 3859 Cumanorum,
946 3778 1085 3843 Henrico
1102 3780 1196 3844 Bano
1218 3781 1328 3846 tocius
1347 3779 1434 3842 Sola·
1549 3773 1550 3792 ¹

285 3887 399 3970 ‘ironia
417 3884 555 3948 Nicolao
574 3877 733 3963 Voyuoda
749 3880 982 3946 Transsiluano
999 3881 1124 3950 Oomite
1141 3885 1181 3950 de
1198 3885 1331 3968 Zonuk,
1359 3886 1434 3950 Joa·

283 3993 387 4060 chino
422 3989 580 4071 Magistro
606 3985 861 4048 Tauamicorum
900 3995 1077 4053 nostrorum
1114 3990 1243 4054 Comite
1271 3989 1315 4056 de
1342 3989 1434 4072 Plys,

281 4091 437 4164 Renoldo
453 4095 612 4176 Magistro
631 4087 859 4169 Dapiferorum
877 4099 1057 4156 nostrorum
1080 4094 1207 4160 Gemite
1223 4096 1433 4178 Zulugageu-

282 4198 408 4276 riensi,
435 4197 607 4264 Herbordo
636 4193 795 4275 Magistro
821 4196 1007 4278 Agasonum
1030 4207 1216 4264 nostrorum
1245 4201 1376 4267 Comite
1396 4199 1433 4262 de

281 4309 438 4386 Baraba,
474 4303 614 4368 Nicolao
643 4299 801 4379 Magistro
826 4300 1053 4368 Pineernarum
1087 4313 1297 4392 nostrorum,
1330 4305 1432 4372 Paulo

281 4413 381 4476 Bano
409 4408 449 4472 de
474 4409 631 4488 Zeurino,
672 4403 817 4467 Nicolao
834 4405 947 4471 Judice
977 4407 1073 4475 (lurie
1099 4419 1211 4477 nostre
1240 4413 1371 4480 Comite
1396 4410 1432 4472 de
1549 4403 1550 4482 i

282 4512 440 4596 Geohke,
458 4515 549 4596 Moys
568 4509 726 4592 Magistro
743 4506 992 4574 Tauamieorum
1011 4515 1139 4582 domine
1156 4519 1287 4601 Regino
1304 4535 1429 4586 consor·

1179 4623 1192 4651 0
