3146 5166
773 309 936 408 *erg-

286 503 412 573 uocatis
430 501 663 571 commetaneis
682 509 715 568 et
730 501 856 587 vicinis,
884 511 916 570 et
939 501 1078 570 eandem
1101 509 1260 572 statueret
1291 506 1416 572 etassi·

286 619 402 696 gnaret
424 609 620 678 Monasterio
645 610 746 678 Beate
770 610 913 695 Virginis
939 610 980 679 de
1010 611 1097 679 dicta
1113 611 1227 680 Insula
1258 621 1416 699 perpetuo

286 715 517 806 possidendam
538 717 631 785 nouis
656 718 752 785 metis
777 719 920 804 rudique
935 717 1177 786 circumdando.
1204 721 1286 787 (tum
1315 721 1416 804 igitur

287 847 346 894 nos
378 831 530 910 precepto
560 824 745 894 huiusmodi
777 826 925 894 mandati
954 862 1236 878 -----
1268 835 1414 895 nostrum

284 935 446 1034 hominem
471 952 542 1000 curn
567 933 693 1020 prefato
719 934 875 1020 Magistro
908 937 944 1002 B.
971 935 1183 1023 misissemus,
1209 937 1414 1022 postmodum

284 1041 384 1124 ijdem
399 1039 554 1125 Magister
568 1041 606 1109 B.
623 1046 655 1108 et
670 1041 766 1108 homo
782 1049 895 1110 noster
921 1043 963 1109 ad
979 1063 1039 1112 nos
1054 1043 1151 1111 simul
1167 1045 1292 1111 reuersi
1317 1045 1411 1111 nobis

286 1147 489 1216 concorditer
504 1149 694 1237 retulerunt,
711 1150 797 1235 quod
821 1152 891 1237 ipse
918 1153 1074 1238 Magister
1090 1153 1126 1218 B.
1145 1153 1326 1236 predictam
1344 1173 1416 1237 pos·

286 1256 463 1324 sessionem
479 1256 594 1324 Ohaba
618 1259 788 1326 reambula
811 1295 836 1308 -
862 1294 905 1307 -
920 1296 965 1306 -
981 1295 1023 1308 -
1039 1259 1241 1345 presentibus
1267 1261 1416 1326 omnibus

286 1364 788 1435 commetaneisetvicinisnullo
813 1367 1053 1434 contradictore
1082 1373 1259 1452 apparente
1275 1365 1414 1432 eandem

287 1491 359 1537 curn
371 1473 518 1539 omnibus
534 1472 728 1540 utilitatibus
743 1470 789 1560 (et
800 1471 1026 1560 pertinencijs)
1043 1472 1112 1540 suis
1128 1473 1187 1540 sub
1204 1473 1302 1540 certis
1320 1475 1414 1539 metis

286 1579 404 1647 statuit
421 1587 454 1657 et
468 1580 651 1664 assignauit
667 1577 803 1668 (eidem)
831 1579 1030 1648 Monasterio
1055 1587 1089 1648 et
1111 1581 1275 1648 sororibus
1301 1601 1400 1666 supra

286 1675 380 1754 dictis
398 1723 803 1736 -------
818 1687 856 1754 Β.
873 1695 906 1756 et
921 1687 1017 1756 homo
1042 1696 1153 1756 noster
1175 1688 1270 1756 nobis
1297 1690 1413 1756 retule-

292 1803 379 1862 runt.
399 1794 513 1884 (Cuius
530 1795 662 1878 quidem
678 1793 776 1883 mete)
788 1795 850 1863 hcc
859 1795 971 1862 ordine
981 1795 1321 1880 distigunturrPrima
1331 1805 1416 1863 meta

289 1905 406 1990 incipit
422 1923 443 1969 a
458 1911 551 1990 parte
567 1903 720 1970 orientali
735 1905 769 1969 in
786 1911 893 1972 monle
918 1904 953 1971 in
978 1923 1097 1988 magna
1121 1903 1208 1971 silua
1233 1925 1294 1990 per
1318 1905 1415 1992 riam,

284 2031 347 2096 que
362 2013 451 2080 venit
466 2033 487 2080 a
503 2020 594 2097 parte
612 2010 872 2095 septemtrionali
887 2011 928 2080 de
955 2012 1058 2099 Chen,
1081 2032 1140 2098 per
1164 2031 1262 2094 quam
1288 2015 1354 2079 itur
1378 2013 1413 2079 in

284 2121 316 2186 K
333 2157 375 2170 -
395 2157 432 2168 —
455 2160 493 2168 —
513 2157 555 2169 -
572 2119 628 2186 via
644 2126 762 2187 vocata
777 2121 887 2204 Koest,
906 2121 961 2187 ubi
977 2128 1112 2206 separat
1126 2119 1168 2188 de
1184 2156 1228 2168 —
1246 2157 1286 2167 -
1307 2157 1349 2169 -
1368 2156 1407 2166 —

284 2229 358 2314 plus
375 2235 511 2314 vocata,
529 2227 647 2295 deinde
662 2248 777 2314 parum
804 2227 911 2296 eundo
942 2229 985 2295 ad
1010 2236 1131 2315 partem
1159 2229 1410 2296 meridionalem

284 2338 352 2406 exit
366 2337 408 2404 de
424 2339 479 2405 via
494 2336 538 2406 ad
553 2344 679 2422 partem
696 2337 934 2406 occidentalem
951 2359 1065 2425 parum
1076 2339 1244 2406 diuertcns
1255 2360 1313 2426 per
1323 2339 1410 2404 riam

284 2446 525 2532 graminosum
542 2445 661 2514 abhinc
676 2445 837 2513 modicum
854 2445 958 2514 eundo
984 2447 1191 2532 progreditur
1214 2447 1259 2514 ad
1284 2454 1412 2533 partem

283 2554 532 2622 meridionalem
547 2555 666 2622 iterato
682 2553 728 2620 ad
742 2559 885 2622 montem
901 2553 935 2620 in
951 2553 1075 2640 lapide,
1092 2555 1147 2622 vbi
1163 2563 1248 2622 mete
1273 2555 1406 2642 populo·

283 2683 354 2729 rum
370 2651 529 2730 de‘llurth
546 2661 645 2729 simul
660 2662 891 2748 terminantur,
909 2662 1029 2730 exinde
1045 2661 1248 2730 descendens
1264 2683 1323 2748 per
1346 2662 1408 2728 sic-

283 2791 355 2839 cam
371 2777 404 2838 et
418 2769 603 2854 lapidosam
617 2771 737 2838 vallem
755 2771 875 2839 transit
891 2791 1047 2856 magnam
1060 2769 1159 2858 riam,
1168 2791 1227 2856 per
1237 2791 1335 2854 quam
1345 2771 1412 2835 itur

284 2879 326 2948 de
341 2878 507 2962 Strigonio
523 2878 557 2946 in
582 2877 707 2946 Budam
739 2885 771 2947 et
801 2881 970 2966 perueniet
996 2877 1039 2948 ad
1069 2879 1152 2947 duas
1183 2880 1315 2946 arbores
1346 2875 1412 2960 piri

283 2989 487 3054 creberrimi
518 2995 669 3072 voratas3
697 2985 817 3055 abhinc
833 2987 1012 3058 ascendens
1039 2987 1083 3054 ad
1119 2987 1320 3055 occidentem
1351 3005 1412 3070 per

283 3097 444 3166 arabilem
459 3104 578 3165 terram
594 3095 629 3162 in
644 3096 754 3185 Bercr,
772 3097 862 3164 vadit
878 3097 935 3164 diu
951 3115 1009 3182 per
1024 3097 1199 3181 virgultum
1216 3103 1248 3164 et
1258 3092 1411 3163 ascendit

282 3204 326 3271 ad
360 3209 499 3272 montem
530 3203 696 3270 excelsum
721 3203 1026 3290 Chababyhthetew
1056 3209 1216 3284 vocatum,
1242 3201 1298 3270 vbi
1324 3205 1411 3268 mete

281 3313 475 3398 populorum
492 3311 534 3379 de
550 3310 704 3379 Weiretie
720 3311 884 3397 liniuntur,
899 3319 932 3380 et
946 3312 1122 3397 iunguntur
1152 3310 1251 3377 metis
1276 3310 1410 3395 populo-

284 3439 353 3484 rum
372 3420 411 3486 de
428 3419 616 3505 Kowacby3
633 3418 751 3487 deinde
765 3419 944 3505 procedens
960 3440 1018 3506 per
1034 3418 1121 3486 riam
1138 3417 1233 3484 radit
1257 3415 1302 3482 ad
1327 3417 1410 3482 occi-

285 3526 414 3592 dentem
432 3545 490 3611 per
506 3527 644 3612 siluam;
661 3531 694 3593 et
708 3526 826 3594 abhinc
842 3526 975 3595 diuertit
1001 3547 1058 3614 per
1084 3524 1222 3593 eandem
1247 3525 1335 3592 riam
1363 3523 1407 3588 ad

283 3640 407 3719 purtem
425 3634 734 3718 septemtrionalem,
765 3641 797 3701 ct
816 3633 907 3701 vadit
922 3633 986 3720 diu,
1006 3635 1062 3702 vbi
1077 3653 1179 3720 prope
1195 3631 1240 3698 ad
1264 3638 1408 3699 castrum

283 3739 428 3827 Eynardi
445 3743 513 3809 exit
527 3742 568 3810 de
584 3741 647 3825 ria,
664 3749 696 3809 et
711 3749 906 3828 separantur
921 3751 1006 3810 meto
1023 3742 1216 3829 populorum
1233 3738 1276 3806 de
1291 3739 1410 3807 Koua-

281 3850 345 3935 chy
361 3848 518 3934 finaliter,
536 3856 568 3916 et
584 3849 761 3934 iunguutur
777 3849 871 3917 metis
887 3849 1081 3935 populorum
1105 3847 1235 3916 Nicolai
1262 3846 1303 3912 de
1328 3846 1410 3913 villa

281 3959 406 4045 Tynne,
424 3963 456 4024 et
470 3957 619 4044 peruenit
635 3955 677 4023 ad
693 3977 845 4042 quercum
862 3977 956 4026 eruce
984 3957 1167 4043 signatum3
1194 3955 1316 4022 abinde
1341 3961 1409 4021 teu·

281 4065 362 4133 dens
379 4063 591 4133 adorientem
608 4067 697 4133 venit
713 4065 756 4132 ad
772 4067 855 4133 duas
871 4073 974 4135 metas
990 4069 1154 4150 antiquas,
1179 4063 1234 4131 rbi
1266 4083 1331 4129 vna
1356 4069 1406 4128 est

281 4193 382 4257 noua;
402 4171 517 4239 deinde
532 4191 672 4257 pergens
688 4171 732 4238 ad
748 4171 948 4240 occidentem
964 4171 1113 4240 similiter
1126 4169 1169 4236 ad
1194 4169 1278 4237 duas
1304 4173 1405 4234 metas

280 4283 442 4365 antiquas,
460 4278 515 4344 ubl
530 4299 594 4347 vna
611 4286 660 4346 cst
685 4299 790 4366 noua,
816 4279 936 4346 exinde
961 4280 1126 4348 diuertens
1152 4278 1196 4343 ad
1223 4275 1404 4361 aquilonem

280 4388 429 4474 peruenit
445 4383 586 4454 adduas
602 4393 704 4454 metas
721 4393 844 4454 terreas
860 4387 1023 4473 antiquas,
1041 4387 1095 4454 ubi
1112 4387 1214 4452 tercia
1242 4393 1292 4452 cst
1309 4402 1403 4468 noua,

282 4503 316 4558 et
331 4501 415 4560 mete
429 4494 622 4578 populorum
638 4493 678 4559 de
694 4493 809 4579 'Pyrno
833 4495 986 4562 liniuntur
1019 4495 1115 4562 metis
1145 4492 1260 4562 Jacobi
1284 4492 1407 4558 Ombus

281 4595 419 4666 tiliorum
434 4599 642 4688 Appolinaris
657 4599 775 4668 nobilis
791 4599 831 4667 de
854 4601 991 4694 Obereh,
1002 4601 1057 4672 vbi
1083 4602 1187 4670 tendit
1212 4601 1255 4668 ad
1280 4597 1400 4688 aquilo·
