3124 5158
832 356 992 458 ..aaa

352 551 454 640 sigilli
479 552 581 620 nostrl
605 548 782 618 munimine
799 551 979 620 roboratas.
996 552 1116 620 Datum
1131 550 1288 638 Strigouij
1306 571 1392 619 anuo
1408 553 1464 620 llo·

352 659 432 726 mini
455 658 628 728 millesimo
653 657 869 728 ducentesimo
893 658 1108 746 octoagesimo
1130 659 1242 746 primo.

353 894 488 961 (Ercdstle
498 889 672 961 bllrhirtyi'u,
684 895 811 962 melynels
823 899 901 946 vltrlts
911 893 1137 961 selycmcsinllron
1150 897 1257 962 ffiggtltt
1269 892 1388 963 pccsttje
1400 893 1465 948 alre·

541 1067 546 1075 .
596 993 683 1051 sastt;
702 1003 719 1038 a
737 987 820 1038 budai
838 986 890 1040 kir.
903 985 1024 1039 kamarai
1035 984 1224 1056 lsrelctrnan.)

876 1847 955 1918 219.

357 2066 407 2132 Aa
422 2067 605 2154 esctcrpomc'
619 2067 844 2154 aspectamus
858 2065 1130 2152 bizoapsdpleoele,
1146 2064 1230 2153 impp
1244 2063 1393 2155 Str-opaci
1412 2067 1463 2132 To·

383 2180 452 2243 mdc
467 2197 575 2258 comcs,
593 2177 625 2240 co
640 2172 758 2241 Miletos
773 2175 915 2261 noprddi
929 2183 1060 2262 caperest
1074 2172 1222 2260 bizocyoa
1233 2195 1325 2262 perca
1338 2184 1432 2266 llpprc

578 2285 670 2350 aizoo
685 2285 916 2370 hardladpooac
931 2277 1137 2371 cpyezkcdtelc.
1154 2281 1251 2349 1281.

460 2516 529 2583 Nos
545 2511 729 2601 Capitulum
744 2513 974 2600 Strigoniensis
991 2514 1136 2582 Ecclesia
1151 2514 1304 2581 memorie
1314 2533 1464 2582 commen-

354 2623 478 2708 damus,
504 2621 591 2707 quod
614 2623 716 2691 nobili
740 2623 809 2690 uiro
827 2621 952 2690 Comite
967 2622 1092 2689 Thoma
1108 2622 1174 2690 lilio
1189 2621 1315 2689 Thome
1328 2624 1372 2726 ¹oie
1385 2622 1463 2689 Stro-

354 2751 418 2817 gea
433 2730 612 2798 Comitatus
637 2728 894 2815 Neugradiensis
916 2731 1044 2798 nomine
1057 2729 1176 2797 nobilis
1191 2729 1252 2798 viri
1269 2729 1400 2798 Comitis
1415 2731 1461 2796 lli·

354 2839 475 2907 chaelis
500 2837 560 2924 filij
586 2837 708 2906 ll'olkus
733 2839 776 2905 ab
797 2858 862 2904 uua
875 2845 978 2925 parte,
995 2839 1078 2906 sicut
1093 2836 1185 2922 dixit,
1202 2845 1234 2904 et
1249 2837 1386 2906 discreto
1400 2840 1461 2907 viro

354 2946 485 3014 domino
500 2945 636 3014 Nicolco
653 2944 1141 3031 ArchidiaoonoNeugradiensi
1157 2945 1309 3013 similiter
1324 2965 1381 3031 pro
1396 2951 1467 3013 sect

355 3075 413 3142 pro
439 3053 561 3123 Comite
585 3053 735 3122 Bothond
759 3054 858 3122 fratre
880 3074 938 3122 suo
954 3057 995 3122 ab
1011 3055 1115 3123 altera
1131 3061 1221 3142 parte
1237 3054 1270 3121 iu
1285 3054 1387 3122 nostri
1402 3073 1467 3141 pre-

353 3162 465 3232 sencia
475 3163 670 3248 constitutis,
681 3163 819 3230 relatum
836 3162 943 3230 extitit
953 3161 1153 3232 concorditer
1166 3183 1224 3249 por
1239 3160 1469 3250 eosdem,quod

353 3291 450 3358 super
474 3270 610 3339 materia
635 3270 821 3356 questionis,
840 3290 936 3355 quam
952 3271 1039 3339 idem
1055 3271 1312 3348 Archidiacouus
1328 3279 1361 3340 et
1376 3273 1470 3339 irater

354 3379 423 3448 eius
446 3387 558 3447 contra
582 3377 689 3467 ipsum
705 3380 898 3448 Michaelem
914 3382 1018 3448 lilium
1032 3381 1156 3448 Pullos
1172 3388 1341 3449 mouerant
1354 3381 1388 3447 in
1402 3399 1472 3466 pre·

353 3487 466 3555 sencia
481 3487 605 3557 Judicis
620 3487 713 3556 Curio
728 3487 851 3557 domini
875 3489 984 3574 Regis,
1001 3494 1033 3556 et
1047 3488 1174 3556 diucius
1190 3495 1421 3574 processerant
1436 3485 1474 3553 iu

354 3595 414 3664 hoo
429 3596 517 3665 lacto
533 3595 696 3665 mediante
711 3597 847 3666 arbitrio
862 3599 1018 3666 bonorum
1028 3596 1203 3685 homiuum,
1214 3617 1254 3664 ex
1263 3598 1476 3684 permissione

354 3703 499 3774 eiusdem
522 3704 647 3774 Judicis
671 3725 729 3793 per
754 3705 958 3774 amicabilem
983 3705 1252 3792 compositionem
1276 3705 1364 3773 inter
1384 3707 1479 3792 ipsas

353 3817 466 3900 partes
482 3814 593 3882 taliter
609 3815 717 3882 extitit
732 3815 924 3903 ordinatum,
938 3813 1159 3884 renunciaudo
1176 3814 1282 3882 eidem
1298 3815 1350 3882 liti
1366 3815 1481 3882 etsuia

353 3921 498 3990 articulis
522 3923 698 3992 uniuersis:
723 3921 817 4002 Quod
842 3922 1005 4011 predictus
1030 3923 1286 3991 Archidiaaonus
1313 3929 1346 3992 et
1362 3924 1480 3992 Comes

352 4028 481 4096 Botoud
507 4029 610 4098 frater
638 4031 707 4099 eius
728 4030 799 4116 pari
817 4037 849 4100 et
864 4051 1009 4100 consona
1023 4031 1192 4100 voluntate
1207 4029 1247 4098 de
1262 4038 1352 4099 terra
1367 4052 1484 4101 eorum

354 4135 510 4206 Pehchan
534 4139 715 4220 nominata,
741 4159 804 4223 que
828 4139 862 4206 in
887 4139 1060 4226 priuilegio
1091 4136 1303 4208 discretorum
1332 4141 1483 4208 virorum

355 4245 518 4314 Budcnsis
543 4245 685 4332 Capituli
705 4247 823 4315 dicitur
838 4247 1005 4334 contineri,
1023 4247 1229 4334 septuaginta
1238 4249 1362 4335 jugera
1376 4256 1487 4318 terra·

354 4371 424 4418 rum
450 4354 624 4422 arabilium
643 4355 678 4422 in
693 4355 861 4424 vicinitate
877 4362 962 4424 terre
977 4353 1121 4424 eiusdem
1136 4353 1307 4423 Michaelis
1322 4350 1488 4428 Pehchan

353 4459 501 4530 similiter
523 4470 718 4552 nuncupate,
741 4483 799 4552 pro
824 4465 910 4533 bono
935 4465 1004 4532 siue
1024 4463 1191 4532 commodo
1209 4463 1302 4551 pacis
1317 4465 1402 4533 inter
1419 4467 1488 4538 luas

354 4575 462 4651 partes
486 4572 719 4656 perpetualiter
746 4572 947 4642 obseruando
972 4572 1076 4640 cidem
1092 4571 1245 4642 llicluaeli
1262 4579 1296 4640 et
1311 4574 1380 4642 suis
1393 4574 1487 4666 filijs

356 4692 395 4736 ac
410 4677 653 4754 posteritatibus
668 4685 851 4760 statuerunt
866 4688 898 4750 et
913 4681 1115 4750 tradiderunt
1129 4689 1289 4768 perpetuo
1299 4685 1491 4771 etpacilica
