3138 5164
623 299 782 404 Au.

135 495 234 566 altari
243 498 343 567 misse
358 495 539 567 celebracio
548 518 608 586 pro
624 497 862 582 quiescencium
873 497 1040 583 spiritibus
1050 518 1115 565 nou
1127 495 1267 568 deesset.

133 607 255 689 etquis
278 605 503 676 defunctorum
522 605 787 693 piasvoluntates
799 605 981 692 pontificali
1002 625 1131 690 semper
1146 603 1264 674 decens

133 712 304 782 eststudio
319 711 480 802 adiuuari,
490 712 717 783 utorebratiat
730 713 846 782 salutis
856 711 984 782 oblaeic
1000 719 1033 780 et
1048 711 1209 782 intensius
1220 713 1267 780 ui·

133 827 211 904 geat
226 820 348 888 deuota
362 820 499 891 collacio
514 821 688 890 tribuentis
699 843 708 905 3
721 819 832 912 ipsum
847 819 1037 890 beneficium
1064 821 1098 887 in
1123 841 1264 908 persona

133 929 196 996 uiri
212 927 355 1014 discreti,
373 932 444 998 Deo
455 929 576 1018 deuoti,
592 928 737 996 Marcelli
752 928 933 1016 presbiteri,
951 925 1104 996 Custodia
1118 927 1265 996 Ecclesia

133 1041 245 1102 nostre
260 1036 504 1123 strigoniensis,
521 1057 586 1107 uon
603 1044 671 1103 tam
686 1035 915 1124 personaliter,
932 1055 1032 1119 quam
1043 1033 1186 1124 realiter,
1197 1033 1261 1121 ipsi

138 1141 266 1210 scilicet
282 1143 447 1231 Custodia,
473 1143 566 1213 cuius
582 1149 675 1212 erant
689 1143 839 1211 redditus
865 1148 980 1212 munes
1006 1146 1039 1209 et
1063 1141 1176 1230 exiles,
1201 1161 1260 1228 per

134 1269 232 1332 quem
248 1251 352 1317 eciam
369 1257 401 1319 et
416 1270 623 1320 successores
633 1249 736 1338 ipsius
746 1249 907 1338 adipsum
917 1255 1125 1337 personatum
1137 1249 1260 1317 dictum
1289 1321 1294 1330 ,

133 1357 234 1425 misse
249 1357 395 1426 officium
412 1358 572 1427 credimus
599 1367 632 1428 et
659 1378 828 1446 speremus
844 1353 972 1426 vberius
1001 1365 1034 1426 et
1058 1355 1266 1442 frequencius

136 1465 295 1554 exerceri,
314 1463 515 1552 deomnium
530 1464 667 1534 fratrum
692 1461 883 1534 nostrorum
898 1463 1105 1550 beneplacito
1130 1472 1164 1532 et
1187 1485 1263 1532 con·
1393 1541 1397 1550 ,

134 1591 234 1639 sensu
249 1579 407 1659 perpetuo
422 1571 574 1640 duximus
598 1572 857 1656 annectendum
873 1573 931 1660 ita,
947 1579 984 1640 ut
1009 1569 1124 1640 diebus
1150 1571 1262 1658 singu-

135 1677 192 1763 lis,
207 1679 303 1746 salua
316 1678 489 1748 honestate
505 1699 565 1747 sua
583 1685 615 1747 et
629 1679 741 1748 debita
756 1679 946 1766 deuocicue,
963 1698 1022 1765 pcr
1036 1699 1073 1748 ee
1089 1681 1144 1746 uel
1170 1681 1261 1747 vica-

134 1785 218 1850 rium
243 1783 455 1875 sacerdotem,
480 1787 544 1854 nisi
570 1785 769 1874 impediente
793 1788 980 1856 infirmitate
995 1787 1150 1872 corporis,
1180 1789 1262 1854 cele·

133 1893 224 1960 brari
239 1892 331 1961 iuxta
362 1893 507 1982 sormam,
533 1894 713 1979 antiquitus
739 1897 781 1962 ab
806 1894 919 1962 eodem
943 1892 1073 1961 domino
1099 1893 1266 1981 Stephano

133 2005 213 2066 tunc
228 1999 486 2088 Arcbiepiecopo
498 2002 714 2087 Strigouiensi
725 2009 818 2088 patre
834 1999 1012 2069 venerabili
1037 2004 1264 2070 constitutam:

134 2107 249 2174 taliter
265 2107 373 2192 ipsum
388 2109 577 2177 beneficium
594 2110 783 2194 personatui
799 2108 958 2192 unientes,
975 2113 1010 2175 rt
1025 2108 1186 2193 utrimque
1210 2110 1259 2176 al·

131 2213 200 2280 teri
217 2217 405 2284 consulatur
422 2237 464 2283 ex
476 2218 592 2306 altero,
609 2225 642 2286 et
657 2215 799 2304 provisio
816 2215 996 2301 patemalls
1021 2215 1126 2300 magis
1152 2235 1262 2283 excre-

132 2329 218 2405 scat,
237 2341 333 2405 quam
350 2309 516 2390 decrescat
540 2324 575 2390 iu
600 2323 859 2393 exsecutionibus
885 2321 1089 2389 Diuiuorum.
1114 2325 1151 2390 In
1171 2324 1261 2390 cuius

134 2429 188 2494 rei
214 2429 400 2496 memoriam
433 2437 687 2517 perpetuamque
717 2429 902 2498 firmitatem
934 2437 1102 2517 presentes
1122 2430 1266 2510 ¹litteras

131 2536 367 2622 concessimus,
391 2537 566 2607 munimine
581 2538 684 2606 nostri
699 2536 804 2623 sigilli
836 2539 1014 2607 roboratas.
1035 2539 1156 2606 Datum
1181 2539 1263 2605 Stri-

129 2639 225 2726 gonij
270 2642 304 2708 iu
343 2641 427 2710 festo
471 2646 563 2712 Beati
594 2644 768 2730 Laurencij
801 2644 944 2714 martiris
963 2697 987 2731 „
1015 2667 1101 2714 anuo
1134 2645 1264 2713 Domini

132 2746 506 2820 m⁰cc⁰cxxx⁰sexto
868 2751 878 2770 ⁰

135 2977 190 3050 (Aa
203 2982 363 3046 ecatergemi
387 2977 577 3048 klptalanualr
591 2981 659 3036 tarro
672 2982 855 3053 clmlnydbbl
868 2987 972 3040 Knaua.
998 2988 1112 3055 Magyar
1138 2987 1203 3040 Sion
1215 2986 1263 3041 Ill.

600 3075 672 3128 lec.
685 3075 746 3131 ouo.
759 3073 790 3144 1.)
