3118 5158
591 265 747 362 ...Q
787 315 790 328 .

101 459 261 547 sitatibus,
290 457 399 527 omnia
415 461 447 522 et
462 457 595 542 singula
610 458 799 545 supradicta
815 457 983 525 attendere
1000 463 1032 524 et
1046 459 1228 543 observare,

100 576 130 634 et
145 587 210 634 non
228 566 456 635 contravenire
482 565 521 630 de
533 567 609 651 jure
635 568 687 636 vel
703 567 744 632 de
760 565 857 650 facto,
882 568 942 633 sub
959 565 1161 650 oblignoione
1178 567 1232 631 bo·

100 695 212 741 norum
239 673 383 742 omnium
399 673 655 740 Universitatum
672 677 826 761 ipsarum.
860 673 899 739 In
916 677 1009 758 cujus
1026 673 1074 741 rei
1089 675 1231 740 testimo·

100 783 197 868 nium,
223 790 256 849 et
272 781 411 868 predicti
438 779 561 846 domini
576 782 674 864 Regis
690 782 803 848 Sicilie
827 801 866 847 ec
891 781 1110 868 predictorum
1127 776 1231 845 Sindi·

102 911 209 957 corum
226 890 368 974 nomine,
384 895 415 954 et
430 908 489 973 pro
505 894 598 973 purte
614 888 771 956 dicturum
781 888 1037 957 Universitatum
1054 887 1230 970 cautelam,

102 1016 234 1081 presens
251 997 408 1079 scripturn
427 993 545 1060 exinde
562 996 743 1062 confectum
769 1001 801 1060 et
817 1014 875 1079 per
891 1015 1006 1064 munus
1023 996 1087 1060 mei
1102 997 1229 1062 Notarii

101 1103 236 1189 predicti
262 1101 399 1169 Matthei
415 1105 568 1169 Barabeli
587 1104 628 1172 de
643 1105 772 1190 Gujetu‚
799 1103 947 1189 ejusdem
968 1104 1063 1170 Curio
1079 1103 1229 1170 Actuulis

102 1212 234 1296 Notarii,
260 1231 332 1276 meo
351 1213 445 1293 signo
463 1211 637 1294 signatum,
666 1218 697 1279 ct
713 1231 821 1295 manu,
848 1213 902 1294 qui
919 1232 1017 1297 snpra
1033 1211 1182 1278 ludicum
1200 1219 1231 1276 et

102 1318 382 1404 infrascriptorum
399 1319 528 1384 testium
547 1319 838 1404 subscriptionibus
855 1321 1051 1386 roboratum.

802 1427 960 1492 lllatheus.

620 1536 691 1616 Ego
716 1534 961 1600 Bartholomeus
988 1533 1027 1599 de
1053 1531 1165 1598 Stuffis
1193 1529 1232 1597 de

651 1641 753 1725 Regio
762 1643 880 1725 Magne
893 1642 995 1724 Regie
1006 1639 1101 1705 Curio
1112 1639 1231 1706 Judex.

624 1749 691 1832 llgo
717 1748 858 1814 Jacobus
884 1747 923 1812 de
951 1746 1087 1814 Udando
1114 1745 1231 1828 Magne

737 1843 838 1940 Regie
866 1855 960 1922 Curio
982 1855 1098 1921 Judex.

621 1965 691 2046 ldgo
702 1963 847 2030 loannes
864 1961 904 2028 de
919 1962 1046 2030 Aluello
1060 1964 1129 2030 Vic.
1146 1963 1229 2042 Mag.

891 2071 959 2136 Jus.

624 2181 692 2260 ligo
701 2178 841 2244 Thomas
853 2176 893 2244 de
903 2179 1002 2246 Porta
1018 2177 1037 2243 J
1042 2177 1105 2242 uris
1118 2175 1229 2241 Civilis

622 2285 1227 2369 llootor,RegisConsilinrius,irrfidem

835 2392 1025 2479 subscripsi.

623 2502 692 2584 Ego
707 2501 850 2566 Joannes
868 2501 908 2566 de
925 2499 1071 2581 Bregida
1088 2498 1190 2564 testis.

104 2683 330 2745 nlmoiuthnos,
355 2685 395 2734 Dc
420 2684 512 2746 Regno
525 2683 676 2733 Dulrnutino
701 2690 726 2732 ot
747 2682 870 2732 croatiae
894 2681 953 2732 libri
976 2679 1119 2742 semlldos,
1146 2680 1226 2730 1758.

617 2773 674 2822 175.
691 2773 718 2824 1,1

563 3021 768 3034 puna—nn·—

642 3397 695 3466 69.

105 3599 395 3664 uenerandumne
413 3595 469 3661 Sol
485 3599 516 3661 e's
532 3597 637 3681 Eprnp
657 3604 736 3660 nevit
744 3595 936 3681 jo'ozu'qoltut
953 3599 1108 3683 torpyuzo
1123 3597 1230 3660 lentur·-

196 3708 307 3790 jriruisi
318 3728 484 3792 pruruncsu
500 3729 520 3767 o
537 3705 686 3804 palentini
700 3705 892 3768 konuentdez.
920 3707 1016 3771 1274.
1036 3705 1141 3769 tur-ru.

214 3903 466 3984 D.'Palutinus,
492 3899 605 3966 Comes
632 3899 673 3966 de
689 3898 814 3985 Oclych
838 3906 870 3965 et
888 3899 994 3967 Judex
1017 3901 1231 3967 Cumanorum

97 4007 226 4075 Abbati
250 4018 281 4076 et
297 4007 478 4075 Conuentui
497 4007 688 4075 Zeludiensi
714 4009 845 4094 plenum
870 4005 1092 4074 dileccionem.
1116 4009 1233 4090 Requi-

99 4117 209 4182 rimns
224 4137 243 4183 a
259 4117 352 4183 uobis
370 4115 557 4202 diligenter,
576 4123 737 4200 quatenus
754 4116 838 4182 detis
854 4123 996 4182 uestrum
1013 4115 1233 4183 testimonium

95 4224 275 4310 ydoneum,
299 4243 407 4290 eornm
425 4243 488 4306 quo
505 4223 676 4290 Kercchen
702 4223 744 4289 de
759 4221 926 4290 Kercchen
952 4221 1046 4288 homo
1063 4231 1173 4291 noster
1188 4244 1233 4290 re-

97 4331 251 4398 ambnlet
279 4339 398 4398 terram
426 4331 483 4397 Sol
507 4331 667 4416 Propositi
695 4331 735 4398 dc
760 4329 908 4418 Dymisio
935 4335 966 4397 et
992 4329 1081 4414 Oguz
1102 4327 1248 4397 Comitis

95 4438 374 4522 Wesprimiensis
399 4441 507 4523 Egreg
532 4446 679 4528 uocatum
692 4491 701 4526 ,
722 4445 754 4505 ct
777 4439 928 4505 restituat
952 4438 1085 4518 eisdem,
1112 4439 1140 4503 si
1168 4461 1232 4504 non

95 4547 205 4614 suerit
224 4545 473 4634 contradictum,
499 4545 751 4615 contradictores
782 4567 875 4630 vcro,
896 4547 922 4612 si
950 4547 1004 4630 qni
1035 4545 1164 4636 fuerint,
1193 4547 1233 4614 ud
