3126 5150
820 377 980 470 mrs-

332 570 411 634 mite
435 567 476 632 de
492 568 591 654 Pilis;
616 569 858 636 venerabilibus
883 570 1032 655 patribus
1049 567 1213 654 Stephane
1234 569 1406 636 Geloeensi
1432 576 1459 633 et

330 677 483 743 ¹iohanne
499 675 687 760 spalatensi
703 674 989 761 Archiepiseepis;
1011 675 1182 760 Lamperte
1198 675 1361 760 Agriensi,
1378 675 1459 742 Brie-

335 784 387 850 eie
405 782 625 851 Ghansdiensi
634 837 644 870 ,
663 786 726 852 Jeb
743 783 1116 868 Quinque-Ecclesieusi‚
1132 782 1285 870 Philippo
1301 783 1460 851 Waeiensi

335 891 413 956 sule
438 891 567 959 demine
591 890 715 977 Regine
740 892 915 958 karissime
940 891 1052 958 metris
1077 899 1187 958 nostre
1213 891 1417 957 Ganeellerie
1432 898 1460 956 et

334 996 459 1066 Gemite
483 999 742 1088 Neegradiensi,
766 999 868 1066 Paule
892 999 1151 1084 Wesprimiensi,
1177 999 1380 1084 Thymethee
1406 1000 1460 1065 Za·

334 1108 512 1192 grabiensi,
530 1107 723 1175 Ledemerie
739 1106 957 1193 Waradiensi,
973 1106 1122 1172 Dionisie
1138 1107 1303 1174 Jauriensi
1321 1114 1352 1174 et
1368 1107 1460 1173 Petro

334 1215 570 1282 Transsilusne
591 1215 764 1301 Episcopis
781 1215 946 1281 Eeelesiss
963 1215 1025 1280 Dei
1043 1214 1182 1280 feliciter
1196 1216 1457 1300 gubernantibus.

334 1321 512 1389 Lsureneie
528 1322 690 1409 Palatino,
709 1321 833 1389 Gemite
850 1321 1063 1408 Supruniensi
1090 1330 1122 1388 et
1147 1322 1188 1390 de
1204 1323 1334 1390 Benene
1353 1343 1393 1388 ae
1411 1322 1459 1388 Ju-

336 1429 408 1494 diee
434 1412 669 1516 Cumanorum,
694 1430 835 1498 Henriee
852 1431 945 1497 Bene
974 1429 1077 1497 teeins
1102 1431 1288 1516 Selenenie,
1315 1430 1459 1500 Jehanne

335 1536 507 1622 Weyuede
522 1538 758 1606 Transsiluane
787 1534 913 1604 Gemite
938 1537 977 1603 de
1003 1537 1150 1622 Zeunuk,
1178 1537 1342 1624 Stephane
1365 1537 1459 1621 Magi-

334 1651 400 1710 stro
416 1645 694 1712 Thsuamieerum
710 1652 893 1712 nostrerum
902 1697 910 1729 ,
936 1645 1092 1712 Ladizlae
1107 1647 1128 1713 J
1131 1645 1224 1712 udiee
1240 1644 1339 1712 Gurie
1357 1653 1458 1711 nostre

336 1749 461 1818 Gemite
478 1749 519 1818 de
533 1753 634 1838 Bane,
652 1754 759 1838 Erney
776 1753 867 1818 Bane
893 1753 933 1819 de
949 1753 1076 1820 Venere
1102 1761 1133 1818 et
1149 1753 1188 1818 de
1205 1753 1290 1838 Seu,
1316 1751 1459 1819 Jehanne

336 1859 428 1926 Bene
445 1860 487 1925 de
496 1860 644 1943 Maebeu,
660 1859 826 1944 Stephane
842 1861 934 1926 Bene
950 1859 992 1926 de
1008 1861 1129 1942 Benna,
1145 1838 1301 1944 Gfegerie
1317 1861 1407 1927 Bane
1423 1858 1458 1924 de

336 1965 487 2030 Bereneh
504 1965 592 2030 etde
609 1963 754 2053 Kueheu,
779 1969 881 2033 Paulo
897 1969 987 2033 Bene
1006 1969 1046 2034 de
1062 1969 1215 2052 Zeerine,
1233 1966 1381 2034 Renelde
1396 1967 1459 2032 Ma·

338 2074 442 2158 gistre
459 2071 687 2156 Depifererum
706 2081 888 2141 nestrorum
907 2073 1031 2142 Gemite
1048 2073 1329 2160 Zulgajauriensi,
1345 2073 1459 2156 Vgrine

337 2180 495 2266 Magistro
521 2179 711 2265 Agasenum
737 2179 861 2248 Gemite
887 2181 1086 2268 syrmiensi,
1113 2182 1294 2248 Laureneie
1312 2181 1460 2264 Magistro

337 2289 571 2356 Pineernarum
589 2285 715 2353 Gemite
731 2286 772 2353 de
788 2288 882 2354 Keue
899 2294 931 2354 et
947 2287 987 2354 de
1004 2289 1141 2371 Karase,
1161 2289 1254 2372 itieys
1271 2287 1395 2353 Gemite
1410 2288 1460 2371 Sy-

338 2395 498 2480 migiensi,
522 2394 678 2478 Gregorio
698 2393 822 2462 Gemite
838 2395 945 2461 Gastri
963 2395 1085 2481 Ferrei,
1119 2395 1247 2461 Dedele
1265 2395 1392 2461 Gemite
1406 2395 1461 2460 Za·
1547 2477 1548 2490 ἵ

339 2503 488 2584 lediensi,
508 2509 539 2569 et
555 2502 715 2571 Michaele
732 2502 856 2570 Gemite
873 2503 1047 2588 Nitriensi;
1065 2501 1189 2570 statiis
1205 2523 1303 2586 qnam
1322 2501 1461 2589 pluribus
1547 2493 1548 2553 i

340 2609 523 2676 Gemitatus
540 2609 647 2692 Regni
662 2613 766 2678 nestri
783 2611 969 2678 tenentibus
986 2617 1019 2677 et
1033 2609 1182 2678 honores.

340 2790 450 2853 (Zeeehi
464 2788 565 2840 Mikles
578 2787 732 2856 ersztgbire
747 2791 858 2840 less-kt
871 2789 944 2841 birei
956 2787 1108 2853 triremes,
1133 2806 1164 2840 nu
1178 2787 1361 2854 Okeliesr'rnyi
1374 2784 1462 2838 essir'rd

552 2876 738 2932 levelttrtben
750 2899 756 2942 ;
770 2879 880 2932 kezeits
893 2878 975 2931 nehsi
988 2880 1126 2946 Szentagh
1140 2876 1259 2942 Diniel.)

799 3123 1014 3144 -ῃ

884 3501 935 3566 ll.

343 3706 401 3770 IV.
419 3704 533 3769 Le'szle
548 3703 658 3786 tirety
676 3699 817 3765 Student
834 3702 865 3764 es
880 3697 969 3781 Geli,
989 3701 1126 3764 Beretuelt
1133 3701 1223 3781 fluit,
1240 3723 1278 3763 ez
1294 3697 1468 3782 eszteryemi

643 3807 900 3893 veirjebbu‘qyus't
917 3808 1062 3871 itemesti.
1083 3809 1179 3872 1273.

452 4004 627 4072 Lsdiziaes
657 4004 720 4070 Dei
752 4005 863 4088 gracie
895 4001 1081 4086 Hungsrie,
1114 4000 1297 4085 Dalmaeie,
1330 4001 1468 4084 Greaeie,
1543 4075 1544 4080 ἵ

346 4115 467 4196 Reme,
493 4113 624 4197 Seruie,
649 4111 809 4199 Gallicis,
834 4109 1042 4196 Ledemerie,
1060 4109 1233 4194 Cumanis,
1259 4109 1469 4192 Belgarieque

345 4224 415 4288 Rex
441 4222 588 4288 omnibus
614 4219 734 4286 Ghristi
762 4218 913 4286 fidelibus
939 4237 1071 4304 presens
1101 4217 1255 4302 seriptum
1281 4215 1469 4302 inspecturis

348 4330 488 4396 salutem
503 4330 536 4394 in
553 4328 695 4396 emnium
711 4329 884 4395 saluatore.
918 4326 1025 4412 Offieij
1044 4327 1147 4392 nestri
1163 4325 1306 4394 debitum
1323 4311 1470 4410 remedijs

346 4436 498 4522 inuigilat
514 4435 748 4520 subiectorum,
775 4442 810 4502 ut
827 4433 900 4500 dum
918 4455 1027 4502 eerum
1050 4435 1229 4501 excutimus
1246 4433 1379 4522 honera,
1396 4435 1467 4502 dum
1542 4497 1543 4532 1

349 4545 508 4612 seandala
533 4563 742 4629 remeuemus,
768 4542 843 4610 dum
870 4543 1076 4610 eeneedimus
1103 4542 1188 4627 qued
1208 4549 1391 4630 merentur;
1416 4563 1472 4610 nes
1542 4543 1543 4591 t

349 4653 383 4718 in
401 4671 509 4720 eorum
526 4653 636 4736 quiete
652 4651 846 4736 quiescimus
866 4658 897 4718 et
913 4653 1003 4737 peeis
1020 4650 1187 4719 cemmede
1203 4649 1419 4738 gratulamur,
1435 4647 1474 4716 sd
