3146 5166
622 305 782 406 ν,τοο

134 499 268 567 mettius
285 499 372 567 tilius
389 499 491 588 Huni,
508 499 563 584 qui
578 499 613 568 in
629 501 703 585 ipsa
719 499 932 583 villsDragul
945 504 1022 566 tuno
1036 499 1193 585 temporis
1204 498 1266 567 luit

133 608 297 696 iuuentus,
317 605 488 675 desudem
504 628 578 674 eum
595 629 656 677 sus
671 607 796 674 lumilia
812 607 993 676 resedendo
1018 627 1073 674 eos
1088 609 1266 693 recepisset

133 715 165 780 in
185 735 278 802 puae,
296 723 329 782 et
344 716 467 783 intrare
483 716 518 781 in
533 717 626 804 ipsus
644 716 741 783 villas
758 716 868 800 quiete
891 714 1047 800 permisit.
1071 713 1267 782 Adiecerunt

135 824 250 909 seiam,
267 830 302 889 ut
319 822 431 890 eedem
448 823 526 890 ville
542 831 648 910 preter
664 823 747 892 duas
763 823 950 892 mansiones
981 842 1122 906 saeuus,
1154 843 1217 906 que
1232 823 1266 889 in

132 927 355 1014 villuDragul
381 930 512 998 inueute
543 931 693 1016 luerunt,
728 929 970 1027 habitatoribus·
985 928 1081 1015 plene
1110 937 1220 998 essent
1235 937 1268 996 et

134 1035 264 1122 populis
281 1037 465 1105 constitutis
482 1039 515 1105 in
533 1039 580 1106 eis
597 1059 670 1106 eum
702 1058 813 1106 eorum
838 1038 932 1108 bonis
956 1043 989 1104 et
1003 1039 1120 1122 rebus;
1137 1038 1170 1104 in
1186 1033 1268 1106 tilla

134 1151 243 1210 eutem
259 1142 372 1229 Leges
388 1164 455 1211 uns
471 1145 585 1213 domus
612 1151 660 1214 est
676 1147 744 1214 suis
769 1143 1010 1212 habitatoribus
1026 1143 1194 1212 destituta.
1211 1145 1267 1213 Ju-

134 1250 224 1318 dioes
239 1271 320 1318 uero
335 1251 375 1318 de
391 1251 481 1319 Hunt
496 1261 529 1320 et
560 1251 601 1319 de
628 1251 783 1338 Neograd
813 1250 857 1319 nd
871 1251 1147 1320 iutrodueoionsm
1163 1251 1269 1337 predi·

135 1364 261 1426 otarum
277 1359 430 1428 villorum
456 1359 616 1448 requisiti,
640 1379 733 1428 suum
749 1359 975 1455 hominemeis
991 1359 1071 1426 dare
1087 1365 1267 1444 negarunt;

134 1466 219 1532 sient
236 1465 295 1534 hee
310 1467 419 1536 omnia
434 1474 468 1535 et
483 1470 616 1552 singule
631 1469 863 1555 premissorum
879 1469 923 1536 ab
937 1487 993 1535 οτο
1008 1465 1148 1535 hominis
1164 1466 1265 1534 uestri

136 1579 169 1640 et
182 1574 287 1640 nostri
303 1593 343 1640 ae
359 1577 402 1644 ab
417 1596 475 1644 ore
490 1575 633 1643 hominis
648 1575 772 1644 domini
798 1576 902 1646 nostri
918 1575 1170 1661 Arelriepiseopi
1187 1575 1268 1642 eidi-

136 1681 238 1750 oimus
253 1686 285 1750 et
301 1683 532 1768 recollegimus
547 1685 704 1754 seriatim.

136 1897 276 1964 (Eredetie
288 1896 470 1978 bllrhtrtytn,
483 1899 650 1970 artrpeeset
662 1902 793 1955 elvesaett
805 1920 812 1966 ς
825 1917 843 1954 a
857 1898 932 1956 molt.
945 1902 972 1954 b.
982 1896 1101 1966 Pertnyi
1113 1897 1209 1953 esaltrl
1227 1899 1267 1952 le·

608 1989 791 2060 relttrtban.)

603 2291 811 2307 Ἦ

666 2885 744 2955 428.

142 3105 190 3166 Az
206 3107 395 3190 easterpami
413 3104 646 3190 lspsalansak
661 3106 813 3190 jelentere
828 3105 892 3172 IV.
917 3107 1037 3172 Ldsslo
1050 3107 1230 3194 kirdlpltoz,
1246 3129 1269 3172 ο

139 3211 252 3278 C‘lrabu
269 3215 450 3300 loyseplen
468 3217 585 3280 tiirtent
602 3215 851 3299 hutdrjdrctsrol
867 3237 888 3278 a
904 3215 1100 3301 upulszipeti
1126 3215 1263 3300 apsces-

463 3323 566 3388 zcirda
582 3327 745 3389 οοάοοάτα.
763 3299 814 3389 liv
829 3323 947 3390 stlkol.

250 3535 538 3604 Excellentissimo
554 3534 687 3604 domino
701 3557 762 3605 suo
778 3539 816 3604 L.
834 3537 896 3604 Dei
911 3535 1024 3622 grauia
1042 3535 1164 3603 illustri
1187 3536 1270 3621 Regi

137 3642 308 3726 Hungarie
325 3641 509 3730 Capitulum
527 3643 675 3712 lleelsrie
690 3643 923 3728 strigoniensis
950 3641 1119 3711 oraeiones
1145 3643 1178 3710 in
1203 3643 1269 3709 Do·

138 3749 225 3817 mino
242 3751 417 3820 dubitaret
440 3752 584 3820 deuotus.
600 3753 743 3821 Litteras
754 3751 871 3819 Vestre
881 3751 1072 3818 serenitatis
1084 3749 1265 3836 recepimus

138 3859 354 3946 continentes,
371 3861 458 3944 quod
469 3882 542 3930 eum
552 3861 706 3946 Magistro
725 3857 901 3928 Benedioto
917 3857 994 3926 aule
1010 3863 1116 3926 vestre
1131 3857 1267 3925 Notario

138 3973 288 4034 nostrum
298 3967 463 4035 hominum
474 3969 601 4036 mittere
611 3967 905 4054 deberemus,euius
915 3965 1099 4034 testimonio
1109 3962 1194 4033 idem
1203 3965 1270 4032 lle·

138 4078 243 4160 gister
252 4077 290 4144 B.
300 4078 465 4160 quandam
476 4078 714 4166 possessionem
724 4076 842 4145 nobilis
852 4076 913 4144 viri
923 4077 1016 4163 Moys
1027 4073 1176 4159 Magistri
1185 4072 1270 4140 ula·

139 4183 351 4252 uurnioorum
370 4185 499 4254 domine
510 4186 633 4270 Regine
643 4193 676 4253 et
684 4185 820 4254 Comitis
831 4183 1037 4269 Simigiensis
1048 4179 1162 4249 Choba
1172 4200 1269 4249 voea-

139 4297 218 4372 tum,
234 4312 332 4378 quam
348 4295 420 4379 ipse
432 4297 591 4381 Magister
606 4296 701 4383 Moys
717 4316 790 4363 oum
806 4293 955 4361 omnibus
971 4289 1039 4356 suis
1056 4287 1269 4374 pertinenoiJs

140 4402 309 4468 sororibus
335 4401 377 4471 de
400 4403 512 4473 Insula
528 4407 628 4473 Beate
644 4403 790 4490 Virginis
807 4401 897 4469 dedit
912 4405 945 4468 et
964 4395 1100 4466 donauit
1115 4400 1270 4482 perpetuo

141 4507 373 4594 possidendum
391 4531 551 4582 consensu
566 4513 681 4580 Vestre
697 4509 877 4578 Maiestatis
902 4503 1159 4589 interueniente,
1184 4500 1269 4568 sieut

140 4618 175 4684 in
193 4617 360 4704 prodestis
372 4621 488 4688 restris
497 4619 615 4690 litteris
627 4619 767 4688 vidimus
780 4613 949 4702 contineri,
968 4607 1272 4682 reambularetoou·
