3140 5150
622 333 783 436 313-

139 529 275 617 Demea,
299 527 392 596 iuxta
408 549 506 616 quam
522 549 663 616 uergens
679 551 793 601 uersus
809 531 970 619 occidens,
989 541 1020 600 et
1034 533 1067 600 in
1084 534 1198 602 eadem
1214 535 1269 603 via

138 635 322 722 procedens
338 635 494 722 contingit
518 649 623 707 metas
638 645 723 706 terre
747 639 827 707 ville
842 639 990 727 Berend,
1015 649 1047 710 et
1070 641 1132 709 hoc
1148 663 1187 710 ex
1202 664 1270 710 vna

139 751 252 830 parte;
278 765 319 810 ex
344 751 436 831 parte
461 764 541 815 vcro
566 746 673 812 altera
690 747 806 833 incipit
821 747 915 814 iuxta
930 749 1080 834 capanile
1097 747 1181 838 (lgy)
1197 771 1267 836 pre·

140 853 227 918 dicte
244 853 388 938 ecclesie,
406 861 436 920 et
452 855 631 940 procedens
645 858 761 924 transit
776 857 908 924 fluuium
924 859 1055 925 'l'ornua
1071 856 1269 926 antedictum

143 959 230 1027 intra
255 960 473 1029 molendinum
498 964 635 1052 Boltha,
675 971 707 1031 et
732 965 890 1050 contingit
921 967 1084 1050 quandam
1109 969 1195 1035 viam
1211 989 1269 1054 per

143 1090 240 1153 quam
256 1071 322 1137 itur
338 1067 380 1136 ad
396 1069 526 1138 domum
541 1071 665 1158 Huntlr,
689 1080 720 1140 ct
735 1072 769 1139 in
785 1070 898 1142 eadem
918 1075 974 1141 via
993 1075 1173 1160 procedens
1196 1095 1268 1141 con·

142 1177 240 1263 tingit
264 1177 345 1245 duas
361 1187 465 1246 metas
494 1181 585 1246 iuxta
610 1181 747 1248 eandem
767 1184 853 1248 viam
870 1180 1045 1250 collocatas
1063 1203 1104 1250 ex
1120 1183 1269 1271 opposito

144 1285 323 1353 molendini
338 1287 492 1373 ecclesie;
517 1285 557 1355 de
573 1288 689 1371 quibus
705 1289 885 1375 procedens
900 1308 1013 1358 uersus
1030 1289 1178 1357 occidens
1195 1312 1268 1358 con·

143 1393 240 1478 tingit
264 1394 397 1461 arbores
421 1395 607 1464 fructiferas
633 1395 790 1464 Zomboth
803 1449 811 1482 ‚
836 1397 890 1464 ubi
914 1397 948 1464 in
967 1398 1109 1480 quadam
1129 1419 1211 1483 pyro
1227 1401 1269 1466 ab
1385 1461 1388 1468 .

143 1503 298 1587 aquilone
314 1503 467 1569 existenti
486 1508 561 1570 sunt
576 1503 638 1570 due
654 1512 747 1590 mete,
770 1505 803 1571 in
819 1507 937 1589 qulbus
952 1505 1154 1574 terminatur.
1179 1507 1270 1591 Gyli-

142 1631 225 1678 anus
242 1617 350 1679 autem
368 1618 400 1678 et
416 1612 536 1681 Boltha
555 1612 712 1698 sepedicti
727 1612 907 1698 predictum
923 1613 1148 1682 concambium
1164 1621 1269 1680 ratum

143 1721 321 1804 habentes,
347 1727 592 1805 assumpserunt
615 1711 721 1806 ipsum
746 1720 903 1789 Comitem
922 1723 1060 1789 Paulum
1076 1742 1177 1808 super
1192 1721 1269 1789 duo-

143 1825 249 1894 decim
267 1827 432 1911 iugeribus
448 1834 533 1894 terre
549 1827 627 1914 filijs
643 1829 752 1894 Pousa
765 1834 797 1893 et
812 1829 942 1896 Luoaoh
953 1828 1270 1913 assignandisatquo

144 1935 266 2003 dandis
292 1936 333 2002 de
357 1935 499 2022 ipsorum
522 1935 730 2021 porcionibus
756 1934 919 2022 expedire.
944 1934 1142 2004 Adiecerunt
1166 1936 1269 2005 eciam

143 2045 215 2130 ipsc
232 2049 352 2131 partes,
376 2043 462 2127 quod
479 2045 507 2110 si
526 2063 588 2129 que
603 2044 747 2130 ipsarum
762 2043 847 2111 hano
865 2045 1105 2112 ordinacionem
1120 2065 1270 2114 successu

144 2159 324 2239 temporum
361 2157 538 2220 retractare
569 2160 756 2238 conaretur,
796 2159 873 2219 ante
904 2151 971 2220 litis
996 2151 1178 2236 ingressum
1203 2160 1268 2222 tres

144 2277 271 2326 marcas
296 2258 390 2344 parti,
410 2259 503 2326 alteri
528 2261 652 2328 soluere
676 2265 858 2345 teneretur,
895 2261 1002 2346 ipsam
1028 2261 1267 2329 ordinacionem

142 2367 326 2436 rusurensi.
363 2367 552 2435 Petiuerunt
577 2373 727 2455 preterea
753 2389 825 2436 cum
851 2368 1030 2455 instancia,
1055 2367 1141 2453 quod
1161 2373 1268 2436 nostro

141 2476 316 2561 priuilegio
341 2493 476 2560 presens
501 2475 621 2543 sactum
646 2475 773 2543 munire
789 2475 1013 2560 dignaremur5
1038 2473 1126 2561 quod
1141 2495 1200 2543 nos
1220 2475 1267 2542 fa·

137 2591 248 2650 cturos
271 2582 505 2670 promisimus,
540 2585 569 2649 si
594 2588 760 2666 presentes
786 2583 879 2649 nobis
896 2587 1107 2669 reportentur.
1146 2585 1267 2651 Datum

136 2710 224 2758 anno
240 2690 374 2758 Domini
390 2689 608 2758 M⁰GO⁶LXX⁰
626 2695 757 2774 octauo,
778 2689 811 2756 in
827 2688 910 2757 sesto
925 2691 1020 2758 Beati
1035 2690 1268 2760 Penthaleonis

138 2798 294 2866 martiris.

138 2996 277 3059 (Eredetie
302 2991 478 3062 bltrhdrtydn,
509 3012 526 3049 ι
551 2991 648 3048 sture
670 3000 795 3062 nyomctt
818 2993 1072 3064 pccsdtclvesnett3
1092 2995 1166 3048 lrllsli
1179 2997 1268 3064 Thely

634 3081 771 3150 Kalmdn.)
