3146 5166
584 335 742 436 „eps-

96 531 320 617 probabimns.
339 526 970 612 DatumJodredieVl.exeuntellloroij
983 527 1101 594 ΜῦΟΟο
1122 533 1230 596 cotua-

97 639 223 722 gesimo
240 659 337 725 nono,
355 635 537 705 indiccione
557 639 710 706 secunde.
1220 643 1222 648 '

575 836 747 902 (Ugyunott.)

561 1087 773 1098 ——aeo--u—

632 1529 711 1597 372.

103 1733 196 1796 Τναιι
211 1735 309 1795 vetros
324 1728 546 1813 totosoponak
564 1729 769 1807 lotdrozoto,
794 1731 877 1811 hopy
893 1747 914 1788 o
939 1726 1064 1812 klizeeyn'
1090 1729 1230 1792 canarolo

101 1838 305 1903 alkolma‘oal
319 1837 566 1901 bebortiozo'ttek
582 1837 628 1900 mi
653 1835 769 1900 modona
795 1857 817 1896 o
841 1831 1001 1898 bortonblil
1027 1832 1230 1898 kibocodthu-

578 1943 641 2008 tol.
660 1943 757 2008 1289.

211 2143 304 2207 Anno
321 2137 568 2206 M⁰cc⁰nxxx⁰
584 2155 669 2203 nono
685 2136 739 2202 (lie
755 2137 860 2220 primo
876 2137 1034 2224 Augusti3
1053 2135 1086 2202 in
1103 2135 1166 2202 Dei
1176 2157 1233 2202 uo-

99 2249 190 2316 mine
205 2251 318 2313 Amen.
334 2225 564 2312 Examinctum
580 2251 629 2309 est
645 2265 703 2329 per
720 2241 885 2310 dominum
916 2241 1085 2312 Stefsnum
1111 2244 1224 2328 Vgorij

100 2358 208 2422 ciuem
223 2353 461 2420 Anconitanum
476 2353 688 2439 Potestotem,
704 2359 736 2418 ot
753 2359 891 2434 quotuor
917 2353 1082 2437 sapientes
1108 2350 1153 2415 ad
1178 2351 1225 2416 in-

99 2461 278 2546 frascripta
294 2459 523 2528 examinanda.
552 2461 594 2525 Et
607 2466 658 2526 est
689 2459 911 2526 examinatum
943 2466 975 2524 et
1006 2461 1224 2544 approbatum

99 2586 163 2656 per
179 2566 239 2632 XV
264 2568 428 2653 sapientes
443 2565 587 2633 homines
604 2564 644 2632 de
661 2567 830 2651 Tragurio,
859 2564 1096 2634 communicato
1122 2563 1228 2634 oonsi-

99 2677 150 2744 lio
164 2676 249 2743 inter
281 2696 336 2744 eos
357 2695 454 2762 snper
486 2673 574 2741 facto
592 2675 803 2760 captiuorum,
820 2675 875 2758 qui
891 2694 949 2759 pro
966 2672 1135 2741 Communi
1150 2674 1228 2741 'Pro-

98 2783 186 2868 gnrij
203 2786 237 2850 in
253 2803 381 2852 carcere
397 2781 598 2850 detinentur:
616 2779 710 2858 Quod
725 2782 754 2849 si
771 2782 850 2850 dicti
871 2783 993 2870 captiui
1009 2783 1121 2852 volunt
1136 2785 1226 2849 exire

99 2910 268 2962 carcerom
284 2889 479 2974 Communis,
498 2890 666 2972 quodiam
682 2889 755 2975 ipsi,
780 2909 878 2972 quam
904 2891 1009 2958 Lucos
1037 2897 1069 2958 et
1094 2891 1226 2969 Daniel,

97 3000 158 3083 qui
175 3004 249 3064 sunt
265 3002 358 3064 extra
375 2995 508 3063 forciam
525 2996 721 3081 Communis,
739 2995 878 3064 debeant
894 3017 1010 3081 parere
1035 3005 1068 3064 et
1096 2994 1229 3064 obedire

97 3103 264 3172 mandatis
278 3104 487 3190 Potestatum,
503 3103 655 3171 Judioum
671 3110 703 3170 ot
718 3105 899 3193 Rectorum,
916 3110 948 3170 et
964 3105 1149 3172 Communis
1177 3103 1227 3169 ci-

95 3213 214 3282 uitatis
243 3211 394 3296 Tragurij
406 3263 415 3296 ,
446 3219 514 3278 tam
538 3212 742 3298 presencium
767 3233 865 3298 quam
895 3211 1094 3296 futurorum,
1111 3217 1143 3278 et
1159 3231 1226 3277 mc·

98 3323 193 3388 xime
223 3317 415 3405 insrasoipta
441 3320 546 3387 forma
577 3321 670 3404 pacis
702 3328 733 3386 et
765 3319 1021 3406 condicionibus,
1055 3318 1228 3385 videlicet:

94 3427 195 3507 Quod
219 3425 296 3493 dicti
320 3429 477 3520 carcerati
504 3429 612 3494 statim
623 3479 632 3514 ,
668 3425 746 3495 dnm
770 3428 907 3495 detracti
932 3426 1050 3494 fuerint
1088 3425 1130 3494 de
1162 3447 1228 3493 car-

95 3556 192 3620 cere,
207 3555 279 3603 cum
306 3533 401 3600 dietis
432 3533 573 3602 Daniele
606 3542 638 3601 et
678 3535 787 3624 Luca,
813 3535 999 3620 promittere
1024 3533 1164 3600 debeant
1194 3541 1227 3599 et

95 3649 215 3727 iurent,
232 3650 320 3710 stare
338 3648 369 3706 ot
394 3641 512 3708 morari
542 3648 679 3724 quatuor
694 3642 789 3710 annis
805 3641 968 3709 continuis
983 3643 1134 3726 Ancono;
1165 3643 1227 3710 hoe

94 3759 246 3836 excepto,
263 3751 350 3833 quod
366 3771 438 3817 oum
458 3751 596 3817 licencia
620 3752 796 3818 Potestatis
823 3752 957 3819 Aneone
976 3749 1071 3817 dictis
1090 3759 1227 3836 quatuor

92 3861 195 3929 annis
205 3859 248 3926 ad
262 3878 471 3943 quascunque
487 3867 597 3945 partes
614 3859 661 3924 ire
677 3861 804 3944 possint
821 3860 864 3925 ad
880 3859 1084 3945 lucrandum,
1104 3867 1230 3946 preter-

93 3987 197 4053 quam
208 3965 250 4032 ad
260 3967 558 4051 partesDalmaoie.
567 3966 673 4034 Dictis
683 3972 790 4034 autem
801 3973 939 4050 quatuor
949 3968 1045 4034 annis
1055 3968 1226 4052 completis

93 4073 265 4142 debebunt
279 4072 429 4139 habitare
444 4073 501 4158 filij
519 4074 635 4140 Jacobi
652 4074 745 4159 Decij
764 4075 798 4138 in
823 4072 934 4155 ladio,
958 4075 1017 4158 filij
1044 4075 1134 4142 Petri
1161 4075 1226 4140 Da·

92 4181 191 4263 matij
210 4179 358 4246 habitare
378 4180 662 4264 debeantinArbi,
679 4181 818 4247 ressidui
838 4200 914 4247 vero
924 4180 1073 4247 habitare
1084 4179 1227 4247 debeant

93 4293 131 4356 in
148 4287 247 4372 Fara,
264 4287 460 4370 temporibus
491 4288 558 4355 vite
583 4307 693 4352 eorum
711 4307 782 4352 cum
815 4288 964 4355 omnibus
996 4287 1037 4354 de
1053 4307 1161 4354 eorum
1177 4289 1224 4354 fa·

94 4395 210 4480 milijs.
227 4392 268 4459 lit
282 4393 368 4477 quod
384 4394 473 4461 nullo
499 4395 594 4460 modo
612 4394 653 4460 de
669 4401 777 4460 cetero
803 4403 993 4480 presumant
1022 4394 1152 4463 realiter
1168 4397 1225 4462 vel

93 4499 315 4590 personaliter
349 4499 521 4586 offendere,
544 4501 597 4566 vel
627 4499 872 4584 quomodolibet
904 4502 1137 4589 dampnifieare
1164 4501 1223 4568 ali·

94 4627 194 4694 quem
226 4607 278 4675 vel
303 4607 432 4689 aliquos
452 4607 492 4676 de
525 4607 703 4694 Tragurio,
736 4629 796 4676 neo
828 4629 937 4679 eorum
964 4611 1051 4676 cinos
1068 4617 1101 4675 et
1133 4607 1225 4676 Oom·

1002 4717 1066 4814 eof
