3138 5164
85 1118 243 1186 Duadolo
267 1120 371 1188 Jonas
395 1124 546 1224 oelcrrczei
570 1125 648 1212 dopo
663 1126 915 1213 'mcpbizottolrot
939 1127 1020 1194 bota
1049 1125 1139 1194 Taua
1162 1127 1217 1190 oci-

519 1233 663 1300 rocdboz.
689 1234 785 1299 1285.

197 1419 364 1490 lohannes
388 1421 560 1492 Dandulus
585 1424 647 1493 Dei
675 1427 789 1512 gracia
813 1427 1025 1496 veneciarum
1050 1435 1110 1496 ete.
1141 1429 1217 1495 Dux

86 1529 311 1616 prudentibus
326 1529 406 1598 viris
431 1530 560 1599 Rectori
586 1539 618 1600 ct
631 1532 845 1603 Vniuersitati
861 1534 1072 1622 Traguricnsi
1089 1533 1219 1602 dilectis

85 1639 156 1707 suis
174 1639 319 1706 salutern
336 1643 368 1704 ei
378 1636 568 1706 dileccionis
577 1639 739 1709 affectum.
754 1643 839 1710 Ecce
855 1643 941 1710 uiros
956 1642 1084 1710 nobiles
1101 1647 1217 1726 etpru·

84 1746 207 1814 dentes
231 1745 376 1813 Marcum
402 1745 616 1814 Treuisaunm
627 1797 637 1832 ,
669 1755 700 1815 et
728 1747 883 1816 Iacobum
907 1747 1064 1830 Miebacl‚
1081 1745 1218 1815 dilectos

83 1855 208 1922 fideles
224 1859 257 1922 et
280 1855 534 1922 ambasciatores
560 1861 687 1923 nostros
710 1857 754 1924 ad
770 1877 828 1925 vos
844 1857 1059 1943 personaliter
1079 1855 1219 1923 destina-

83 1983 181 2046 mus3
199 1957 409 2048 prudenciam
426 1969 567 2029 vestram
583 1969 735 2048 rogantes
753 1973 786 2031 et
810 1965 976 2033 hortantes
992 1970 1123 2052 attente,
1141 1983 1219 2046 qna·

83 2077 185 2137 tonus
203 2089 262 2154 ea,
289 2089 352 2152 que
369 2069 468 2152 ijdem
496 2091 537 2138 ex
552 2077 647 2157 parte
671 2079 784 2140 nostra
807 2071 966 2157 dixerint,
997 2071 1219 2138 indubitanter

83 2175 247 2264 credatis,
264 2180 296 2242 et
313 2177 430 2244 curetis
457 2175 584 2245 effectui
607 2178 814 2246 demandare.
840 2181 962 2245 Datum
988 2177 1020 2243 in
1038 2183 1146 2246 nostro
1163 2176 1219 2246 du·

84 2285 152 2353 eali
171 2285 305 2371 palacio
320 2284 396 2351 XII.
413 2287 560 2374 Augusti,
575 2286 667 2353 XIII.
685 2285 877 2353 indiccione.
894 2283 1023 2386 (1285.)

122 2517 253 2585 (Lucius,
266 2521 309 2571 De
321 2521 402 2573 rebus
413 2520 569 2574 Dalmatiae
580 2527 607 2574 et
619 2521 745 2574 Oroattae
757 2521 821 2574 libri
834 2536 890 2591 aex,
902 2519 970 2574 Boos
985 2521 1063 2574 lucu.
1079 2522 1139 2574 178.
1152 2520 1183 2587 l.)

556 2801 765 2818 --,„„.--„..„.-.

202 3489 326 3558 Mitior
350 3493 456 3556 recidor·
480 3491 605 3575 Laetoy
631 3492 784 3578 belyacpdt
809 3515 831 3555 o
846 3491 993 3576 aalays·
1018 3488 1225 3576 apcitsdpaak

478 3599 729 3686 odomdrryozza.
747 3599 849 3664 1285.

204 3811 368 3893 Quoniam
384 3818 467 3882 teste
483 3811 655 3898 sapiencia
669 3813 827 3880 bonorum
843 3829 979 3898 operum
994 3809 1156 3895 gloriosus
1172 3815 1225 3880 ert

83 3929 233 4008 fructus,
250 3927 341 3987 tanto
358 3921 496 4004 quisque
510 3919 544 3985 in
561 3925 670 3987 eterne
686 3917 846 3987 claritatis
854 3939 955 4004 regno
972 3918 1143 4002 gloriosior
1152 3938 1226 3986 con·

84 4031 252 4111 stituitur³
269 4035 391 4113 quanto
406 4047 492 4094 nunc
508 4027 541 4093 in
551 4027 703 4114 operibus
717 4027 812 4096 bonis
826 4026 1009 4112 religiosior
1025 4032 1058 4093 ct
1073 4024 1228 4094 deuooior

85 4139 274 4209 inuenitur.
292 4134 410 4203 Fallax
436 4147 557 4215 antem,
583 4136 680 4202 immo
702 4135 801 4202 nulla
825 4140 874 4201 cst
898 4133 1017 4218 gloria,
1045 4152 1142 4216 quam
1161 4154 1228 4202 non

86 4251 262 4319 sincerum
299 4244 406 4310 sancti
440 4245 549 4330 operis
575 4244 723 4312 meritum
748 4241 934 4328 parturiuit.
966 4241 1090 4308 Harum
1116 4259 1223 4307 rerum

86 4361 190 4428 clara
206 4352 472 4422 consideracione
487 4353 626 4440 permoti
642 4372 702 4420 nos
719 4350 886 4439 Nycolaus
914 4349 1029 4417 Comes
1056 4345 1228 4415 Palatinos

88 4466 187 4534 lilius
203 4460 350 4528 Heinrici
367 4461 530 4544 quondam
554 4463 637 4528 Bani
663 4469 730 4528 tam
756 4459 961 4546 presentibus
986 4477 1082 4541 quam
1107 4453 1226 4520 fotuns

88 4575 268 4651 hominum
284 4549 643 4666 generacionibus'sueri
668 4568 816 4662 cupimus
840 4566 1057 4654 manifestum,
1082 4559 1170 4654 quod
1194 4558 1229 4633 ia
