3146 5166
805 275 963 377 ..5444-

324 466 532 555 (lrevetlreuilr
549 487 587 533 aa
611 469 803 553 esztergami
828 467 1057 553 kaptalannalr
1082 468 1247 554 ckmtuya
1270 466 1352 534 mint
1375 465 1439 534 len·

322 577 410 643 tebb.
422 579 487 646 386
498 595 541 641 sn.
552 573 598 662 a.)

429 683 602 750 Pecierunt
618 682 728 766 itaque
744 679 845 766 ijdem
861 681 1026 748 Adrianus
1043 688 1076 748 et
1099 681 1257 765 Magister
1281 681 1433 769 Anyanus

321 787 451 856 anobis
465 789 635 876 instanter,
652 787 808 874 dicentes,
825 787 911 870 quod
927 809 1000 854 cum
1015 787 1193 874 predictum
1219 787 1437 856 concambium

320 903 482 962 terrarum
497 894 757 981 supradictarum
771 895 875 980 ipsius
891 895 1028 962 Adriani
1046 903 1080 962 et
1097 895 1215 980 prefati
1242 895 1434 981 Strigouieu·

320 1005 366 1070 sis
392 1002 537 1088 Capituli
561 1002 756 1088 processerit
779 1003 821 1069 de
846 1021 991 1070 consona
1017 1010 1055 1070 et
1078 1002 1235 1070 beniuole
1260 1005 1433 1088 uoluntate,

319 1113 524 1196 prenotatum
549 1108 755 1194 priuilegium
779 1107 922 1196 Capituli
946 1108 1179 1194 strigoniensis
1220 1110 1254 1178 iu
1278 1111 1436 1195 publicam

321 1215 458 1282 formam
473 1215 576 1284 nostri
591 1215 753 1300 priuilegij
781 1217 956 1283 transcribi
981 1224 1013 1283 et
1037 1215 1136 1284 inseri
1160 1215 1350 1286 laceremus.
1378 1217 1439 1284 Nos

320 1328 429 1389 autem
445 1321 639 1406 peticionem
653 1341 765 1390 eorum
781 1322 1025 1391 considerantes
1035 1341 1106 1390 esse
1122 1342 1299 1407 congruam
1310 1324 1437 1406 racioui,

322 1429 501 1518 predictum
517 1427 725 1514 priuilegium
741 1429 783 1497 de
797 1430 897 1497 uerbo
913 1429 958 1495 ad
974 1431 1108 1498 uerbum
1132 1429 1320 1514 redigentes
1343 1431 1378 1496 in
1401 1437 1440 1496 te·

320 1557 432 1606 norem
447 1535 657 1622 presencium,
675 1535 946 1619 quemadmodum
961 1545 1011 1605 est
1030 1536 1233 1624 premissum,
1262 1535 1365 1621 sigilli
1388 1555 1439 1602 no·

322 1644 381 1710 stri
413 1642 614 1730 appensione
647 1643 799 1712 duximus
833 1651 1014 1730 presentem
1039 1643 1193 1730 paginam
1218 1642 1441 1712 roborandam.

324 1751 449 1816 Datum
465 1769 551 1817 anno
566 1756 599 1816 et
615 1749 667 1816 die
692 1751 842 1836 superius
858 1750 1034 1819 annotatis.

412 1963 464 2028 (Aa
479 1963 579 2018 eredeti
589 1961 658 2016 utin
672 1965 770 2017 Kuaua
783 1959 895 2018 Nandor
907 1963 1022 2031 Magyar
1035 1965 1100 2016 Sion
1112 1965 1164 2016 111.
1177 1963 1234 2015 ket.
1248 1965 1309 2016 706.
1323 1965 1354 2030 l.)

852 2759 929 2829 394.

327 2959 416 3023 Trea
432 2962 525 3024 coroa
540 2958 666 3044 kdasopi
683 2958 952 3044 hatdroamdayoe‘
981 2956 1050 3023 teht
1064 2955 1202 3022 odacald
1211 2959 1333 3044 polpdr
1346 2964 1445 3026 aem-

666 3067 783 3130 caecae
799 3063 990 3150 tdrpyo‘doa.
1007 3060 1106 3127 1290.

352 3323 354 3333 ,
429 3256 525 3325 Auno
541 3255 728 3324 ΜΟΟΟἯΟο
744 3257 798 3324 die
813 3257 949 3344 septimo
965 3257 1086 3326 mensis
1111 3255 1237 3342 Marcij.
1267 3257 1382 3327 Actum
1408 3263 1442 3327 in

323 3366 454 3452 palacio
465 3364 616 3432 Ciuitatis
626 3365 1088 3451 Traguriensis;presentibus
1098 3363 1226 3432 domino
1236 3367 1364 3434 Donato
1388 3367 1445 3434 do

324 3475 404 3540 mini
430 3471 543 3540 Nicole
565 3471 797 3556 examinatore,
812 3469 951 3539 dominia
967 3473 1072 3540 Dassa
1087 3470 1256 3556 Amblasij,
1270 3473 1359 3539 Luca
1381 3475 1446 3540 lla-

320 3579 402 3664 thei,
420 3577 594 3645 Valentino
611 3576 788 3664 Oasariaae,
805 3585 838 3646 et
848 3579 1078 3664 aiijspluribns
1087 3579 1236 3666 testibus,
1247 3579 1315 3666 hijs
1325 3580 1447 3647 vocatis

317 3692 350 3754 et
366 3684 498 3770 rogatis.
514 3683 598 3762 Quia
612 3685 740 3772 Petrus,
755 3687 872 3767 Lucas,
887 3686 1027 3771 Zamnes,
1042 3687 1269 3754 Martiuossius
1296 3696 1330 3753 et
1362 3689 1446 3754 liar-

318 3793 453 3880 garitus‚
470 3792 526 3878 filij
545 3792 710 3878 quondam
725 3791 842 3859 Jacobi
857 3789 950 3876 Decij
969 3791 1010 3859 de
1033 3792 1202 3877 Tragurio,
1221 3794 1255 3860 in
1285 3813 1393 3862 eorum
1410 3796 1446 3859 li·

316 3903 443 3968 bertate
457 3898 590 3986 propria
605 3900 783 3966 existentes
800 3919 909 3966 coram
926 3918 976 3964 me
991 3899 1140 3981 Notario,
1163 3898 1262 3966 dictis
1280 3903 1445 3968 examina·

318 4011 388 4072 tore
418 4011 451 4072 et
474 4005 611 4072 testibus
643 4025 719 4074 vere
734 4007 937 4091 confitentur,
955 4005 1125 4073 affirmant
1142 4011 1174 4072 et
1190 4015 1347 4093 asserunt,
1363 4009 1447 4093 quod

320 4113 471 4181 dominus
487 4111 580 4180 Vitus
595 4113 690 4180 Oerni
706 4113 746 4182 de
762 4113 878 4180 ladria
893 4134 953 4182 suo
968 4114 1097 4181 nomine
1125 4135 1184 4200 pro
1199 4114 1230 4178 D
1274 4114 1384 4199 libris,
1414 4122 1448 4179 ct

320 4217 539 4304 procuratorio
555 4220 685 4286 nomine
701 4217 822 4285 domini
853 4219 958 4285 lliche
982 4219 1172 4287 Martinossi
1198 4219 1241 4286 de
1265 4217 1365 4286 Jadra
1387 4239 1446 4304 pro

321 4326 354 4392 M
369 4325 471 4410 libris,
487 4324 707 4393 Preuoslauus
718 4325 871 4394 Dobralis
888 4345 947 4409 pro
964 4325 1101 4410 Olibris,
1120 4324 1246 4392 llilcius
1261 4326 1367 4392 Desse
1388 4345 1448 4410 pro

319 4427 462 4514 (llibris,
487 4436 520 4496 et
546 4429 704 4516 dompnus
731 4430 894 4498 Volcinna
917 4431 1139 4516 procuratorio
1164 4433 1293 4497 nomine
1319 4429 1447 4496 domine

319 4533 474 4602 Jacobine
490 4555 548 4602 sue
562 4539 674 4604 matris
691 4557 749 4623 pro
766 4537 791 4603 0
808 4538 911 4626 libris,
928 4537 1077 4624 Duymus
1094 4537 1214 4622 Gaudij
1231 4557 1290 4623 pro
1306 4535 1447 4626 (iliosis,
