3080 5160
779 204 937 303 4496„-

291 410 377 492 runt,
402 405 486 474 sieut
509 401 595 469 idem
618 375 715 468 bomo
741 403 852 466 noster
877 397 970 483 dixit,
996 415 1189 464 eonsensum
1215 395 1418 481 prebuissent

291 513 479 582 beniuolum
505 517 537 578 et
561 509 719 578 fauorem.
744 505 936 592 obligantes
951 523 987 572 se
1002 503 1231 574 nichilominus
1246 501 1346 590 ijdem
1361 502 1417 571 On-

161 699 163 704 ,
292 621 393 706 meni,
418 617 506 702 quod
530 618 561 684 si
585 633 739 701 prooessu
763 621 946 700 temporum
968 611 1085 680 eudem
1099 617 1195 697 terre,
1212 631 1270 696 per
1287 612 1415 680 eosdem
1526 659 1527 680 r

291 725 433 810 uendite,
443 725 485 791 ab
501 721 624 792 eisdem
639 720 793 804 Magistro
810 719 974 787 Miohsele
1000 725 1033 785 et
1057 713 1222 804 Furossio,
1239 720 1294 785 uel
1310 721 1413 787 esuis
1526 705 1527 756 3

291 830 475 918 heredibus,
495 849 554 916 per
573 827 759 913 quempian
775 827 921 893 renouari
946 825 1113 905 niteretur,
1131 825 1184 908 uel
1199 825 1338 894 inlitum
1353 833 1414 893 tre

293 941 441 1021 neretum
469 937 606 1022 sepefati
631 934 767 1002 Cumani
790 939 948 1000 eteorum
973 952 1178 1001 suceessores
1202 934 1292 1020 ipsos
1318 934 1417 1018 llsgi·

294 1053 394 1113 strum
420 1042 610 1110 Miohsdem
637 1044 670 1106 st
683 1039 882 1125 Forossinm,
899 1057 940 1104 se
955 1057 1066 1105 eorum
1081 1039 1227 1124 heredes,
1242 1037 1412 1107 defendere

177 1163 182 1174 '
295 1157 490 1237 tenerentur,
515 1149 629 1218 eedem
654 1154 742 1215 terre
765 1147 801 1212 in
826 1145 878 1214 ins
904 1153 1091 1232 perpetuum
1116 1144 1293 1213 eorundem
1316 1165 1416 1213 rems·
1526 1143 1527 1166 ¹

294 1266 401 1328 neute.
413 1259 511 1326 Cuius
521 1253 652 1340 quidem
662 1260 748 1321 terre
757 1259 861 1322 rnetee
870 1251 957 1340 (tgy)
970 1253 1031 1319 boo
1046 1253 1160 1322 ordine
1175 1252 1418 1336 distinguntur:
1526 1327 1527 1354 ἶ

294 1366 405 1434 Primo
429 1371 517 1432 mets
536 1361 652 1446 inoipit
666 1381 688 1428 s
702 1365 796 1447 purte
827 1359 987 1445 orientali,
1013 1359 1069 1426 ubi
1085 1366 1159 1428 sunt
1175 1367 1281 1428 metee
1297 1362 1414 1446 ospita-
1526 1355 1527 1444 l

295 1475 344 1541 les
352 1478 438 1540 terre
447 1469 594 1538 Nimthin
604 1476 637 1538 et
646 1471 821 1552 Veueqnen
831 1467 924 1535 iuxta
938 1485 1090 1552 magnum
1106 1469 1206 1556 niem,
1221 1488 1285 1552 que
1299 1468 1418 1536 uadits

223 1651 227 1660 ,
294 1578 443 1648 Merouth
453 1576 487 1644 in
497 1576 691 1644 Oomitutum
700 1575 799 1658 Bors;
816 1593 874 1660 per
890 1573 1026 1640 eundem
1040 1592 1191 1658 msgnmn
1206 1577 1296 1644 uiam
1310 1583 1411 1644 usus·
1526 1575 1527 1592 ³

293 1685 389 1754 isndo
414 1685 562 1771 peruenit
585 1683 629 1750 sd
652 1701 751 1750 unum
775 1681 924 1748 arborem
939 1680 1036 1764 diois,
1054 1680 1160 1748 eundo
1176 1681 1261 1750 inter
1277 1683 1408 1768 plegem

296 1793 506 1875 orientalem
531 1797 563 1858 et
596 1790 674 1858 inde
707 1786 881 1856 deseendit
898 1788 941 1856 ud
967 1785 1083 1874 ludum]
1105 1789 1273 1858 Rasniebe
1297 1799 1410 1858 nouato

296 1895 392 1985 (tgy),
418 1897 463 1966 ibi
483 1897 669 1966 transiendo
683 1897 835 1983 peruenit
850 1895 893 1964 ad
908 1893 1118 1964 iontioulum:
1145 1895 1265 1963 deinde
1284 1917 1415 1984 progre-

297 2003 416 2087 diendo
431 2025 489 2092 per
513 2023 611 2071 unam
626 2005 750 2072 uallem
765 2003 989 2089 uirgultorum,
1006 2003 1063 2070 nbi
1079 2003 1137 2070 sub
1154 2001 1282 2071 duabus
1299 2005 1418 2072 erboni-
1526 2065 1527 2100 p

300 2112 361 2179 bus
387 2111 473 2180 ilieis
497 2117 545 2178 est
568 2131 689 2196 magus
711 2119 800 2180 mete
824 2118 947 2194 torree;
966 2108 1086 2176 deinde
1101 2111 1249 2179 aseendit
1264 2111 1309 2178 ad
1326 2133 1419 2180 unum

230 2256 232 2262 ·
299 2219 509 2286 montieulum
533 2237 635 2303 nsque
649 2217 828 2304 meridiem,
854 2218 909 2284 ubi
936 2219 1101 2302 eontignut
1116 2223 1201 2284 terre
1217 2218 1326 2287 (lustri
1341 2221 1415 2288 Bor·
1526 2235 1527 2324 ζ

297 2325 423 2412 siensis,
434 2343 497 2410 que
511 2323 630 2392 dieitur
645 2329 735 2391 terrs
749 2324 851 2410 Jnrk3
866 2323 984 2392 deinde
999 2325 1090 2392 iuste
1105 2323 1286 2411 predietum
1302 2337 1419 2394 terrum
1526 2337 1527 2340 ’

296 2432 381 2500 Jurk
396 2431 570 2514 deseendit,
595 2430 651 2518 ubi
666 2433 814 2518 peruenit
829 2432 917 2498 uiam
932 2449 1097 2518 magnum,
1114 2452 1171 2518 per
1186 2451 1285 2516 quam
1301 2436 1365 2500 itur
1380 2432 1421 2498 ud

297 2540 390 2624 Burs,
417 2537 522 2606 eundo
547 2559 605 2624 per
629 2537 767 2606 eundem
791 2538 878 2606 uiam
899 2538 980 2606 sutis
995 2537 1030 2604 in
1046 2540 1135 2606 bons
1149 2538 1352 2624 quantitate5
1367 2541 1417 2606 de·

296 2643 385 2716 inde,
398 2643 464 2712 exit
487 2643 530 2712 de
550 2645 606 2712 uis
622 2665 724 2730 usque
739 2645 994 2730 oooidentalem3
1010 2643 1128 2713 deinde
1143 2647 1252 2714 eundo
1268 2648 1355 2716 inter
1368 2668 1417 2714 oe·

210 2765 212 2768 ·
298 2748 496 2818 eidentslem
522 2757 555 2818 et
578 2744 1048 2837 septemtrionalem'perneuit
1064 2751 1107 2818 sd
1123 2751 1354 2838 montienlum;
1370 2755 1422 2821 de·

295 2856 373 2924 inde
397 2856 566 2926 deseendit
589 2857 634 2926 sd
657 2860 765 2927 laeum
791 2857 979 2945 prodietum,
1004 2859 1060 2924 ubi
1083 2861 1201 2928 trsnsit
1225 2861 1270 2928 ed
1291 2862 1421 2929 arbores

193 3065 194 3068 Ἴ
296 2985 491 3050 prunarum
520 2965 637 3032 deiude
653 2967 803 3034 aseendit
826 2966 868 3032 ad
898 2966 1117 3054 monticulum,
1143 2972 1176 3033 et
1201 2969 1353 3053 peruenit
1376 2969 1417 3034 sd
1526 2969 1527 3022 l

297 3075 441 3140 erbonem
465 3074 545 3158 piri3
571 3073 689 3142 deinde
713 3073 804 3140 uadit
829 3074 873 3140 sd
897 3079 1028 3160 metam,
1053 3093 1116 3157 que
1134 3073 1250 3142 attinet
1264 3077 1310 3142 sd
1325 3079 1421 3144 Vene-

298 3199 402 3266 quem,
427 3199 501 3263 que·
514 3185 564 3248 est
587 3179 681 3246 iuxta
698 3181 892 3264 virgultum
908 3180 1027 3248 deinde
1042 3181 1207 3250 transiens
1223 3181 1267 3246 sd
1291 3181 1423 3268 plegem

298 3287 596 3371 septemtrionalem
611 3285 654 3354 de
670 3294 756 3355 mets
772 3287 815 3354 ad
830 3295 1067 3372 notamusque
1082 3287 1127 3355 ad
1140 3288 1277 3375 primam
1292 3295 1422 3372 metam,
1526 3289 1527 3360 ζ

302 3411 364 3476 que
387 3394 475 3461 iuuet
498 3394 589 3460 iuxta
614 3394 881 3480 magnum-uiam
916 3415 1031 3463 uersus
1055 3398 1188 3482 plagam
1213 3395 1422 3479 orientalem
1526 3413 1527 3470 ζ

298 3500 409 3584 ibique
425 3502 624 3568 terminetur.
641 3503 681 3570 ln
697 3503 788 3570 euius
805 3502 851 3570 rei
875 3503 1062 3570 memorium
1081 3510 1248 3589 presentes
1265 3501 1421 3571 eoncessi-

299 3625 372 3672 mus
397 3606 534 3693 litteras,
562 3609 663 3692 sigilli
687 3609 790 3676 nostri
815 3611 991 3678 munimine
1013 3612 1192 3680 roboratas.
1209 3613 1332 3678 Datum
1347 3609 1420 3678 VII.

299 3711 373 3778 idus
398 3714 519 3782 mensis
542 3716 665 3800 Aprilis
691 3736 777 3783 anuo
801 3717 931 3784 Domini
947 3717 1118 3786 millesimo
1133 3717 1210 3785 0⁰0⁰
1226 3717 1422 3802 octagesimo

300 3826 423 3904 quarto.
449 3821 594 3890 Eeelesie
618 3829 727 3892 nostre
750 3825 887 3892 Leetore
911 3824 1067 3908 Magistro
1092 3824 1325 3894 Bartholomeo
1358 3826 1423 3892 exi·

298 3932 412 3994 stente.

558 4057 588 4122 A
848 4060 875 4124 Β
1134 4059 1160 4126 O

396 4175 445 4246 (As
460 4180 561 4236 sredsti
573 4177 639 4234 utin
651 4185 748 4236 Knsus
761 4181 870 4238 Nbudor
884 4187 1000 4252 Mugysr
1012 4183 1077 4238 Sion
1090 4185 1139 4237 ΠΙ.
1153 4184 1210 4235 ket.
1224 4185 1288 4236 644.
1301 4185 1332 4250 l.)

751 4473 964 4488 m
