3080 5160
822 277 975 378 34⁶.--

338 471 456 540 (losma
470 473 601 542 Deoano
618 472 850 560 existentibus,
866 493 952 542 anno
967 472 1100 540 Domini
1114 469 1224 540 ll⁰cc⁰
1235 468 1437 555 ootnagesiuo

336 581 488 651 seeundo.

565 763 596 831 Α
779 763 806 829 Β
989 761 1014 829 0
1196 763 1225 828 D

336 941 476 1008 (Erodotlo
487 941 652 1013 bdrhdrtytn
662 960 712 1012 με
723 945 816 997 annali
830 941 929 1000 hatita
941 949 1066 1010 nyomott
1078 941 1171 1011 posset
1182 944 1314 999 elrooaett
1324 962 1331 1008 ς
1343 959 1361 996 a
1375 943 1441 994 bodri

692 1037 744 1090 kir.
765 1035 888 1090 marsi
908 1030 1099 1102 lsrdltdrban.)

797 1317 1006 1334 5—-

858 1793 935 1862 alo.
980 1803 982 1808 '

339 1997 371 2064 A
396 2001 588 2067 kereazleaelo
614 2003 800 2085 araterpumi
823 1999 1052 2085 amuentje'net
1075 1997 1355 2084 bizoaysdpleoede,
1381 1997 1449 2079 kopp

339 2109 483 2176 Marozel
499 2109 683 2194 araterpami
698 2107 882 2174 drkonooole
897 2132 918 2172 a
928 2095 1059 2192 Beroay
1067 2105 1178 2192 fo'ldet
1195 2107 1354 2193 to'rqyazo
1366 2101 1448 2168 1274.

516 2215 565 2280 e'oi
579 2215 633 2284 54.
649 2239 692 2282 aa.
709 2241 739 2282 a.
757 2215 940 2283 daoaoube'r't
955 2219 1172 2302 mepujt'tottu.
1190 2213 1288 2280 1282.

448 2429 515 2498 Nos
546 2429 661 2497 Frater
690 2429 880 2498 Dominious
912 2429 1068 2516 Magister
1099 2439 1132 2497 et
1163 2436 1247 2497 totns
1279 2427 1452 2496 Conuentus

339 2535 452 2604 Sancti
466 2538 564 2621 Regis
582 2535 738 2620 Stephani
762 2537 803 2602 de
819 2537 983 2623 Strigonio
998 2537 1217 2622 significamus
1233 2535 1350 2620 quibus
1367 2555 1454 2618 expe-

340 2645 388 2712 dit
403 2651 512 2713 tenore
528 2647 728 2730 presenoiom
745 2644 904 2714 uniuersis
920 2671 927 2712 :
954 2646 1041 2729 quod
1057 2646 1216 2713 discretus
1233 2643 1455 2712 virllareellus

342 2753 461 2822 Custos
486 2753 634 2821 Eeclesie
658 2754 891 2838 strigoniensis
916 2755 959 2821 ad
983 2755 1183 2840 presenciam
1209 2762 1355 2820 nostram
1374 2771 1455 2818 aeeo-

341 2863 432 2948 dens,
448 2869 568 2930 terram
578 2882 669 2930 snam
679 2863 892 2931 custodialem
909 2847 1006 2930 Berin
1021 2869 1180 2945 vocatam,
1201 2863 1299 2930 sitam
1314 2865 1349 2928 iu
1365 2861 1456 2928 Comi·

341 2979 411 3039 tatu
435 2971 680 3056 Neugradiensi,
703 2971 824 3039 locauit
839 2973 943 3039 tribus
959 2970 1167 3039 Theotoniois
1195 2971 1308 3036 llunoh
1326 2971 1457 3050 uooatis,

340 3089 371 3147 et
395 3079 566 3148 Frederioo
590 3078 656 3147 lilio
681 3079 868 3163 Beringeur,
895 3077 1042 3164 Albreht,
1072 3079 1184 3147 lienoh
1211 3079 1380 3164 Hungaro,
1399 3079 1457 3162 Ly·

339 3189 449 3276 poldo,
461 3187 625 3280 Wygman
636 3187 755 3274 villino,
766 3185 946 3274 Rodolpho,
956 3187 1082 3271 Vrnioo,
1096 3185 1275 3268 Walouloh,
1287 3173 1321 3254 et
1330 3185 1457 3265 Detroh,

341 3295 522 3383 hospitibus
547 3295 590 3362 de
614 3297 696 3362 nilla
720 3298 801 3363 Ineu
827 3294 1053 3380 iobagionibus
1069 3293 1216 3380 Magistri
1232 3293 1459 3378 Bartholomel,

342 3403 384 3470 ad
401 3403 642 3472 conducendum
662 3405 764 3492 ipsam
781 3413 901 3473 terram
927 3403 1107 3472 constitutis
1123 3405 1342 3490 personaliter
1358 3421 1459 3470 eoram

341 3513 456 3597 nobis;
474 3512 662 3581 eondioione
677 3513 861 3581 huiusmodi
876 3513 1050 3598 mediante,
1068 3522 1102 3580 ut
1118 3511 1255 3600 predicti
1272 3511 1463 3581 Theotonioi

345 3621 441 3688 annis
466 3621 612 3708 singulis,
631 3621 784 3706 quamdiu
809 3623 915 3708 ipsam
939 3629 1059 3688 terram
1073 3623 1236 3708 tenebunt,
1251 3622 1382 3707 prefato
1398 3623 1459 3687 Cu-

342 3730 428 3797 stodi
443 3736 508 3798 tres
524 3749 651 3798 mareas
667 3730 724 3797 fini
740 3732 879 3816 argenti,
891 3730 945 3796 uel
961 3727 1112 3823 denarios
1130 3729 1259 3796 usuales
1275 3731 1358 3796 tanti
1379 3731 1464 3796 ualo-

342 3840 397 3924 ris,
421 3847 453 3906 et
469 3859 574 3906 ceram
590 3839 746 3926 ponderis
762 3839 898 3924 triginta
915 3857 1107 3925 marearum,
1123 3836 1254 3904 infesto
1270 3836 1463 3904 Natiuitatis

343 3947 444 4015 Beate
471 3945 617 4031 Virginis
642 3949 778 4035 aoluent,
804 3956 839 4016 ut
861 3952 1114 4034 assumpserunt,
1140 3954 1173 4013 et
1195 3946 1230 4012 in
1250 3947 1366 4014 eodem
1383 3945 1464 4013 testo

340 4052 531 4122 Natiuitatis
557 4056 657 4123 Beate
682 4057 835 4144 Virginis,
855 4077 915 4124 neo
929 4077 993 4123 uon
1009 4056 1043 4121 in
1059 4055 1297 4124 festiuitatibus
1314 4056 1423 4123 Pasoe
1441 4061 1470 4118 et

310 4232 312 4237 ,
342 4166 549 4232 Penteoostes
573 4165 743 4232 annuatim
771 4165 916 4252 singulos
936 4185 1039 4251 agnos
1056 4164 1194 4250 pinques
1210 4183 1278 4248 sex,
1294 4181 1471 4246 omoeoque

343 4278 446 4345 bonos
460 4277 525 4363 ipsi
541 4271 674 4343 Custodi
691 4275 725 4340 in
741 4271 870 4359 signum
886 4271 1028 4340 muneris
1055 4271 1203 4356 offerent,
1220 4277 1252 4337 et
1267 4271 1349 4340 dare
1366 4279 1474 4340 tenen·

343 4393 413 4469 tor;
429 4383 588 4454 incursuri
604 4401 721 4470 penam
738 4381 840 4469 dupli,
865 4384 893 4450 si
910 4381 1044 4467 aliquod
1062 4379 1278 4466 predictorum
1295 4399 1362 4447 non
1380 4379 1474 4448 dedo·

343 4493 408 4558 rint
424 4491 457 4557 in
472 4490 617 4559 terminis
632 4495 666 4558 et
680 4489 912 4558 festiuitatibus
927 4487 1138 4576 supradietis;
1157 4496 1189 4554 et
1205 4487 1442 4556 nichilominus
1457 4509 1474 4552 a

344 4597 512 4665 looaoione
536 4596 682 4681 predlote
707 4603 793 4664 terre
807 4596 954 4667 mouerint
968 4615 1004 4665 ao
1019 4615 1163 4666 oasuros.
1179 4598 1218 4663 ln
1235 4597 1332 4664 ouius
1354 4598 1409 4665 rei
1427 4615 1474 4663 me
