3080 5160
345 1275 376 1342 A
396 1277 508 1365 pdpoc'
531 1231 670 1344 ciceion
685 1299 707 1340 a
722 1275 1003 1343 comokooendtok
1018 1280 1205 1363 ecaterpcmi
1219 1277 1385 1367 templonio
1396 1281 1449 1342 esct-

613 1390 709 1450 mdra
724 1386 836 1452 batem
852 1385 1094 1473 enpeddlyeznelr.
1105 1385 1204 1450 1284.

457 1615 628 1684 Uniuersis
639 1613 761 1683 Christi
770 1615 930 1700 fidelibus,
940 1622 1109 1702 presentes
1124 1617 1251 1684 litteras
1267 1617 1452 1701 inspecturis,

344 1723 556 1810 permissione
565 1719 806 1810 Diuuinadgy)
818 1723 1017 1791 Cuillermus
1028 1721 1270 1808 Corinthiensis,
1280 1721 1452 1809 Rayualdus

345 1831 574 1918 Messanensis,
602 1831 717 1897 Petrus
740 1829 936 1898 Arboreusis
961 1829 1215 1917 Archiepiscopi,
1240 1831 1357 1898 Petrus
1372 1827 1453 1894 Heio·

346 1939 452 2005 censis
464 1937 517 2024 (l),
527 1937 722 2005 Vincentius
732 1937 982 2024 Portugalensis,
993 1937 1145 2005 Herricus
1162 1938 1321 2025 Saxenas,
1338 1941 1453 2006 Bemnr-

346 2046 407 2112 dus
423 2045 601 2133 Humanas,
619 2045 760 2131 Symeon
775 2045 1262 2130 Balneoregensrs,uu010meus
1279 2046 1454 2112 Sardameu·

347 2153 402 2238 sis,
435 2153 557 2220 Acems
582 2152 824 2238 Wexionensis,
851 2153 1002 2220 Andreas
1026 2152 1203 2238 Asloensis,
1229 2152 1367 2221 Cbcrtus
1397 2153 1454 2218 Clu-

349 2259 475 2347 siensis,
493 2259 599 2327 Cnido
620 2259 801 2346 Papicusis,
817 2257 1027 2326 Gerahardus
1044 2257 1335 2345 Brandbnrgensie,
1353 2259 1453 2328 Arado·

348 2367 399 2433 lus
425 2365 606 2452 Ouetcusis‚
631 2367 790 2434 Robertus
813 2366 979 2450 Rorensis,
1004 2367 1196 2434 Aredcrious
1212 2365 1454 2452 Senogalicnsis,

327 2471 510 2541 Criandus
535 2470 740 2560 spoletanae,
757 2473 879 2540 Paulus
893 2471 1127 2558 Tripolitanos,
1145 2473 1389 2541 Bartholomcus
1403 2473 1456 2538 dn·

344 2579 535 2662 teradcnsis,
559 2579 745 2646 Bemnrdus
770 2579 956 2663 Perusinus,
976 2579 1086 2646 Bonus
1103 2579 1272 2647 lohannes
1289 2579 1455 2647 Baculanur

344 2685 509 2773 Episcopi,
528 2685 667 2752 salutem
683 2686 717 2751 in
733 2686 879 2753 Domino.
895 2685 986 2752 Licet
1001 2686 1039 2773 is,
1057 2685 1098 2752 de
1115 2687 1206 2753 cuius
1222 2705 1357 2754 munere
1367 2686 1451 2770 uenit

344 2799 380 2858 ut
396 2793 461 2858 sibi
477 2813 498 2858 a
513 2792 665 2859 fidelibus
681 2793 749 2860 suis
767 2792 865 2876 digne
881 2811 920 2857 ac
945 2791 1156 2860 laudabiliter
1170 2795 1342 2878 sarciatur,
1359 2795 1397 2861 de
1410 2787 1454 2858 ha·

346 2897 531 2966 bundancia
556 2899 688 2983 pietatis
714 2919 772 2966 suc
797 2902 912 2966 merita
936 2900 1094 2984 suplicum
1127 2901 1291 2968 excedens
1317 2909 1350 2967 et
1382 2909 1456 2984 uota,
1515 2911 1516 2984 3

304 3021 308 3030 '
344 3007 427 3072 bene
450 3007 665 3075 seruientibus
681 3007 783 3072 multo
800 3006 924 3073 maiora
940 3007 1070 3090 tribnat,
1087 3026 1183 3090 quam
1199 3008 1333 3074 ualeant
1347 3028 1456 3094 prome·
1515 2991 1516 2994 ¹

344 3112 424 3192 reri:
452 3113 677 3181 desiderantes
703 3119 814 3179 tamen
838 3113 976 3180 reddere
992 3113 1130 3180 Domino
1147 3115 1303 3199 populum
1320 3122 1457 3199 acceptu·
1515 3143 1516 3146 ¹

344 3220 453 3300 bilem,
480 3221 595 3288 fideles
621 3219 740 3287 Christi
767 3221 808 3286 nd
826 3221 1094 3306 complacendum
1108 3222 1147 3307 ei,
1164 3221 1258 3304 quasi
1276 3222 1457 3305 quibusdam

343 3327 505 3393 allectiu'us
532 3326 971 3412 muneribussindulgenciis
997 3327 1152 3395 videlicet
1177 3335 1209 3395 et
1226 3329 1458 3396 remissionibus

343 3433 516 3500 salubriter
532 3435 718 3518 incitamus,
734 3443 770 3500 ut
787 3435 905 3500 exinde
920 3433 1097 3500 reddantur
1109 3435 1229 3501 Diuinc
1244 3439 1352 3518 gratie
1368 3435 1459 3521 aptio·
1515 3427 1516 3446 ³

343 3559 405 3606 res.
432 3539 608 3627 Cupientes
632 3542 743 3626 igitur,
768 3548 804 3606 ut
830 3542 979 3608 Ecclesia
1006 3543 1153 3608 Fratrum
1179 3543 1460 3610 Prcdicatornmiu
1515 3597 1516 3654 p

345 3647 486 3714 Ciuitate
511 3648 727 3730 strigoniensi
753 3649 904 3732 congruis
919 3651 1095 3716 honoribus
1113 3650 1353 3735 frequentetur3
1369 3649 1459 3715 omui·
1515 3661 1516 3702 t

336 3755 403 3822 bus
429 3776 507 3823 uere
533 3756 751 3840 penitentibus
777 3763 810 3820 et
833 3755 1009 3843 confessis,
1042 3758 1098 3839 qui
1116 3757 1159 3821 ad
1177 3759 1351 3824 ecclesiam
1366 3759 1460 3842 ipsam

342 3863 376 3927 in
392 3862 484 3930 festis
500 3862 702 3948 subscriptis,
720 3861 875 3928 videlicet
890 3863 923 3928 in
939 3863 991 3928 die
1010 3861 1264 3950 (dedica)eionis
1281 3871 1315 3931 ct
1329 3864 1363 3930 in
1379 3861 1460 3930 anui·
1515 3853 1516 3888 ἢ

342 3972 489 4036 uersario
502 3971 656 4056 eiusdem,
668 3972 701 4036 in
713 3970 795 4037 festo
805 3971 899 4038 Beati
914 3968 1002 4036 Petri
1019 3971 1169 4056 martiris,
1183 3971 1216 4036 iu
1227 3969 1322 4046 iestis
1339 3971 1461 4036 Sancto·

345 4097 416 4142 rum
428 4075 706 4146 Confessorum-
720 4115 755 4125 -
767 4113 798 4125 -
811 4115 854 4140 .-
865 4077 1026 4144 Dominici
1040 4083 1071 4145 et
1083 4077 1226 4164 Martini,
1239 4075 1288 4164 (in
1298 4079 1382 4145 festo
1392 4077 1462 4143 Sau-

343 4183 570 4267 cte)Katcrinc
582 4184 724 4268 Virginis
736 4193 770 4251 ct
781 4185 924 4251 martiris
936 4191 1260 4252 et---octauas
1272 4175 1411 4252 omnium
1421 4201 1463 4247 so·

342 4287 545 4356 lemnitatum
573 4291 792 4375 predictarum
818 4311 918 4358 causa
949 4292 1136 4358 deuocionis
1169 4293 1385 4378 accesserint,
1416 4289 1462 4354 uel

343 4417 474 4462 manum
499 4397 733 4484 (perpercerint
758 4399 970 4484 adiutricem
998 4400 1064 4466 Nos
1091 4397 1130 4463 de
1150 4396 1393 4483 Omnipotentis
1409 4394 1462 4459 Dei

342 4504 565 4569 misericordia
590 4515 622 4570 et
646 4505 820 4572 Beatorum
846 4506 935 4571 Petri
964 4513 996 4571 et
1021 4505 1115 4572 Pauli
1142 4507 1373 4590 Apostolorum
1399 4504 1462 4568 eius

344 4611 537 4674 auctoritate
552 4610 672 4698 confisi,
691 4613 811 4697 singuli
827 4610 975 4696 singulas
999 4612 1228 4697 quadragenas
1243 4613 1340 4679 aunis
1357 4611 1463 4693 singu·
