3124 5158
830 355 987 452 goc—

350 549 436 617 Pous
452 545 537 619 filius
553 546 642 616 Petri
658 567 698 615 ex
713 548 829 636 altera,
841 568 937 634 super
951 547 1162 633 prouentibus
1177 545 1332 634 ipsorum,
1343 547 1463 616 seilicet

352 665 438 724 terre
463 659 564 726 Oocso
587 657 697 726 taliter
721 657 905 725 ordinatum
931 665 982 725 est
1005 659 1090 724 iuter
1114 658 1201 744 ipsos
1223 677 1320 742 super
1334 656 1463 724 eandem

351 774 485 851 terram,
511 772 546 832 ut
571 784 647 852 pars
672 785 737 831 una
762 763 976 832 occidentalis
1001 763 1125 832 eisdem
1147 763 1257 832 Padur
1282 770 1316 832 et
1341 763 1462 832 Matheo

351 871 520 958 successit3
544 870 687 940 Johanni
711 879 743 939 et
766 871 916 958 Tiodoro,
941 871 1124 958 Stephano,
1150 871 1297 958 Nycolee
1326 877 1358 939 et
1382 871 1462 938 Pous

351 979 523 1048 nominatis
548 999 588 1046 ex
612 985 705 1066 parte
727 981 935 1048 meridionali
951 979 1100 1048 similiter
1115 981 1285 1068 successit,
1302 978 1463 1066 Stephano

351 1097 383 1156 et
407 1089 523 1157 Minori
551 1087 664 1155 eadem
684 1094 771 1156 terra
787 1094 896 1174 empta
911 1097 1065 1176 perpetuo
1081 1111 1138 1177 per
1152 1091 1330 1176 postulata.
1347 1088 1463 1154 Tamen

351 1195 532 1271 istisidem
557 1195 730 1264 nominatis
754 1197 905 1283 Johanni,
929 1198 1071 1282 liodori,
1088 1198 1252 1282 Stephano
1269 1198 1416 1284 Nycolao
1432 1203 1458 1262 et

349 1305 446 1393 Pons,
470 1305 576 1372 Podar
601 1311 633 1372 et
653 1305 801 1372 Matheus
816 1307 972 1373 miseruut
986 1305 1089 1374 eidem
1106 1305 1140 1372 in
1156 1327 1245 1373 erum
1260 1325 1369 1373 ereum
1385 1303 1462 1392 (lgy)

351 1412 544 1498 eredumque
559 1414 800 1482 successoribus
817 1413 1077 1482 inremeabiliter
1092 1413 1342 1501 possidendam
1363 1415 1409 1480 ita
1423 1423 1461 1480 ta-

350 1541 433 1608 men,
459 1522 545 1604 quod
571 1541 681 1588 omncs
705 1522 811 1588 littere
836 1522 978 1609 ipsorum
994 1522 1116 1610 priores
1132 1522 1337 1590 destruentur
1353 1529 1385 1588 et
1399 1543 1461 1588 eua-

349 1636 492 1714 nescunt,
507 1630 576 1696 siue
591 1629 842 1700 contradictores
858 1631 1050 1701 litterarum.
1062 1632 1104 1697 Et
1123 1629 1157 1697 in
1172 1631 1288 1698 modiis
1304 1638 1391 1698 terre
1404 1637 1470 1696 tres·

349 1745 450 1807 metas
476 1745 742 1825 composuerunt;
767 1739 872 1826 prima
896 1749 983 1808 meta
999 1761 1040 1808 ex
1056 1747 1148 1826 parte
1164 1739 1334 1828 orientali3
1351 1741 1461 1809 deinde

350 1847 418 1914 alia
433 1852 520 1913 mete
534 1848 623 1915 circe
638 1867 792 1932 magnam
808 1849 915 1934 uiam;
941 1855 1044 1918 tercia
1058 1851 1092 1914 in
1108 1849 1247 1916 confinia
1261 1857 1346 1916 terre
1361 1850 1461 1916 Podar

350 1961 382 2022 et
397 1954 563 2037 llatheus3
580 1963 705 2041 partem
716 1957 874 2043 Stephani
888 1956 1046 2024 miserunt
1060 1956 1133 2024 istis
1148 1957 1226 2026 liliis
1241 1957 1305 2024 filie
1321 1977 1381 2024 sue
1396 1956 1461 2024 liliis

349 2063 436 2129 Petri
453 2063 701 2130 suecessoribus.
714 2064 903 2150 Quicunque
920 2073 1028 2134 autem
1037 2085 1079 2131 ex
1088 2065 1169 2151 ipsis
1179 2065 1323 2150 aliquam
1335 2085 1456 2131 causam

349 2178 524 2257 amoueret,
540 2173 611 2240 siue
626 2172 733 2240 Padar
748 2175 818 2241 siue
833 2173 979 2243 Matheus
996 2173 1067 2241 siue
1082 2173 1142 2240 tilii
1152 2173 1338 2262 eorundem,
1348 2171 1459 2258 periuri

349 2286 382 2347 et
396 2280 664 2367 calumpniatores
679 2291 913 2368 permanerent.
930 2283 1035 2370 Super
1051 2283 1111 2350 hoc
1121 2282 1244 2350 eisdem
1255 2281 1460 2350 concessimus

348 2389 477 2455 litteras
502 2388 602 2472 sigilli
627 2389 728 2458 nostri
753 2392 926 2461 munimine
951 2393 1129 2460 roboratas.
1153 2393 1247 2459 Anno
1273 2389 1401 2458 Domini
1417 2389 1459 2454 ll⁰

348 2498 417 2564 (10ο
433 2499 662 2582 octuagesimo.

350 2693 469 2760 (Eredeti
491 2694 663 2763 bllrhlrtydn‚
685 2697 797 2763 melyrdl
819 2715 836 2750 a
849 2699 1022 2751 kenrentnelr
1034 2696 1155 2766 pecsdtjo
1167 2697 1412 2751 violascinlludrds
1422 2711 1457 2747 ee

517 2787 711 2852 lyemcsindron
724 2786 807 2855 sugg,
820 2805 837 2840 a
850 2785 972 2856 Bdrcnay
985 2786 1077 2841 cealld
1092 2785 1300 2858 tevtlclrluan.)

801 3079 1013 3090 ......-......—
1028 3086 1029 3090 ,

734 3589 787 3738 s
872 3617 947 3685 eoo.

346 3799 376 3866 A
393 3801 497 3888 Sciplzi
512 3799 702 3865 loaccataelt
709 3801 858 3886 jelentdce
875 3825 896 3865 a
912 3803 1092 3900 kirdlylroz,
1109 3801 1190 3889 kopp
1204 3803 1350 3868 Demeter
1365 3822 1462 3868 comes

369 3909 525 3974 Kuclaalc
534 3911 586 3994 fia
603 3905 704 3996 Cicery
720 3918 800 3975 nect
807 3909 945 3995 fdldnek
959 3911 1124 3976 bictolsdba
1141 3912 1325 3976 ilttattatott.
1343 3911 1439 3973 1280.

451 4107 727 4175 Excellentissimo
741 4109 880 4175 Domino
896 4128 954 4175 suo
969 4105 1127 4175 Ladiulao
1142 4108 1205 4174 Dei
1220 4113 1333 4194 gracia
1342 4107 1462 4174 illustri

344 4215 426 4300 Regi
442 4216 609 4299 Hungarie
624 4217 811 4300 Propositus
828 4223 861 4282 et
877 4218 1061 4284 Gonuentus
1077 4218 1224 4284 Frotrm
1243 4216 1372 4285 Ordinis
1389 4217 1461 4282 Pre-

345 4325 626 4390 moustratensium
644 4323 686 4389 de
701 4322 791 4408 Saag
805 4323 973 4391 oraciones
989 4327 1023 4390 in
1038 4324 1186 4393 Domino.
1214 4326 1362 4412 Receptis
1379 4323 1464 4389 litto·

344 4433 389 4498 ris
405 4433 773 4517 Uestreldagnificencie
788 4433 933 4500 misimus
942 4435 1102 4501 hominem
1111 4442 1256 4502 nostrum
1266 4435 1461 4517 lidedignum

344 4560 415 4605 cum
439 4541 579 4626 Ananya
602 4541 732 4609 homine
757 4551 862 4610 uestro
886 4564 945 4629 pro
966 4547 1161 4632 testimonio,
1177 4546 1232 4630 qui
1250 4542 1455 4632 postmodum

348 4665 418 4710 cum
444 4644 556 4713 eodem
581 4649 708 4719 homine
733 4659 841 4718 uestro
866 4653 907 4717 ad
926 4673 984 4720 nos
1000 4674 1148 4724 reuersus
1164 4653 1255 4744 dixit,
1272 4653 1358 4739 quod
1375 4654 1463 4720 idem
