3140 5150
819 323 978 424 jaa—

333 517 423 605 ipsos
438 479 580 605 populas
606 515 647 586 de
669 517 820 586 cnolnuk
845 517 977 585 racione
1002 519 1115 586 mortis
1140 518 1287 605 predicte
1309 517 1458 605 impetere

333 633 575 712 attemptarent,
598 627 756 712 Magister
771 625 893 695 Paulus
909 635 940 694 et
957 626 1075 695 fratres
1087 629 1180 713 eius,
1205 650 1244 695 ac
1269 629 1384 699 Comes
1401 634 1458 698 Do·

334 736 483 820 mimicus,
506 735 684 802 secundum
700 735 838 803 sormam
854 736 1104 824 composicionis
1120 737 1203 804 inter
1219 747 1330 824 partes
1346 738 1458 824 habite,
1554 741 1555 772 ;

334 850 367 912 et
382 841 620 912 continenciam
635 843 817 912 litterarum
833 844 983 929 Magistri
999 845 1227 913 etGonuentus
1242 847 1457 932 predictorum

335 955 506 1018 teneantur
522 971 578 1020 eos
595 951 769 1021 defendere
784 960 818 1020 et
833 953 987 1040 expedire
1003 953 1071 1021 suis
1088 953 1230 1040 proprijs
1245 953 1409 1023 laboribus
1429 963 1458 1022 et

335 1057 498 1146 expensis.
522 1062 642 1128 Datum
658 1060 691 1127 in
708 1061 851 1130 crastino
873 1060 947 1129 sesti
958 1061 1077 1140 ,Sancti
1094 1061 1194 1146 Regis
1210 1061 1368 1149 Stephani
1378 1083 1458 1130 anno

336 1169 469 1236 Domini
485 1168 789 1236 M⁰00⁰Lxx⁰v11⁰.

338 1345 666 1415 (EredetiebBrhdrtylm
691 1349 815 1416 melynek
828 1348 949 1416 peosdtje
970 1350 1107 1414 slvessett,
1130 1367 1148 1402 a
1170 1351 1458 1404 onustissimus

807 1437 997 1506 levbltdrbsn.)

863 2103 939 2172 124.

339 2303 370 2370 A
386 2307 520 2371 vereda-i
536 2305 758 2392 heptaluaaulc
773 2305 1060 2392 bieoayao'plevcle,
1082 2307 1163 2392 boqy
1179 2305 1315 2372 Balaam
1330 2315 1409 2372 mco
1424 2313 1461 2370 ab

262 2441 274 2462 ·
339 2417 444 2481 lactem
458 2414 592 2500 boldayi
607 2413 743 2479 Mentor
759 2412 865 2481 Sorbi
879 2415 1027 2480 Dcaazte
1043 2415 1209 2480 mosacen
1225 2415 1351 2480 eladott.
1369 2417 1461 2481 1277.

556 2612 585 2678 A
774 2612 801 2678 Β
992 2607 1018 2674 (i
1209 2611 1248 2675 D.

447 2770 516 2839 Nos
533 2771 717 2858 Capitulum
733 2771 880 2840 Ecclesia
896 2771 1008 2840 Sancti
1019 2772 1185 2840 Michaelis
1202 2773 1244 2840 de
1260 2773 1375 2843 Castro
1392 2775 1465 2840 Fer·

340 2899 397 2947 reo
412 2885 522 2947 notum
535 2878 674 2946 iacimus
690 2885 803 2947 tenore
818 2879 1019 2965 presencium
1035 2881 1208 2966 uniuersis,
1233 2881 1322 2965 quod
1338 2880 1465 2949 domina

341 2986 474 3056 Balsam
489 2987 558 3055 filia
573 2987 687 3055 Jacobi
713 2987 754 3054 de
770 2990 917 3057 Purbuse
942 3009 1050 3056 coram
1081 2990 1175 3057 nobis
1206 2992 1384 3057 constituta
1409 2991 1464 3056 illa

342 3095 552 3183 septuaginta
568 3095 683 3179 iugera
699 3103 860 3162 terrarum
889 3098 951 3165 sub
970 3097 1115 3181 antiquis
1131 3100 1237 3182 metis,
1261 3117 1326 3182 que
1341 3097 1404 3165 sibi
1418 3117 1464 3163 ra·

342 3205 435 3270 aione
450 3209 566 3286 quarte
582 3203 694 3286 vigore
719 3203 883 3289 priuilegii
907 3205 1105 3272 venerabilia
1131 3205 1234 3291 patris
1261 3205 1299 3272 Ο.
1316 3203 1465 3292 Episcopi

342 3309 524 3379 lentiensis
541 3313 625 3378 bone
650 3313 803 3377 memorie
828 3319 1058 3400 prouenerant,
1093 3313 1190 3378 simul
1215 3333 1287 3380 cum
1307 3314 1367 3381 illa
1382 3319 1467 3381 terra

341 3439 412 3505 sua,
436 3435 533 3501 quam
549 3415 626 3482 olim
644 3423 737 3503 pater
754 3436 832 3484 suus
849 3418 993 3485 Jacobus
1010 3439 1030 3483 a
1046 3417 1186 3502 quodam
1208 3417 1345 3505 Endury
1361 3424 1466 3486 nostro

341 3525 512 3612 priuilegio
527 3532 741 3611 compararat,
765 3533 861 3610 prout
886 3525 989 3592 tocius
1014 3526 1143 3612 negocij
1170 3527 1270 3593 series
1295 3527 1332 3592 in
1357 3524 1466 3594 eodem

341 3632 514 3721 priuilegio
529 3633 657 3719 plenius
674 3637 868 3722 continetur,
885 3633 978 3701 duxit
994 3633 1186 3721 exponenda
1202 3634 1387 3702 uendicioni
1402 3634 1465 3700 Ma·

342 3741 444 3828 gistro
460 3742 626 3808 Duruzlao
641 3741 708 3808 filio
724 3743 893 3829 Durunlay
909 3742 948 3808 de
964 3741 1052 3808 Surk
1070 3762 1129 3827 pro
1155 3743 1328 3826 sexaginta
1352 3741 1467 3807 marcis

341 3847 490 3936 plenarie
511 3848 649 3935 receptis
675 3851 716 3916 ab
742 3850 854 3918 eodem
886 3849 1083 3918 hereditario
1109 3849 1178 3918 iure
1203 3849 1467 3917 inreuoeabiliter

341 3955 549 4045 possidenda,
575 3955 656 4043 ipsis
681 3956 862 4042 priuilegiis
888 3954 994 4025 eidem
1014 3956 1172 4042 Magistro
1198 3958 1369 4024 Durunlao
1386 3957 1468 4024 datis

344 4073 376 4132 et
392 4065 569 4150 assignatis
587 4085 693 4133 coram
710 4065 813 4134 nobis.
832 4065 931 4132 (iuius
942 4064 1072 4150 quidem
1089 4063 1274 4134 uendioioni
1292 4066 1470 4150 Guguneet

342 4175 485 4243 lacobus
501 4172 559 4259 lilij
578 4173 709 4260 Georgij
729 4195 787 4260 pro
805 4193 841 4241 se
853 4181 886 4239 et
901 4195 960 4260 pro
975 4173 1126 4240 Johanne
1141 4173 1242 4240 fratre
1259 4191 1382 4261 eorum,
1398 4173 1467 4241 reli-

344 4291 397 4352 cta
414 4284 535 4352 eisdem
567 4281 699 4371 Georgij
727 4304 800 4350 oum
816 4284 900 4351 Bese
915 4284 982 4350 lilio
998 4303 1076 4366 suo;
1103 4283 1224 4349 Paulus
1251 4282 1339 4349 filius
1359 4279 1469 4362 Pauli;

343 4391 470 4460 lvanlua
487 4397 519 4460 et
533 4393 731 4460 Laureuoius
748 4391 805 4479 filij
824 4389 905 4460 Ioan
922 4413 979 4478 pro
995 4413 1031 4460 se
1047 4397 1080 4458 et
1095 4411 1153 4478 pro
1163 4392 1287 4459 Jacobo
1297 4391 1470 4478 acTybnr·

345 4502 413 4588 cio;
429 4501 626 4570 Benedictus
642 4501 729 4570 filius
745 4499 890 4567 uurlouu
915 4521 973 4588 pro
990 4521 1026 4571 se
1042 4507 1074 4566 et
1099 4520 1157 4587 pro
1171 4499 1355 4568 Laurencio
1372 4497 1471 4565 fratre

346 4627 423 4693 suo;
439 4607 535 4675 Parin
545 4607 631 4674 filius
642 4609 737 4677 Pake
751 4630 809 4695 pro
821 4630 856 4676 se
867 4615 899 4677 et
908 4609 1159 4696 proBogomerio
1168 4607 1269 4676 fratre
1284 4628 1362 4693 suo;
1379 4607 1470 4674 Zere-
