3138 5164
651 877 727 944 359.

118 1074 278 1141 zodome'r
294 1075 480 1160 eeztapami
496 1075 583 1139 droek
608 1071 861 1160 kriptaioajdual
887 1095 925 1136 az
940 1074 1129 1160 meterqami
1144 1073 1253 1173 tatae
1358 1156 1367 1172 ἱ

460 1181 524 1244 baa
531 1180 676 1266 felseka
693 1183 796 1248 erardi.
816 1182 912 1247 1289.

229 1394 296 1461 Nos
312 1392 524 1460 Lodomerius
547 1393 761 1460 miseracione
786 1393 909 1460 Diuina
934 1391 1168 1479 strigoniensis
1193 1395 1253 1460 Ar·
1284 1387 1289 1394 ’

122 1499 353 1588 ehiepisoopns
380 1502 538 1568 etGomes
554 1502 735 1587 Perpetuus
752 1501 816 1567 looi
847 1500 992 1568 eiusdem
1026 1500 1251 1586 significamus

117 1609 282 1676 uniuersis
299 1610 416 1695 quibus
433 1609 567 1695 expedit
582 1609 785 1695 presencium
812 1598 870 1696 pei
894 1617 1059 1678 tenorem:
1086 1611 1173 1694 quod
1194 1631 1254 1678 nos

119 1724 229 1782 terras
244 1722 372 1784 nostras
386 1717 517 1802 totales,
544 1737 601 1802 pro
624 1717 709 1786 areis
733 1737 791 1783 sev
817 1715 927 1783 fundis
952 1719 1115 1784 ouriarum
1141 1723 1251 1804 aptas,

116 1823 152 1890 in
169 1819 317 1890 districtu
334 1825 484 1891 Eoeiesie
500 1825 612 1891 Saneti
628 1823 791 1892 Dominioi
808 1829 892 1891 retro
910 1824 1022 1891 villam
1039 1826 1157 1892 Ermen
1174 1845 1250 1892 oon-

117 1931 270 2014 stitutas,
299 1952 381 2014 quas
412 1933 596 2018 Nyoolaum
622 1931 821 1999 aurifabrum
853 1931 955 2000 ciuem
983 1931 1249 2017 Strigoniensem,

118 2058 161 2104 ex
178 2037 352 2125 priuilegio
369 2041 451 2106 bone
467 2039 621 2106 memorie
637 2039 759 2106 domini
769 2037 914 2126 Philippi
930 2037 1069 2124 proximi
1084 2037 1250 2124 predones

119 2145 206 2212 soris
219 2139 333 2230 nostri,
351 2147 513 2229 quondam
530 2145 776 2233 Arohiepisoopi
801 2146 1043 2231 strigoniensis,
1063 2145 1248 2212 innenimus

118 2259 152 2320 et
169 2254 383 2340 comperimus
400 2253 546 2321 indebite
560 2261 592 2321 et
607 2253 725 2321 illioite
743 2273 930 2342 occupasse,
949 2257 991 2323 ab
1019 2253 1132 2322 eodem
1150 2255 1256 2339 Nyro-

117 2361 176 2426 lao
192 2380 273 2446 pure
288 2367 320 2428 et
345 2361 538 2447 simpliciter
570 2361 772 2446 auferentes3
804 2361 951 2430 diseretis
974 2360 1062 2430 'uiris
1087 2361 1255 2448 Proposito

118 2475 153 2535 et
170 2465 324 2553 capitulo
341 2469 489 2536 Ecclesie
504 2478 614 2536 nostre
629 2469 872 2554 strigoniensis,
888 2469 1074 2537 karissimis
1096 2471 1131 2537 in
1163 2468 1253 2536 Ohri-

118 2583 173 2645 sto
189 2567 346 2644 fratribus
361 2579 501 2662 nostris,
532 2575 691 2662 dedimus,
723 2573 915 2644 tradidimus
931 2583 963 2642 et
988 2578 1185 2646 eontulimns
1217 2576 1252 2642 in

117 2689 314 2770 perpetuum
329 2683 555 2769 possidendas,
577 2683 610 2748 in
626 2683 814 2772 oonoambio
831 2689 864 2748 et
887 2684 1134 2769 permutacione
1149 2691 1251 2752 terra·

117 2811 194 2858 rum
226 2809 335 2857 eorum
349 2790 384 2856 in
399 2790 553 2858 suburbio
585 2790 692 2858 Castri
725 2789 957 2874 strigoniensis
994 2792 1255 2882 eonstitutarum,

118 2897 212 2964 eirea
226 2897 332 2984 ripam
345 2897 487 2982 Danubij
505 2919 527 2962 a
542 2904 636 2983 parte
651 2895 838 2982 oeoidentis,
865 2917 946 2983 quas
973 2901 1015 2968 ab
1040 2899 1123 2986 ipsis
1148 2898 1255 2968 fratri·

118 3005 185 3074 bus
200 3005 321 3072 nostris
336 3025 395 3090 pro
412 3005 556 3092 pistrino,
573 3012 654 3096 orto,
673 3011 706 3073 et
730 3005 805 3090 alijs
831 3004 969 3090 editioijs
994 3007 1114 3074 nostris
1140 3005 1187 3074 ibi
1213 3005 1249 3072 in

117 3118 237 3181 nostra
252 3114 344 3180 ouria
359 3112 553 3200 constitutis,
569 3133 627 3198 pro
642 3115 736 3181 nobis
753 3119 787 3179 et
802 3112 904 3180 eoiam
922 3113 1169 3180 suecessoribus
1195 3133 1254 3180 no-

117 3219 200 3290 stris
214 3219 395 3306 rooepimus
411 3221 453 3288 ab
469 3219 605 3307 eisdem,
622 3219 781 3287 tenendas
798 3220 868 3286 iure
883 3224 1044 3304 perpetuo
1076 3227 1110 3287 et
1124 3219 1247 3288 haben·

118 3327 195 3414 des,
211 3338 325 3394 nostra
341 3335 373 3394 et
388 3346 608 3396 suceessorum
625 3333 806 3394 nostrorum
822 3324 1065 3394 considerantes
1092 3327 1158 3412 hijs
1183 3327 1255 3394 fieri

119 3445 156 3504 et
172 3455 337 3521 emergere
352 3436 498 3523 meliora,
509 3436 707 3521 jobagiones
725 3435 898 3503 eorundem
918 3435 1055 3505 fratrum
1069 3439 1254 3502 nostrorum

118 3545 270 3613 eiusdem
286 3549 371 3612 terre
387 3542 428 3610 de
443 3542 527 3610 faeie
537 3543 743 3612 remonendo.
761 3543 832 3620 Que
847 3543 979 3626 quidem
998 3541 1255 3611 terrasessiona·

118 3653 166 3721 lis
177 3651 328 3720 totaliter
344 3651 466 3719 eisdem
483 3649 636 3718 fratribus
660 3649 792 3736 nostris,
809 3656 845 3717 ut
872 3649 1083 3737 prediximus,
1111 3671 1168 3737 per
1195 3669 1254 3718 nos

122 3759 365 3849 perpetualiter
381 3759 562 3844 assignata,
579 3759 659 3826 olim
676 3759 719 3826 ad
735 3757 972 3842 olauigeratnm
988 3757 1258 3844 Arohiepisoopa-

117 3877 179 3936 tus
196 3868 428 3952 Strigoniensis
445 3869 627 3952 speetabet,
644 3873 676 3933 et
693 3886 766 3935 eam
782 3865 949 3932 ameridie
962 3866 1029 3932 alia
1044 3873 1132 3933 terra
1141 3886 1257 3933 eorun-

117 3977 199 4046 dem
215 3976 352 4041 fratrum
370 3982 548 4042 nostrorum
559 3996 663 4060 prope
679 3975 852 4042 eeclesiam
867 3973 981 4040 saneti
997 3973 1163 4042 Dominiei
1180 3996 1258 4044 eon·

116 4084 246 4168 stituta,
264 4083 306 4148 ab
331 4083 454 4150 oriente
471 4089 579 4150 autem
596 4083 694 4150 vinea
724 4083 862 4149 filiorum
879 4081 1013 4148 Comitis
1044 4081 1168 4166 Elkyni
1201 4080 1259 4171 (ex

117 4188 277 4277 ori)entis
293 4190 394 4257 latere
420 4191 594 4258 constituta
627 4196 658 4256 et
675 4195 813 4274 quatuor
829 4192 962 4258 arbores
979 4210 1097 4258 nusum
1118 4191 1260 4259 existen·

118 4307 185 4371 tes,
199 4295 329 4382 ibidem,
346 4285 373 4362 a*
391 4299 623 4382 septemtrione
646 4317 722 4364 vero
738 4295 897 4364 fossatum
914 4295 1082 4365 vinearum
1098 4297 1185 4365 Petri
1201 4317 1259 4384 ge-

117 4403 194 4473 neri
204 4405 292 4470 Luee
303 4402 492 4488 sacerdotis,
504 4409 537 4470 et
548 4407 590 4472 ab
600 4403 767 4473 oooidente
779 4391 879 4470 alium
890 4403 1048 4472 fossatum
1058 4410 1260 4491 separantet

116 4511 317 4595 distingunt.
335 4512 374 4579 In
391 4511 481 4579 ouius
498 4513 680 4602 eoneambij
699 4519 731 4578 et
746 4513 997 4596 permutaoionis
1015 4511 1201 4580 memorium
1230 4519 1262 4578 et

1036 4619 1099 4692 32*
