3140 5150
312 1073 334 1138 l
336 1071 369 1138 V.
403 1073 517 1140 tutata
540 1075 718 1160 kirdlyauk
742 1074 868 1139 Bossdo
895 1073 1047 1161 delysdqct
1076 1079 1232 1161 tdrppuzo'
1258 1077 1441 1162 admrdapc

597 1183 734 1248 Bariana
749 1194 859 1248 mester
874 1187 1034 1248 sacimdru.
1059 1187 1156 1250 1277.

421 1376 596 1444 Ladizlaus
627 1377 690 1444 Dei
722 1380 834 1462 gracia
865 1379 1047 1466 Hungarie,
1080 1378 1262 1466 Dalmacie,
1297 1380 1442 1465 Oroacie,

314 1487 426 1572 Rama,
451 1483 574 1568 Seruie,
610 1484 754 1571 Gallioie,
789 1486 992 1574 Lodomerie,
1020 1485 1187 1572 Cumania,
1222 1487 1444 1572 Bulgarieque

315 1595 383 1662 Rex
410 1596 557 1662 omnibus
583 1595 702 1664 Christi
728 1597 878 1666 fidelibus
903 1605 1072 1684 presentes
1097 1597 1223 1666 litteras
1247 1598 1445 1685 inspecturis

314 1703 453 1780 salutem
479 1705 511 1770 in
538 1703 680 1770 omnium
708 1705 881 1774 saluatore.
905 1703 985 1772 Cum
1011 1707 1094 1774 bene
1120 1706 1253 1774 meritos
1270 1705 1384 1772 debito
1400 1704 1444 1772 ia·

315 1830 392 1878 uore
407 1811 640 1898 prosequimur,
652 1817 684 1880 et
694 1813 1244 1900 munificenoijsRegijsattollimus
1255 1815 1370 1881 etDeo
1381 1811 1445 1897 pia·
1551 1859 1552 1876 i

316 1939 386 1986 carc
403 1919 573 2006 credimus,
590 1929 621 1988 et
639 1921 784 1988 homines
811 1922 854 1988 ad
872 1922 1018 1990 virtuosa
1042 1923 1183 1990 accionis
1208 1920 1377 1989 desideria
1396 1941 1445 1988 vo·
1551 1891 1552 1940 ἶ

317 2048 438 2096 camus.
462 2029 546 2095 Hinc
562 2035 620 2114 est,
638 2029 724 2113 quod
740 2030 783 2096 ad
799 2030 1021 2097 uniuersorum
1041 2043 1109 2098 tam
1125 2029 1333 2117 presencium
1352 2047 1444 2111 qnam

319 2136 501 2204 futurorum
515 2137 668 2204 noticiam
685 2140 799 2204 harum
816 2141 901 2206 serie
912 2139 1060 2207 volumus
1070 2139 1258 2226 peruenire:
1276 2137 1366 2222 quod
1381 2137 1445 2202 Ma-

315 2246 418 2330 gister
433 2245 572 2314 Barlens
588 2246 674 2314 filius
690 2247 760 2314 Bau
779 2247 820 2314 de
836 2247 954 2314 Diwelr
972 2247 1014 2313 ad
1030 2254 1178 2317 nostram
1198 2243 1361 2312 accedens
1377 2265 1446 2331 pre·
1551 2305 1552 2310 ,

254 2347 255 2352 ’
317 2355 461 2422 sensiam
477 2354 594 2440 petiuit
610 2375 631 2420 a
647 2354 742 2421 nobis
759 2355 1005 2439 instantissime,
1027 2363 1062 2423 vt
1079 2362 1211 2441 propter
1231 2353 1375 2422 seruicia
1391 2373 1448 2420 sua

318 2463 433 2529 fidelia
448 2462 541 2529 nobis
560 2470 592 2529 et
608 2464 722 2547 Regno
739 2463 879 2531 fideliter
895 2463 1061 2548 exhibita,
1083 2483 1142 2529 nec
1167 2484 1232 2530 nou
1248 2463 1284 2528 in
1300 2480 1446 2528 concam·

319 2569 407 2635 bium
424 2569 494 2636 siue
510 2571 787 2656 permutacionem
797 2578 957 2638 terrarum
967 2590 1099 2636 suarum
1116 2577 1148 2636 et
1165 2570 1303 2636 fratrum
1320 2589 1448 2636 suorum

186 2721 189 2727 -
318 2677 513 2746 vterinorum
529 2699 568 2746 aa
585 2677 688 2746 eciam
708 2679 849 2746 filiorum
874 2679 989 2746 Cosme
1013 2678 1165 2746 auunculi
1191 2677 1241 2746 sui
1257 2677 1448 2744 hereditari·
1551 2735 1552 2738 ,

318 2807 419 2872 arum,
446 2786 581 2856 Sarsz
599 2786 751 2854 videlicet
777 2793 808 2853 ct
824 2787 962 2853 aliarum
986 2785 1030 2852 ad
1056 2793 1174 2854 terram
1201 2784 1364 2870 Visegrad
1378 2804 1448 2870 spe·

216 2941 220 2956 .
319 2896 480 2962 stancium
507 2895 541 2960 in
565 2893 716 2961 Thuruch
739 2895 1004 2979 constitutarum,
1030 2914 1111 2977 quas
1137 2893 1268 2975 quidem
1287 2893 1449 2958 Dominus

318 3004 402 3070 Bela
418 3001 653 3070 Serenissimus
679 3003 748 3068 Rex
775 3001 942 3086 Hungarie
969 3001 1073 3070 salicis
1098 2999 1340 3069 recordacionis
1365 3018 1449 3068 anns
1551 3061 1552 3078 ἢ

319 3119 428 3179 nostor
454 3109 647 3177 karissimus
675 3113 717 3176 ab
734 3109 813 3196 ipsis
831 3116 862 3176 et
877 3110 1091 3195 generacione
1117 3109 1258 3196 ipsorum
1279 3114 1449 3194 receperat

323 3217 506 3302 adiugendo
523 3223 556 3283 et
572 3217 768 3304 applicando
779 3219 874 3310 *ipsas
892 3225 1000 3285 castro
1011 3239 1069 3284 suo
1079 3216 1118 3284 de
1129 3217 1253 3302 Zolum,
1270 3216 1325 3300 qui
1343 3217 1448 3284 eciam

323 3325 517 3410 promiserat
533 3345 569 3392 se
586 3325 709 3392 eisdem
735 3325 769 3391 in
794 3326 892 3393 simili
918 3327 1106 3393 concambio
1123 3325 1340 3412 prouisurum,
1366 3323 1450 3391 sicut

319 3435 353 3501 id
369 3435 402 3500 in
418 3433 534 3500 litteris
550 3433 655 3519 ipsius
671 3433 793 3501 domini
810 3435 909 3521 Regis
927 3433 982 3501 aui
998 3435 1099 3503 nostri
1119 3434 1260 3502 vidimus
1280 3431 1449 3513 contineri,
1551 3453 1552 3464 ¹

322 3542 385 3610 sibi
401 3547 432 3608 et
448 3539 602 3608 iratribus
618 3543 695 3630 suis,
723 3563 762 3610 ac
779 3545 854 3611 tiliis
871 3544 987 3611 Cosme
1013 3543 1151 3628 predicti
1168 3539 1323 3608 auunculi
1350 3540 1401 3608 sui
1418 3540 1451 3605 in

320 3651 462 3737 quadam
477 3657 564 3716 terra
582 3648 691 3718 Castri
708 3653 810 3719 nostri
827 3651 1138 3720 NitriensisBossan
1153 3657 1280 3734 vocata,
1297 3668 1404 3716 vacua
1421 3653 1451 3714 et

321 3758 559 3826 habitatoribus
577 3759 742 3845 destituta,
767 3760 921 3846 contigua
936 3749 1038 3826 eciam
1064 3765 1097 3825 et
1122 3765 1345 3826 commetanea
1364 3761 1452 3823 terre

321 3869 464 3954 ipsorum
490 3867 685 3935 hereditarie
710 3867 859 3936 similiter
886 3870 1013 3935 Bossan
1037 3874 1163 3954 vocate,
1189 3865 1229 3932 de
1246 3863 1452 3948 benignitate

321 3977 424 4060 Regia
440 3974 613 4061 prouidere
629 3974 846 4059 dignaremur.
872 3974 936 4041 Sed
956 3972 1090 4059 quiade
1106 3971 1264 4057 qualitate
1290 3977 1322 4036 et
1347 3989 1450 4056 quau·

320 4084 415 4150 titute
433 4081 517 4148 dicte
534 4088 619 4150 terre
635 4081 727 4147 nobis
744 4101 810 4147 non
826 4089 897 4148 erat
912 4084 1031 4149 veritas
1053 4080 1245 4166 adplenum
1264 4077 1453 4164 manifesta,

321 4189 472 4258 fidelibus
489 4191 606 4258 nostris
625 4188 778 4274 Capitulo
805 4189 961 4256 Nitriensi
988 4189 1135 4255 dedimus
1160 4189 1194 4254 in
1220 4185 1393 4274 mandatis,
1419 4193 1452 4254 vt

322 4319 420 4366 vnum
437 4319 478 4366 ex
493 4299 575 4385 ipsis
592 4299 847 4366 transmitterent
863 4296 1070 4384 fidedignum,
1088 4318 1196 4366 coram
1213 4319 1277 4382 quo
1294 4295 1449 4382 Magister

322 4405 437 4474 Mohor
453 4405 547 4474 homo
565 4414 675 4474 noster
693 4408 868 4492 inspiceret
883 4407 988 4494 ipsam
1004 4415 1133 4493 terram,
1151 4413 1184 4472 et
1195 4406 1223 4472 si
1234 4425 1306 4471 eam
1316 4423 1453 4473 vacuam

322 4520 354 4580 et
370 4519 479 4581 nostre
504 4515 675 4582 collationi
691 4515 851 4584 inueniret
875 4515 1103 4604 partinentem‚
1129 4519 1289 4582 statueret
1315 4519 1347 4580 et
1371 4509 1450 4578 atsi-
