3080 5160
614 955 693 1024 22⁸1.

94 1168 123 1236 A
138 1175 231 1239 esai
246 1173 471 1260 ledptulanmule
494 1172 764 1260 bizuuyedplevele,
784 1169 868 1260 hupy
884 1171 968 1260 Sapt‘
983 1172 1101 1240 ttetzae
1115 1196 1212 1240 eomes

93 1282 123 1346 es
147 1281 348 1348 tractarent
377 1281 633 1368 Tapadupuelzia
655 1289 736 1347 uenti
751 1280 865 1368 fcildre
887 1282 979 1347 tutave
1003 1304 1025 1346 u
1041 1281 1212 1374 Bilteltey·e'

397 1389 583 1454 mmaetkel
598 1388 797 1476 eqyezltedett.
814 1389 911 1453 1281.

201 1621 385 1708 Capitulum
411 1623 557 1690 Eculesie
573 1621 752 1692 Waeiensis
768 1621 917 1690 omnibus
933 1619 1052 1690 Christi
1068 1620 1216 1690 fidelibus
1270 1645 1273 1652 ¹

93 1729 212 1815 quibus
228 1737 393 1818 presentes
409 1731 621 1799 ostenduntur
635 1731 771 1798 salutem
798 1731 833 1797 in
848 1751 896 1810 eo,
913 1727 968 1814 qui
984 1735 1033 1797 est
1051 1730 1139 1798 salus
1150 1749 1214 1796 om·

92 1839 183 1904 nium
209 1844 243 1904 et
267 1857 395 1906 eorona.
412 1836 464 1905 Ad
479 1839 699 1907 uniuersorum
714 1839 870 1906 noticiam
884 1843 996 1904 tenure
1012 1834 1215 1922 presencium

95 1946 247 2015 volumus
262 1947 449 2036 peruenire;
465 1946 551 2033 quod
566 1946 681 2016 (lomes
696 1947 851 2014 Niuolaus
866 1946 1071 2014 filinsBabas
1087 1945 1127 2012 de
1137 1945 1215 2033 Sep,

92 2055 215 2122 Matius
239 2057 326 2124 tilius
351 2057 457 2143 Petri,
481 2057 674 2125 Benedictus
697 2057 783 2123 filius
808 2055 916 2141 Egldij
943 2055 985 2122 ab
1009 2076 1075 2122 vna
1101 2062 1211 2140 parte;

92 2162 254 2249 Bikehey,
279 2167 457 2251 Tymuteus
481 2173 513 2234 et
537 2165 730 2233 Benedictus
745 2165 802 2250 filij
820 2163 963 2232 eiusdem
980 2163 1138 2248 Bilrehey,
1153 2162 1209 2229 Ni·

94 2272 210 2338 uolaus
223 2277 258 2338 et
273 2272 457 2359 Stephanus
472 2274 576 2342 trater
590 2295 668 2342 snus
692 2273 751 2358 filij
779 2273 919 2356 Boehou,
943 2269 1155 2338 Leustaehius
1181 2277 1214 2337 et

90 2379 248 2447 Martinus
263 2380 321 2466 filij
339 2381 481 2450 eiusdem
497 2381 675 2469 Stephani3
692 2382 814 2469 llikou,
836 2381 1034 2447 laurencius
1050 2385 1082 2446 et
1098 2379 1212 2448 Petras

90 2486 148 2572 filij
167 2487 293 2573 Pasea3
310 2489 413 2580 Zetta,
429 2489 595 2559 lohannes
612 2497 644 2558 et
657 2490 784 2556 Sandur
799 2490 858 2574 filij
875 2487 977 2555 Anias
992 2508 1051 2575 pro
1066 2494 1142 2556 sset
1152 2508 1211 2574 pro

91 2593 186 2663 llerk
212 2594 312 2662 tratre
337 2598 489 2685 ipsoram,
514 2600 642 2666 nobiles
668 2597 707 2664 de
732 2597 880 2685 Bikehey
904 2616 945 2665 ex
968 2597 1081 2681 altere,
1105 2615 1215 2664 eoram

90 2703 189 2770 nobis
205 2705 419 2790 personaliter
434 2706 608 2794 constituti,
625 2705 765 2774 confessi
782 2712 856 2773 sunt
872 2706 1003 2773 oraculo
1019 2703 1094 2772 siue
1112 2703 1210 2791 veuls,

92 2813 182 2896 quod
199 2831 294 2900 snper
309 2835 418 2903 eausa,
435 2837 497 2900 que
513 2817 597 2884 inter
612 2817 699 2903 ipsus
714 2817 846 2883 raeione
860 2822 945 2882 terre
959 2812 1214 2902 Tagadopauhia

92 2928 221 3006 uocate,
239 2923 332 2989 iuxta
347 2923 632 3010 Timotenspaehia
646 2924 835 3011 adiacentis,
851 2922 976 2991 dineins
992 2922 1215 2990 fuissetventi·

93 3029 176 3116 lata,
194 3035 227 3098 et
242 3049 339 3116 super
355 3030 468 3100 eadem
483 3038 570 3099 terra
586 3033 670 3100 inter
685 3039 796 3119 partes
812 3031 914 3100 euiam
930 3029 1077 3099 duellum
1089 3030 1213 3098 adiudi-

91 3145 202 3203 catum
228 3139 408 3226 extitisset;
432 3141 564 3209 tandem
589 3143 623 3208 in
639 3143 740 3210 talem
755 3143 848 3227 pasis
863 3140 1065 3208 eoneurdiam
1081 3145 1114 3207 et
1128 3159 1211 3208 sem·

93 3247 260 3332 piternam
286 3249 435 3316 mionem
458 3268 494 3316 se
509 3248 662 3317 dixerunt
676 3249 864 3317 deuenisse:
881 3248 966 3334 quod
981 3246 1214 3316 dimidietatem

94 3363 180 3422 terre
197 3353 451 3444 Tagadopaehia
466 3365 588 3446 vocate,
607 3359 697 3426 euius
708 3359 775 3424 alia
785 3355 969 3426 dimidietas
979 3356 1014 3425 in
1024 3376 1101 3424 area
1111 3353 1212 3424 duelli

92 3479 152 3549 per
178 3464 447 3551 composicionem
472 3466 618 3554 Nieolao,
643 3465 743 3534 Metie
759 3475 790 3534 et
804 3465 981 3533 Benedieto
997 3464 1101 3534 extitit
1116 3461 1213 3535 deuo·

96 3573 176 3658 luta,
195 3571 415 3660 euquuadam
431 3575 593 3662 particula
607 3557 975 3662 te'rreBikeheivoeate
985 3574 1077 3642 iuxta
1092 3581 1211 3644 terram

94 3677 205 3747 Gastri
230 3681 487 3764 Nengradiensis
511 3703 551 3750 ex
570 3689 663 3768 parte
678 3681 800 3750 domini
816 3683 917 3766 Regis
931 3681 1077 3769 Nicoma,
1094 3682 1214 3750 Mathis

94 3795 126 3854 et
153 3789 331 3856 Benedieto
357 3789 551 3858 donatieiam
577 3791 780 3879 existentem,
796 3790 1023 3859 hereditariam
1041 3789 1214 3858 eorundem

94 3897 252 3964 nobilium
278 3897 318 3964 de
342 3895 497 3988 Bikehey,
522 3906 559 3967 nt
581 3898 739 3989 dixerunt,
765 3899 943 3983 dedissent,
958 3898 1168 3966 eontulissent
1183 3904 1215 3964 et

94 4001 305 4071 tradidissent
328 4005 476 4093 Niuolao,
504 4006 606 4074 Matie
623 4013 656 4074 et
671 4006 847 4076 Benedieto
863 4026 902 4073 ae
918 4025 1027 4076 eoram
1043 4003 1214 4072 heredibus

94 4110 164 4178 inre
189 4120 345 4199 perpetuo
370 4121 402 4180 et
427 4113 563 4202 pueifiee
587 4113 804 4203 possidendas
826 4117 885 4182 sub
911 4113 1055 4182 terminis
1071 4121 1104 4182 et
1118 4114 1214 4180 metis

94 4215 232 4287 inferius
256 4223 430 4291 annotatis.
455 4224 608 4292 Preterea
633 4225 666 4291 in
692 4225 911 4296 eoneambium
937 4232 970 4292 et
992 4225 1026 4293 in
1041 4229 1215 4291 eommuta-

96 4327 221 4395 eiunem
248 4328 394 4416 predicte
416 4338 499 4398 terre
518 4332 773 4420 Tagadopaehia
788 4341 821 4404 et
836 4334 995 4421 pertiunle
1009 4333 1100 4422 prins
1115 4329 1212 4418 diete,

96 4433 195 4518 ijdem
205 4433 370 4526 Nieolans,
382 4439 501 4508 Matius
518 4447 550 4508 et
559 4441 752 4512 Benedictus
761 4443 927 4528 quandem
937 4449 1055 4521 terram
1063 4440 1214 4526 Bilrchey

96 4549 255 4628 renatam,
281 4565 378 4630 qaam
402 4545 566 4618 mediante
592 4556 700 4618 nostro
725 4551 899 4639 priuilegio
924 4552 1094 4636 tenebant,
1120 4549 1212 4618 euius

99 4653 193 4720 tenor
202 4655 421 4744 annotabitun
428 4653 601 4746 dedissent,
613 4659 826 4730 eontulissent
834 4665 868 4729 et
883 4660 986 4731 etiam
1002 4657 1215 4728 tradidissent
