3118 5158
859 298 903 362 54

314 495 472 580 Magistro
487 493 745 560 Teuemioorum
762 490 888 558 Gemite
912 489 954 556 de
976 491 1074 575 Plys,
1100 487 1269 570 Reynoldo
1287 488 1438 572 Magistro

314 601 541 687 Dupit'erorum
559 599 683 666 Gemite
699 598 986 684 Zulgageuryeusi,
1001 593 1171 663 Herbordo
1186 596 1343 679 Magistro
1359 598 1437 681 Age-

315 730 428 777 sonum
455 708 579 775 Gemite
605 707 646 774 de
671 709 840 791 Baranya,
867 705 1001 772 Nieolao
1028 703 1184 787 Magistro
1208 703 1439 771 Pineernarum

314 825 497 885 nostrorum
518 815 642 881 Comite
658 815 699 880 de
714 817 838 899 Bereg,
862 815 955 899 Moys
981 812 1137 896 Magistro
1161 811 1440 879 Theuarnieorum

316 925 446 992 domine
471 924 595 1009 Regino
621 923 746 991 Oomite
771 923 993 1008 Syrimyensi,
1018 921 1167 988 Johenne
1185 918 1309 987 Gomite
1326 921 1439 1005 Supru-
1497 935 1500 943 ⁴

316 1033 443 1119 niensi,
471 1032 628 1116 Gregorio
647 1030 770 1096 Gomite
787 1029 893 1096 uestri
909 1030 1040 1114 Ferrey,
1064 1026 1191 1093 Dedelo
1209 1026 1335 1094 Comite
1351 1028 1438 1093 Zala-

315 1140 440 1225 diensi,
463 1139 586 1206 Jueobo
603 1137 728 1205 comite
743 1137 930 1220 Nittriensi,
956 1137 1073 1222 Thyba
1092 1135 1215 1202 Gemite
1231 1135 1396 1220 Tolnensi,
1412 1142 1442 1200 et

316 1248 391 1332 elijs
407 1246 653 1331 quampluribus
670 1247 850 1313 Comitatus
866 1245 971 1330 Regni
991 1244 1178 1310 tenentibus
1194 1250 1227 1308 et
1242 1241 1391 1310 honores.

315 1427 349 1492 (1.
363 1424 445 1490 Lejos
467 1421 557 1490 kirtly
580 1425 691 1474 isos-ki
713 1425 875 1488 megsrdsitd
897 1419 1081 1488 okmtnytbdl
1099 1439 1116 1474 a
1138 1438 1179 1488 gr.
1203 1419 1329 1488 Forgdeh
1354 1420 1442 1474 esultd

715 1513 828 1579 ghimesi
841 1509 1052 1579 leudlttrdbun.)

774 1693 988 1703 ---—--—--

853 2030 908 2096 32.

317 2229 374 2297 IV.
401 2233 516 2298 Loszto
531 2232 705 2318 kirdlyook
721 2230 853 2315 Drapuo
871 2239 950 2295 nevit
967 2231 1073 2317 siilelet
1092 2233 1255 2328 tdrpyazd
1266 2233 1445 2317 odooedopo

509 2341 592 2405 Deru
608 2343 639 2404 ts
655 2339 807 2420 Demeter,
822 2337 933 2403 Hunth
941 2339 1009 2420 fiai
1024 2345 1181 2405 seueriore.
1208 2343 1306 2406 1274.

423 2533 598 2600 Lediniaus
628 2533 689 2598 Dei
722 2531 837 2616 grauia
868 2531 1054 2616 Hungsrie,
1088 2532 1266 2617 Delmaeie‚
1301 2533 1443 2616 Groeeie,

317 2643 434 2723 Reme,
458 2639 589 2720 Seruio,
613 2637 771 2724 Gellieie,
793 2638 1003 2726 Lodomerie,
1038 2637 1191 2706 Cumanie
1223 2641 1444 2725 Bulgurieque

318 2748 387 2813 Rex
414 2747 562 2814 omnibus
586 2745 706 2813 Christi
732 2745 880 2812 fidelibus
906 2755 1075 2833 presentes
1101 2748 1226 2813 litteras
1253 2746 1447 2833 inspecturis

316 2855 454 2920 salutem
470 2853 504 2920 in
520 2853 661 2921 omnium
672 2855 845 2920 saluatore.
863 2853 916 2918 Ad
928 2855 1152 2920 uniuersorum
1166 2853 1318 2920 noticiam
1337 2861 1446 2922 tenore

318 2963 519 3046 presenoium
536 2962 684 3027 volumus
711 2961 891 3048 peruenire,
918 2962 1003 3043 quod
1023 2982 1094 3027 eum
1112 2964 1194 3027 Ders
1213 2967 1244 3026 et
1260 2963 1447 3027 Demetrius

318 3070 376 3155 filij
395 3069 505 3136 Hunth
530 3067 645 3134 fideles
671 3069 771 3134 nostri
799 3068 989 3153 sprimeuis
1015 3069 1158 3153 puerioie
1175 3089 1232 3136 sue
1247 3070 1447 3154 temporibus

319 3177 421 3242 multa
438 3181 469 3242 et
485 3175 615 3241 diuersa
642 3173 808 3240 fidelitatis
829 3176 986 3259 obsequia
1011 3176 1044 3240 in
1061 3176 1207 3242 omnihus
1225 3178 1328 3259 Regni
1346 3177 1447 3243 nostri

318 3283 596 3368 expedioionihus,
621 3283 787 3366 inquibus
813 3283 997 3364 frequenter
1022 3284 1160 3350 uulnera
1178 3283 1293 3349 letalis
1311 3284 1448 3367 pertule-

317 3397 400 3474 runt,
418 3389 630 3457 laudabiliter
653 3389 897 3474 impendissent,
924 3411 986 3474 que
1003 3411 1059 3474 per
1075 3391 1205 3474 singula
1231 3411 1295 3456 non
1314 3397 1450 3474 possent

236 3487 240 3496 '
318 3493 484 3560 eommode
500 3495 640 3578 recitari
657 3515 718 3560 nos
733 3497 875 3580 ipsorum
892 3495 1086 3580 obsequiosa
1106 3498 1222 3562 merite
1237 3503 1270 3561 et
1285 3497 1450 3562 meritoria
1552 3509 1553 3580 t

318 3601 476 3684 obsequia
492 3621 547 3685 pre
564 3601 667 3668 oeulis
683 3601 850 3684 hebentes,
872 3601 1081 3686 volentesque
1098 3604 1222 3670 eisdem
1238 3611 1372 3689 propter
1389 3604 1450 3670 hoe

318 3707 430 3792 grania
447 3707 672 3775 uieissitudine
693 3710 899 3794 respondere,
919 3711 1083 3793 quandam
1099 3718 1217 3778 terrem
1235 3712 1368 3792 Dragus
1392 3731 1449 3778 uo-

319 3822 438 3902 eatam,
465 3837 562 3899 quum
578 3817 731 3883 Moroueh
756 3819 841 3883 filius
857 3816 978 3882 Muthie
995 3818 1035 3885 de
1051 3818 1209 3884 Seelohen
1227 3827 1412 3904 exemptam
1430 3841 1451 3883 a
1552 3875 1553 3902 ,

319 3923 414 3988 terris
431 3923 534 3994 Gustri
554 3927 654 3990 nostri
672 3925 850 3991 Huntensis
877 3945 917 3992 ex
935 3925 1113 3992 ootleeione
1129 3926 1231 4010 Regia
1248 3928 1450 4010 possidebat,

318 4031 492 4096 abeodem
508 4030 661 4099 Moroueh
687 4041 819 4118 propter
843 4031 1047 4100 infidelitatis
1073 4041 1268 4119 monetam,
1295 4054 1396 4117 quom
1415 4039 1451 4101 in

319 4138 528 4222 adiungendo
555 4161 591 4206 se
616 4141 769 4206 Cumanis
795 4148 870 4206 tune
891 4141 1010 4206 nostris
1030 4139 1233 4224 infidelibus,
1258 4149 1291 4206 et
1306 4161 1452 4209 unacum
1552 4135 1553 4218 i

319 4243 440 4312 eisdem
466 4253 579 4314 eontra
604 4268 663 4314 nos
688 4249 858 4332 insurgere
885 4249 1111 4334 presumendo,
1137 4267 1209 4314 oum
1236 4269 1295 4334 per
1316 4248 1451 4314 eosdem
1552 4253 1553 4324 t

318 4353 479 4438 Cumanos
505 4355 597 4420 uaria
622 4375 811 4438 guerrarum
837 4355 1027 4422 discrimine
1051 4357 1085 4422 in
1102 4357 1213 4439 Regno
1231 4362 1344 4422 nostro
1362 4377 1451 4421 eom·

319 4467 406 4526 motu
423 4460 560 4546 fuerent,
575 4463 718 4546 incurrit,
736 4463 913 4530 auferendo
928 4463 1048 4529 eisdem
1065 4464 1153 4546 Dyrs
1168 4471 1201 4528 et
1215 4463 1393 4546 Demetrio,
1410 4483 1454 4529 ae
1552 4493 1553 4522 r

318 4586 376 4656 per
394 4567 481 4651 ipsos
498 4587 606 4634 eorum
623 4567 796 4636 heredibus
813 4569 1031 4653 heredumque
1057 4568 1297 4636 suooessoribus
1314 4569 1453 4636 eontuli·
1552 4575 1553 4634 i
