<?xml version="1.0" encoding="UTF-8"?>
<!DOCTYPE html PUBLIC "-//W3C//DTD XHTML 1.0 Transitional//EN"
    "http://www.w3.org/TR/xhtml1/DTD/xhtml1-transitional.dtd">
<html xmlns="http://www.w3.org/1999/xhtml" xml:lang="en" lang="en">
 <head>
  <title>
</title>
<meta http-equiv="Content-Type" content="text/html;charset=utf-8" />
  <meta name='ocr-system' content='tesseract 3.04.00' />
  <meta name='ocr-capabilities' content='ocr_page ocr_carea ocr_par ocr_line ocrx_word'/>
</head>
<body>
  <div class='ocr_page' id='page_1' title='image "./codexdiplomatic12wenzgoog_0166.png"; bbox 0 0 3118 5158; ppageno 0'>
   <div class='ocr_carea' id='block_1_1' title="bbox 877 846 929 915">
    <p class='ocr_par' dir='ltr' id='par_1_1' title="bbox 877 846 929 915">
     <span class='ocr_line' id='line_1_1' title="bbox 877 846 929 915; baseline 0.019 -1"><span class='ocrx_word' id='word_1_1' title='bbox 877 846 929 915; x_wconf 79' lang='lat' dir='ltr'>te.</span> 
     </span>
    </p>
   </div>
   <div class='ocr_carea' id='block_1_2' title="bbox 335 1041 1481 1238">
    <p class='ocr_par' dir='ltr' id='par_1_2' title="bbox 335 1041 1481 1238">
     <span class='ocr_line' id='line_1_2' title="bbox 335 1041 1481 1135; baseline 0.008 -29"><span class='ocrx_word' id='word_1_2' title='bbox 335 1041 393 1106; x_wconf 81' lang='lat' dir='ltr'>JV.</span> <span class='ocrx_word' id='word_1_3' title='bbox 410 1041 527 1109; x_wconf 72' lang='lat' dir='ltr'>Lo&#39;azlo</span> <span class='ocrx_word' id='word_1_4' title='bbox 542 1043 654 1130; x_wconf 74' lang='lat' dir='ltr'>loirdly</span> <span class='ocrx_word' id='word_1_5' title='bbox 681 1047 859 1130; x_wconf 69' lang='lat' dir='ltr'>repertrici</span> <span class='ocrx_word' id='word_1_6' title='bbox 888 1043 922 1110; x_wconf 90' lang='lat' dir='ltr'>V.</span> <span class='ocrx_word' id='word_1_7' title='bbox 937 1045 1049 1110; x_wconf 78' lang='lat' dir='ltr'>Iatodo</span> <span class='ocrx_word' id='word_1_8' title='bbox 1063 1045 1238 1132; x_wconf 75' lang='lat' dir='ltr'>kirolpnak</span> <span class='ocrx_word' id='word_1_9' title='bbox 1254 1047 1330 1112; x_wconf 77' lang='lat' dir='ltr'>[loo</span> <span class='ocrx_word' id='word_1_10' title='bbox 1344 1053 1481 1135; x_wconf 67' lang='lat' dir='ltr'>eriperet</span> 
     </span>
     <span class='ocr_line' id='line_1_3' title="bbox 335 1151 1478 1238; baseline 0.006 -25"><span class='ocrx_word' id='word_1_11' title='bbox 335 1153 491 1236; x_wconf 74' lang='lat' dir='ltr'>tdrppaao</span> <span class='ocrx_word' id='word_1_12' title='bbox 505 1151 699 1235; x_wconf 74' lang='lat' dir='ltr'>adomdnycit</span> <span class='ocrx_word' id='word_1_13' title='bbox 714 1175 735 1217; x_wconf 85' lang='lat' dir='ltr'>o</span> <span class='ocrx_word' id='word_1_14' title='bbox 750 1151 939 1237; x_wconf 75' lang='lat' dir='ltr'>nyellsze&#39;pete&#39;</span> <span class='ocrx_word' id='word_1_15' title='bbox 953 1152 1181 1238; x_wconf 77' lang='lat' dir='ltr'>apciozoadrda</span> <span class='ocrx_word' id='word_1_16' title='bbox 1194 1157 1478 1224; x_wconf 75' lang='lat' dir='ltr'>ezdmdra.1275..</span> 
     </span>
    </p>
   </div>
   <div class='ocr_carea' id='block_1_3' title="bbox 391 1361 1469 1449">
    <p class='ocr_par' dir='ltr' id='par_1_3' title="bbox 391 1361 1469 1449">
     <span class='ocr_line' id='line_1_4' title="bbox 391 1361 1469 1449; baseline 0.003 -19"><span class='ocrx_word' id='word_1_17' title='bbox 391 1422 396 1430; x_wconf 86' lang='grc'><em>,</em></span> <span class='ocrx_word' id='word_1_18' title='bbox 441 1361 510 1430; x_wconf 88' lang='lat' dir='ltr'>Nos</span> <span class='ocrx_word' id='word_1_19' title='bbox 524 1361 701 1430; x_wconf 85' lang='lat' dir='ltr'>Ladinlaus</span> <span class='ocrx_word' id='word_1_20' title='bbox 717 1364 779 1431; x_wconf 89' lang='lat' dir='ltr'>Dei</span> <span class='ocrx_word' id='word_1_21' title='bbox 794 1363 906 1448; x_wconf 83' lang='lat' dir='ltr'>graeia</span> <span class='ocrx_word' id='word_1_22' title='bbox 921 1365 992 1434; x_wconf 86' lang='lat' dir='ltr'>Rex</span> <span class='ocrx_word' id='word_1_23' title='bbox 1008 1365 1175 1449; x_wconf 81' lang='lat' dir='ltr'>Hungerie</span> <span class='ocrx_word' id='word_1_24' title='bbox 1200 1367 1354 1433; x_wconf 82' lang='lat' dir='ltr'>memorie</span> <span class='ocrx_word' id='word_1_25' title='bbox 1380 1387 1469 1435; x_wconf 89' lang='lat' dir='ltr'>eom-</span> 
     </span>
    </p>
   </div>
   <div class='ocr_carea' id='block_1_4' title="bbox 228 1467 1473 1559">
    <p class='ocr_par' dir='ltr' id='par_1_4' title="bbox 228 1467 1473 1559">
     <span class='ocr_line' id='line_1_5' title="bbox 228 1467 1473 1559; baseline 0.005 -26"><span class='ocrx_word' id='word_1_26' title='bbox 228 1509 233 1519; x_wconf 88' lang='lat'><strong>·</strong></span> <span class='ocrx_word' id='word_1_27' title='bbox 334 1467 527 1537; x_wconf 78' lang='lat' dir='ltr'>mendantes</span> <span class='ocrx_word' id='word_1_28' title='bbox 552 1469 770 1554; x_wconf 80' lang='lat' dir='ltr'>significamus</span> <span class='ocrx_word' id='word_1_29' title='bbox 794 1471 911 1554; x_wconf 87' lang='lat' dir='ltr'>quibus</span> <span class='ocrx_word' id='word_1_30' title='bbox 927 1471 1061 1557; x_wconf 85' lang='lat' dir='ltr'>expedit</span> <span class='ocrx_word' id='word_1_31' title='bbox 1084 1472 1242 1540; x_wconf 77' lang='lat' dir='ltr'>eninersis</span> <span class='ocrx_word' id='word_1_32' title='bbox 1258 1473 1473 1559; x_wconf 75' lang='lat' dir='ltr'>presencium·</span> 
     </span>
    </p>
   </div>
   <div class='ocr_carea' id='block_1_5' title="bbox 328 1575 1472 3254">
    <p class='ocr_par' dir='ltr' id='par_1_5' title="bbox 331 1575 1472 2416">
     <span class='ocr_line' id='line_1_6' title="bbox 332 1575 1472 1666; baseline 0.004 -24"><span class='ocrx_word' id='word_1_33' title='bbox 332 1595 392 1660; x_wconf 90' lang='lat' dir='ltr'>per</span> <span class='ocrx_word' id='word_1_34' title='bbox 407 1582 564 1658; x_wconf 88' lang='lat' dir='ltr'>tenorem,</span> <span class='ocrx_word' id='word_1_35' title='bbox 586 1575 674 1659; x_wconf 90' lang='lat' dir='ltr'>quod</span> <span class='ocrx_word' id='word_1_36' title='bbox 690 1576 789 1644; x_wconf 82' lang='lat' dir='ltr'>irater</span> <span class='ocrx_word' id='word_1_37' title='bbox 804 1577 919 1646; x_wconf 85' lang='lat' dir='ltr'>Petrus</span> <span class='ocrx_word' id='word_1_38' title='bbox 935 1585 1126 1664; x_wconf 88' lang='lat' dir='ltr'>proonrator</span> <span class='ocrx_word' id='word_1_39' title='bbox 1141 1580 1298 1647; x_wconf 89' lang='lat' dir='ltr'>bonorum</span> <span class='ocrx_word' id='word_1_40' title='bbox 1314 1599 1373 1647; x_wconf 87' lang='lat' dir='ltr'>sen</span> <span class='ocrx_word' id='word_1_41' title='bbox 1387 1600 1472 1666; x_wconf 77' lang='lat' dir='ltr'>pos·</span> 
     </span>
     <span class='ocr_line' id='line_1_7' title="bbox 334 1683 1465 1770; baseline 0.003 -19"><span class='ocrx_word' id='word_1_42' title='bbox 334 1684 516 1752; x_wconf 84' lang='lat' dir='ltr'>sessionum</span> <span class='ocrx_word' id='word_1_43' title='bbox 541 1683 729 1769; x_wconf 82' lang='lat' dir='ltr'>Monesterij</span> <span class='ocrx_word' id='word_1_44' title='bbox 753 1684 855 1752; x_wconf 87' lang='lat' dir='ltr'>Beate</span> <span class='ocrx_word' id='word_1_45' title='bbox 881 1686 1026 1770; x_wconf 80' lang='lat' dir='ltr'>Virginis</span> <span class='ocrx_word' id='word_1_46' title='bbox 1050 1686 1092 1755; x_wconf 88' lang='lat' dir='ltr'>da</span> <span class='ocrx_word' id='word_1_47' title='bbox 1116 1687 1229 1754; x_wconf 84' lang='lat' dir='ltr'>Insnle</span> <span class='ocrx_word' id='word_1_48' title='bbox 1252 1686 1296 1756; x_wconf 88' lang='lat' dir='ltr'>ad</span> <span class='ocrx_word' id='word_1_49' title='bbox 1315 1693 1465 1754; x_wconf 86' lang='lat' dir='ltr'>nostram</span> 
     </span>
     <span class='ocr_line' id='line_1_8' title="bbox 334 1789 1467 1880; baseline 0.002 -24"><span class='ocrx_word' id='word_1_50' title='bbox 334 1789 494 1859; x_wconf 77' lang='lat' dir='ltr'>accedens</span> <span class='ocrx_word' id='word_1_51' title='bbox 509 1789 726 1876; x_wconf 77' lang='lat' dir='ltr'>presenciam,</span> <span class='ocrx_word' id='word_1_52' title='bbox 753 1792 902 1860; x_wconf 84' lang='lat' dir='ltr'>exhibuit</span> <span class='ocrx_word' id='word_1_53' title='bbox 923 1795 1016 1861; x_wconf 92' lang='lat' dir='ltr'>nobis</span> <span class='ocrx_word' id='word_1_54' title='bbox 1031 1800 1180 1880; x_wconf 83' lang='lat' dir='ltr'>petentes</span> <span class='ocrx_word' id='word_1_55' title='bbox 1195 1794 1323 1862; x_wconf 86' lang='lat' dir='ltr'>litteras</span> <span class='ocrx_word' id='word_1_56' title='bbox 1338 1793 1467 1861; x_wconf 87' lang='lat' dir='ltr'>domini</span> 
     </span>
     <span class='ocr_line' id='line_1_9' title="bbox 333 1897 1465 1986; baseline 0.003 -22"><span class='ocrx_word' id='word_1_57' title='bbox 333 1897 378 1964; x_wconf 80' lang='lat' dir='ltr'>St.</span> <span class='ocrx_word' id='word_1_58' title='bbox 398 1897 505 1965; x_wconf 89' lang='lat' dir='ltr'>Inoliti</span> <span class='ocrx_word' id='word_1_59' title='bbox 532 1898 629 1982; x_wconf 84' lang='lat' dir='ltr'>Regis</span> <span class='ocrx_word' id='word_1_60' title='bbox 660 1900 828 1983; x_wconf 83' lang='lat' dir='ltr'>Hungarie</span> <span class='ocrx_word' id='word_1_61' title='bbox 858 1901 943 1968; x_wconf 89' lang='lat' dir='ltr'>bone</span> <span class='ocrx_word' id='word_1_62' title='bbox 974 1899 1129 1969; x_wconf 82' lang='lat' dir='ltr'>memorIa</span> <span class='ocrx_word' id='word_1_63' title='bbox 1160 1899 1327 1968; x_wconf 81' lang='lat' dir='ltr'>karissimi</span> <span class='ocrx_word' id='word_1_64' title='bbox 1357 1899 1465 1986; x_wconf 85' lang='lat' dir='ltr'>patris</span> 
     </span>
     <span class='ocr_line' id='line_1_10' title="bbox 331 2004 1465 2088; baseline 0.004 -18"><span class='ocrx_word' id='word_1_65' title='bbox 331 2004 452 2085; x_wconf 84' lang='lat' dir='ltr'>nostri,</span> <span class='ocrx_word' id='word_1_66' title='bbox 476 2011 591 2088; x_wconf 85' lang='lat' dir='ltr'>petens</span> <span class='ocrx_word' id='word_1_67' title='bbox 616 2027 688 2074; x_wconf 89' lang='lat' dir='ltr'>oum</span> <span class='ocrx_word' id='word_1_68' title='bbox 704 2006 869 2076; x_wconf 76' lang='lat' dir='ltr'>instancia</span> <span class='ocrx_word' id='word_1_69' title='bbox 893 2009 996 2076; x_wconf 87' lang='lat' dir='ltr'>uerbo</span> <span class='ocrx_word' id='word_1_70' title='bbox 1022 2009 1154 2076; x_wconf 85' lang='lat' dir='ltr'>domine</span> <span class='ocrx_word' id='word_1_71' title='bbox 1168 2011 1205 2076; x_wconf 83' lang='lat' dir='ltr'>E.</span> <span class='ocrx_word' id='word_1_72' title='bbox 1222 2008 1396 2082; x_wconf 76' lang='lat' dir='ltr'>karissime</span> <span class='ocrx_word' id='word_1_73' title='bbox 1412 2027 1465 2075; x_wconf 92' lang='lat' dir='ltr'>so-</span> 
     </span>
     <span class='ocr_line' id='line_1_11' title="bbox 331 2113 1472 2202; baseline 0.004 -24"><span class='ocrx_word' id='word_1_74' title='bbox 331 2113 415 2180; x_wconf 81' lang='lat' dir='ltr'>rorIs</span> <span class='ocrx_word' id='word_1_75' title='bbox 430 2118 549 2202; x_wconf 87' lang='lat' dir='ltr'>nostro,</span> <span class='ocrx_word' id='word_1_76' title='bbox 567 2119 599 2179; x_wconf 92' lang='lat' dir='ltr'>et</span> <span class='ocrx_word' id='word_1_77' title='bbox 613 2135 760 2182; x_wconf 87' lang='lat' dir='ltr'>sororum</span> <span class='ocrx_word' id='word_1_78' title='bbox 778 2114 820 2183; x_wconf 88' lang='lat' dir='ltr'>de</span> <span class='ocrx_word' id='word_1_79' title='bbox 835 2117 948 2184; x_wconf 82' lang='lat' dir='ltr'>Insula</span> <span class='ocrx_word' id='word_1_80' title='bbox 962 2122 1146 2201; x_wconf 79' lang='lat' dir='ltr'>prenotate,</span> <span class='ocrx_word' id='word_1_81' title='bbox 1169 2123 1207 2184; x_wconf 86' lang='lat' dir='ltr'>ut</span> <span class='ocrx_word' id='word_1_82' title='bbox 1222 2115 1354 2184; x_wconf 85' lang='lat' dir='ltr'>eaedem</span> <span class='ocrx_word' id='word_1_83' title='bbox 1369 2121 1472 2182; x_wconf 84' lang='lat' dir='ltr'>ratas</span> 
     </span>
     <span class='ocr_line' id='line_1_12' title="bbox 331 2217 1464 2308; baseline 0.004 -24"><span class='ocrx_word' id='word_1_84' title='bbox 331 2217 472 2303; x_wconf 89' lang='lat' dir='ltr'>habere,</span> <span class='ocrx_word' id='word_1_85' title='bbox 497 2227 530 2288; x_wconf 85' lang='lat' dir='ltr'>et</span> <span class='ocrx_word' id='word_1_86' title='bbox 544 2221 663 2290; x_wconf 85' lang='lat' dir='ltr'>nostris</span> <span class='ocrx_word' id='word_1_87' title='bbox 689 2224 873 2308; x_wconf 89' lang='lat' dir='ltr'>patentibus</span> <span class='ocrx_word' id='word_1_88' title='bbox 888 2223 1009 2292; x_wconf 87' lang='lat' dir='ltr'>litteris</span> <span class='ocrx_word' id='word_1_89' title='bbox 1033 2224 1244 2308; x_wconf 82' lang='lat' dir='ltr'>dignaremur</span> <span class='ocrx_word' id='word_1_90' title='bbox 1259 2222 1464 2290; x_wconf 85' lang='lat' dir='ltr'>oonlirmare.</span> 
     </span>
     <span class='ocr_line' id='line_1_13' title="bbox 332 2323 1322 2416; baseline 0.001 -22"><span class='ocrx_word' id='word_1_91' title='bbox 332 2323 476 2405; x_wconf 79' lang='lat' dir='ltr'>Quarum</span> <span class='ocrx_word' id='word_1_92' title='bbox 492 2326 620 2412; x_wconf 85' lang='lat' dir='ltr'>quidem</span> <span class='ocrx_word' id='word_1_93' title='bbox 635 2331 819 2416; x_wconf 79' lang='lat' dir='ltr'>potenciam</span> <span class='ocrx_word' id='word_1_94' title='bbox 835 2331 1028 2398; x_wconf 87' lang='lat' dir='ltr'>llitterarom</span> <span class='ocrx_word' id='word_1_95' title='bbox 1044 2338 1137 2399; x_wconf 89' lang='lat' dir='ltr'>tenor</span> <span class='ocrx_word' id='word_1_96' title='bbox 1153 2331 1231 2398; x_wconf 88' lang='lat' dir='ltr'>talia</span> <span class='ocrx_word' id='word_1_97' title='bbox 1247 2336 1297 2396; x_wconf 89' lang='lat' dir='ltr'>est</span> <span class='ocrx_word' id='word_1_98' title='bbox 1314 2353 1322 2395; x_wconf 91' lang='lat'><strong>:</strong></span> 
     </span>
    </p>

    <p class='ocr_par' dir='ltr' id='par_1_6' title="bbox 330 2434 1470 2845">
     <span class='ocr_line' id='line_1_14' title="bbox 438 2434 1470 2523; baseline -0.004 -22"><span class='ocrx_word' id='word_1_99' title='bbox 438 2434 507 2502; x_wconf 82' lang='lat' dir='ltr'>Nos</span> <span class='ocrx_word' id='word_1_100' title='bbox 532 2435 579 2503; x_wconf 87' lang='lat' dir='ltr'>St.</span> <span class='ocrx_word' id='word_1_101' title='bbox 607 2436 670 2504; x_wconf 92' lang='lat' dir='ltr'>Dei</span> <span class='ocrx_word' id='word_1_102' title='bbox 697 2438 810 2520; x_wconf 81' lang='lat' dir='ltr'>gracia</span> <span class='ocrx_word' id='word_1_103' title='bbox 825 2439 895 2505; x_wconf 85' lang='lat' dir='ltr'>Rex</span> <span class='ocrx_word' id='word_1_104' title='bbox 909 2438 1077 2522; x_wconf 79' lang='lat' dir='ltr'>Hungarie</span> <span class='ocrx_word' id='word_1_105' title='bbox 1101 2438 1162 2506; x_wconf 88' lang='lat' dir='ltr'>stb.</span> <span class='ocrx_word' id='word_1_106' title='bbox 1189 2435 1404 2523; x_wconf 79' lang='lat' dir='ltr'>(lrttvetkeaik</span> <span class='ocrx_word' id='word_1_107' title='bbox 1420 2437 1470 2502; x_wconf 83' lang='lat' dir='ltr'>V..</span> 
     </span>
     <span class='ocr_line' id='line_1_15' title="bbox 330 2541 1463 2632; baseline 0.002 -24"><span class='ocrx_word' id='word_1_108' title='bbox 330 2542 444 2608; x_wconf 76' lang='lat' dir='ltr'>Istvin</span> <span class='ocrx_word' id='word_1_109' title='bbox 458 2541 638 2627; x_wconf 76' lang='lat' dir='ltr'>kirtlynolr</span> <span class='ocrx_word' id='word_1_110' title='bbox 665 2543 778 2629; x_wconf 87' lang='lat' dir='ltr'>„Bnde</span> <span class='ocrx_word' id='word_1_111' title='bbox 802 2544 836 2611; x_wconf 92' lang='lat' dir='ltr'>in</span> <span class='ocrx_word' id='word_1_112' title='bbox 853 2545 980 2613; x_wconf 79' lang='lat' dir='ltr'>oetaeis</span> <span class='ocrx_word' id='word_1_113' title='bbox 997 2543 1181 2632; x_wconf 79' lang='lat' dir='ltr'>Gynernm“</span> <span class='ocrx_word' id='word_1_114' title='bbox 1199 2547 1330 2611; x_wconf 72' lang='lat' dir='ltr'>evertm</span> <span class='ocrx_word' id='word_1_115' title='bbox 1342 2541 1463 2610; x_wconf 83' lang='lat' dir='ltr'>nelknl</span> 
     </span>
     <span class='ocr_line' id='line_1_16' title="bbox 330 2646 1463 2736; baseline -0.001 -21"><span class='ocrx_word' id='word_1_116' title='bbox 330 2648 401 2718; x_wconf 87' lang='lat' dir='ltr'>kelt</span> <span class='ocrx_word' id='word_1_117' title='bbox 416 2647 591 2734; x_wconf 66' lang='lat' dir='ltr'>olrmonya</span> <span class='ocrx_word' id='word_1_118' title='bbox 615 2646 698 2715; x_wconf 88' lang='lat' dir='ltr'>mint</span> <span class='ocrx_word' id='word_1_119' title='bbox 721 2650 1003 2736; x_wconf 76' lang='lat' dir='ltr'>gytjtemenytnlr</span> <span class='ocrx_word' id='word_1_120' title='bbox 1019 2649 1110 2717; x_wconf 91' lang='lat' dir='ltr'><strong>VIII.</strong></span> <span class='ocrx_word' id='word_1_121' title='bbox 1128 2647 1253 2734; x_wconf 71' lang='lat' dir='ltr'>*ragyis</span> <span class='ocrx_word' id='word_1_122' title='bbox 1270 2647 1463 2715; x_wconf 64' lang='lat' dir='ltr'>amasodst</span> 
     </span>
     <span class='ocr_line' id='line_1_17' title="bbox 332 2753 866 2845; baseline 0 -23"><span class='ocrx_word' id='word_1_123' title='bbox 332 2754 457 2840; x_wconf 83' lang='lat' dir='ltr'>lolyam</span> <span class='ocrx_word' id='word_1_124' title='bbox 472 2754 531 2822; x_wconf 89' lang='lat'><em>111.</em></span> <span class='ocrx_word' id='word_1_125' title='bbox 549 2753 721 2823; x_wconf 77' lang='lat' dir='ltr'>koteteben</span> <span class='ocrx_word' id='word_1_126' title='bbox 737 2753 866 2845; x_wconf 86' lang='lat'>418.1.)</span> 
     </span>
    </p>

    <p class='ocr_par' dir='ltr' id='par_1_7' title="bbox 328 2861 1468 3254">
     <span class='ocr_line' id='line_1_18' title="bbox 437 2861 1468 2949; baseline 0.001 -21"><span class='ocrx_word' id='word_1_127' title='bbox 437 2861 507 2930; x_wconf 86' lang='lat' dir='ltr'>Nos</span> <span class='ocrx_word' id='word_1_128' title='bbox 523 2862 624 2948; x_wconf 82' lang='lat' dir='ltr'>igitur</span> <span class='ocrx_word' id='word_1_129' title='bbox 640 2861 803 2949; x_wconf 86' lang='lat' dir='ltr'>prediotas</span> <span class='ocrx_word' id='word_1_130' title='bbox 818 2863 948 2931; x_wconf 75' lang='lat' dir='ltr'>litteras</span> <span class='ocrx_word' id='word_1_131' title='bbox 963 2870 1055 2931; x_wconf 80' lang='lat' dir='ltr'>rates</span> <span class='ocrx_word' id='word_1_132' title='bbox 1071 2862 1230 2932; x_wconf 85' lang='lat' dir='ltr'>habentes</span> <span class='ocrx_word' id='word_1_133' title='bbox 1246 2869 1279 2929; x_wconf 88' lang='lat' dir='ltr'>et</span> <span class='ocrx_word' id='word_1_134' title='bbox 1295 2868 1468 2945; x_wconf 77' lang='lat' dir='ltr'>aeoeptas,</span> 
     </span>
     <span class='ocr_line' id='line_1_19' title="bbox 330 2969 1465 3056; baseline -0.004 -18"><span class='ocrx_word' id='word_1_135' title='bbox 330 2971 463 3040; x_wconf 84' lang='lat' dir='ltr'>easdem</span> <span class='ocrx_word' id='word_1_136' title='bbox 488 2972 694 3055; x_wconf 86' lang='lat' dir='ltr'>presentibus</span> <span class='ocrx_word' id='word_1_137' title='bbox 719 2971 956 3040; x_wconf 82' lang='lat' dir='ltr'>confirmamus.</span> <span class='ocrx_word' id='word_1_138' title='bbox 980 2973 1100 3039; x_wconf 86' lang='lat' dir='ltr'>Datum</span> <span class='ocrx_word' id='word_1_139' title='bbox 1120 2969 1209 3056; x_wconf 86' lang='lat' dir='ltr'>apud</span> <span class='ocrx_word' id='word_1_140' title='bbox 1224 2969 1465 3037; x_wconf 83' lang='lat' dir='ltr'>Monasterinm</span> 
     </span>
     <span class='ocr_line' id='line_1_20' title="bbox 329 3075 1460 3165; baseline -0.004 -19"><span class='ocrx_word' id='word_1_141' title='bbox 329 3079 425 3149; x_wconf 89' lang='lat' dir='ltr'>Beati</span> <span class='ocrx_word' id='word_1_142' title='bbox 440 3077 557 3145; x_wconf 87' lang='lat' dir='ltr'>Jacobi</span> <span class='ocrx_word' id='word_1_143' title='bbox 572 3078 722 3162; x_wconf 86' lang='lat' dir='ltr'>Apostoli</span> <span class='ocrx_word' id='word_1_144' title='bbox 738 3080 827 3165; x_wconf 81' lang='lat' dir='ltr'>opud</span> <span class='ocrx_word' id='word_1_145' title='bbox 843 3079 937 3146; x_wconf 81' lang='lat' dir='ltr'>Seloz</span> <span class='ocrx_word' id='word_1_146' title='bbox 963 3079 998 3144; x_wconf 90' lang='lat' dir='ltr'>in</span> <span class='ocrx_word' id='word_1_147' title='bbox 1014 3077 1068 3146; x_wconf 86' lang='lat' dir='ltr'>die</span> <span class='ocrx_word' id='word_1_148' title='bbox 1084 3079 1271 3146; x_wconf 85' lang='lat' dir='ltr'>Strenarnm</span> <span class='ocrx_word' id='word_1_149' title='bbox 1287 3095 1375 3142; x_wconf 91' lang='lat' dir='ltr'>anno</span> <span class='ocrx_word' id='word_1_150' title='bbox 1389 3075 1460 3142; x_wconf 91' lang='lat' dir='ltr'>Do·</span> 
     </span>
     <span class='ocr_line' id='line_1_21' title="bbox 328 3185 692 3254; baseline -0.005 0"><span class='ocrx_word' id='word_1_151' title='bbox 328 3187 408 3254; x_wconf 90' lang='lat' dir='ltr'>mini</span> <span class='ocrx_word' id='word_1_152' title='bbox 423 3185 692 3252; x_wconf 78' lang='lat' dir='ltr'>M⁰oc⁰nxx⁰v⁰.</span> 
     </span>
    </p>
   </div>
   <div class='ocr_carea' id='block_1_6' title="bbox 329 3360 1462 3517">
    <p class='ocr_par' dir='ltr' id='par_1_8' title="bbox 329 3360 1462 3517">
     <span class='ocr_line' id='line_1_22' title="bbox 329 3360 1462 3432; baseline -0.008 -14"><span class='ocrx_word' id='word_1_153' title='bbox 329 3365 465 3432; x_wconf 75' lang='lat' dir='ltr'>(Eredetle</span> <span class='ocrx_word' id='word_1_154' title='bbox 485 3361 667 3432; x_wconf 67' lang='lat' dir='ltr'>bllrhlrtyrlm</span> <span class='ocrx_word' id='word_1_155' title='bbox 692 3365 818 3432; x_wconf 83' lang='lat' dir='ltr'>melynelr</span> <span class='ocrx_word' id='word_1_156' title='bbox 840 3363 958 3432; x_wconf 73' lang='lat' dir='ltr'>poesetje</span> <span class='ocrx_word' id='word_1_157' title='bbox 976 3364 1113 3426; x_wconf 63' lang='lat' dir='ltr'>elreszatt</span> <span class='ocrx_word' id='word_1_158' title='bbox 1133 3361 1245 3414; x_wconf 85' lang='lat' dir='ltr'>abudai</span> <span class='ocrx_word' id='word_1_159' title='bbox 1257 3360 1310 3414; x_wconf 83' lang='lat' dir='ltr'>kir.</span> <span class='ocrx_word' id='word_1_160' title='bbox 1329 3360 1462 3412; x_wconf 74' lang='lat' dir='ltr'>kamarai</span> 
     </span>
     <span class='ocr_line' id='line_1_23' title="bbox 800 3449 990 3517; baseline 0 -13"><span class='ocrx_word' id='word_1_161' title='bbox 800 3449 990 3517; x_wconf 65' lang='lat' dir='ltr'>lerllttrban.)</span> 
     </span>
    </p>
   </div>
   <div class='ocr_carea' id='block_1_7' title="bbox 0 0 1564 5158">
    <p class='ocr_par' dir='ltr' id='par_1_9' title="bbox 0 0 1564 5158">
     <span class='ocr_line' id='line_1_24' title="bbox 0 0 1564 5158; baseline 0 4"><span class='ocrx_word' id='word_1_162' title='bbox 0 0 1564 5158; x_wconf 95' lang='lat' dir='ltr'> </span> 
     </span>
    </p>
   </div>
  </div>
 </body>
</html>
