3118 5158
308 1009 357 1075 Aa
397 1013 580 1097 caterpami
609 1011 830 1098 kdptulocaulr
860 1011 1142 1096 oisonyooqteoete,
1173 1017 1256 1098 hopy
1287 1007 1431 1096 &facio

307 1118 427 1186 Kouma
442 1116 541 1184 bunut
553 1119 693 1206 flliepo‘o
717 1128 848 1204 ozvepye
867 1117 976 1183 Orocho
1000 1117 1180 1204 helysoqlron
1205 1121 1273 1184 tuot
1298 1117 1432 1184 tirtokoc

661 1229 919 1314 elzdlopoaitotto.
936 1229 1032 1292 1274.

415 1422 482 1488 Nos
507 1419 690 1507 Capitulum
715 1422 864 1490 Ecclesia
889 1419 1121 1506 Strigonicnsis
1146 1417 1261 1489 dumus
1288 1439 1348 1505 pro
1370 1440 1430 1485 me·
1536 1395 1537 1460 l

308 1531 427 1615 moria;
460 1529 547 1614 quod
573 1530 706 1596 domina
739 1530 854 1596 relicta
877 1527 1011 1596 Comitis
1037 1527 1152 1596 (lusme
1186 1526 1228 1594 de
1251 1529 1345 1594 Bana
1369 1527 1432 1593 lilia

308 1638 441 1706 Comitis
457 1637 580 1704 Samnd
596 1635 637 1702 de
652 1658 772 1722 genere
787 1638 912 1722 Tomoy
928 1637 1058 1704 nomine
1073 1637 1252 1721 Stephania
1279 1657 1337 1722 pro
1353 1657 1389 1704 se
1403 1644 1433 1702 et

309 1767 367 1832 pro
392 1745 583 1812 Petronulla
607 1765 716 1812 sorore
740 1764 802 1812 sua
825 1743 895 1811 lilia
919 1742 1062 1812 eiusdem
1089 1743 1212 1812 Sanno
1237 1743 1386 1829 Comitis,
1402 1751 1433 1808 ut

309 1852 449 1938 dicebat,
476 1871 585 1920 eoram
601 1851 695 1920 nobis
712 1851 884 1918 constituta
903 1850 1055 1918 consessa
1073 1857 1137 1937 est,
1163 1850 1251 1935 quod
1267 1857 1334 1916 tam
1351 1852 1432 1936 ipsa,

310 1979 408 2042 quam
433 1956 579 2042 predicta
605 1957 738 2023 domina
762 1957 953 2025 Petrouulla
983 1965 1102 2024 terram
1128 1977 1220 2025 suam
1245 1957 1359 2025 Oucha
1383 1977 1432 2022 uo-

312 2072 429 2148 catam,
454 2085 551 2148 quam
571 2065 644 2150 ipsa
659 2065 791 2132 domina
806 2065 996 2150 Stephanya
1012 2063 1096 2131 dixit
1121 2085 1193 2132 esse
1218 2065 1253 2130 iu
1274 2066 1433 2149 Wagkuz‚

309 2193 407 2256 quam
425 2174 526 2240 eciam
552 2173 596 2238 ad
612 2173 728 2258 ipsam,
756 2179 788 2238 et
812 2192 870 2258 per
886 2171 1009 2238 dictam
1033 2172 1198 2239 dominam
1215 2172 1433 2238 Pctrouullam

309 2299 330 2346 a
347 2280 426 2346 Pete
442 2287 474 2346 et
489 2279 684 2348 Lcustachio
702 2281 856 2346 fratribus
873 2301 983 2346 eorum
1007 2281 1042 2346 in
1058 2287 1205 2363 quartam
1222 2281 1368 2366 ipsarum
1385 2281 1432 2346 de·

309 2388 452 2452 uolutam
478 2393 511 2454 ct
536 2388 736 2472 assignatam
769 2386 870 2454 fuisse
890 2388 1038 2472 asseruit,
1063 2388 1282 2472 obligaueriut
1307 2386 1432 2472 pignori

310 2493 424 2560 Comiti
442 2496 530 2562 (lene
554 2501 692 2580 cognato
718 2515 829 2562 earum
855 2513 957 2578 usquc
983 2495 1101 2562 festum
1117 2495 1307 2562 Natiuitatis
1323 2495 1433 2562 Sancti

310 2600 469 2668 Johannis
486 2601 634 2687 Baptista
657 2602 806 2688 proxime
822 2608 992 2668 uenturum
1009 2621 1069 2686 pro
1086 2603 1202 2686 uiginti
1220 2605 1339 2669 marcis
1356 2601 1434 2668 liniti

309 2709 436 2792 argenti
446 2760 456 2795 ‚
480 2729 562 2792 quas
589 2709 629 2775 ab
654 2709 768 2777 eodem
785 2709 910 2777 Gemite
925 2710 1030 2795 (lene,
1057 2711 1113 2794 qui
1133 2731 1173 2777 ex
1191 2709 1313 2796 (parte)
1334 2709 1435 2776 altera

310 2835 421 2882 coram
446 2816 540 2883 uobis
566 2817 754 2903 comparuit,
782 2819 855 2902 ipsa
871 2816 1001 2884 domina
1017 2817 1200 2902 Stephauia
1224 2838 1260 2884 se
1277 2825 1309 2882 et
1324 2817 1433 2882 Petro·

310 2923 435 2988 nullam
461 2943 602 2990 sororem
630 2944 722 2990 suam
748 2925 833 2990 dixit
857 2926 1003 3009 plenarie
1029 2925 1209 3010 recepisse:
1236 2926 1281 2992 ita
1306 2923 1434 3010 quodsi

310 3030 380 3116 ipsc
404 3030 551 3114 domine,
580 3034 633 3100 uel
657 3034 736 3099 Pete
762 3041 795 3100 et
809 3032 1023 3100 Leustachius
1048 3033 1164 3099 fratres
1191 3051 1301 3100 earum
1327 3053 1435 3118 supra·

311 3137 398 3223 dicti,
424 3137 530 3223 ipsam
555 3145 674 3205 terram
690 3138 723 3204 iu
739 3140 885 3225 predicto
906 3139 988 3206 festo
1005 3137 1225 3228 (Natiuitatis)
1242 3141 1354 3206 Sancti
1381 3139 1434 3206 Jo-

310 3243 427 3312 hannis
443 3246 593 3330 Baptista
617 3269 682 3314 uon
698 3247 893 3314 redimerent
919 3247 1147 3332 autumnalis,
1183 3256 1301 3314 extunc
1321 3247 1436 3313 eadem

310 3359 398 3420 terra
414 3374 486 3420 eum
503 3355 652 3422 omuibus
669 3354 867 3420 utilitatibus
893 3361 926 3421 ct
942 3354 1154 3440 pertinencijs
1170 3355 1237 3422 suis
1254 3361 1437 3421 remaneret

285 3459 427 3526 *Comiti
443 3461 529 3528 (lene
545 3481 602 3547 pro
619 3461 732 3526 eadem
750 3461 889 3544 pecunia
904 3466 1060 3547 perpetuo
1076 3460 1281 3546 possidenda.
1302 3463 1346 3527 Et
1360 3463 1438 3544 quia

312 3587 370 3632 uos
387 3566 429 3630 de
445 3567 566 3634 noticia
583 3587 720 3651 persone
739 3568 841 3652 ipsius
866 3567 994 3636 domine
1011 3567 1187 3653 Stephanie
1202 3567 1437 3654 hesitabamus,

312 3671 582 3755 quemadmodum
614 3673 717 3740 eciam
749 3675 963 3760 premissum,
995 3674 1127 3741 (lomina
1157 3675 1338 3740 Katherina
1368 3675 1438 3742 filia

313 3780 405 3863 Boya
424 3779 464 3846 de
479 3777 556 3846 Molu
583 3780 840 3848 sanctimonialis
856 3781 1002 3848 Ecclesia
1018 3782 1137 3848 Sancte
1153 3781 1253 3848 Maris
1268 3781 1309 3848 de
1325 3783 1439 3848 Insula

311 3885 526 3969 Strigoniensi
552 3908 623 3954 cum
648 3889 721 3974 ipsa
746 3887 878 3954 domina
906 3888 1086 3973 Stephauia
1112 3907 1219 3955 coram
1244 3889 1335 3956 nobis
1355 3911 1439 3956 com·

312 4015 430 4079 pareus
455 3997 647 4062 certificauit
671 4017 731 4063 nos
759 3995 799 4064 de
824 3997 948 4064 eadem.
980 3996 1100 4062 Datum
1125 3995 1207 4062 seria
1232 4005 1348 4079 quarta
1368 4016 1439 4080 pro-

311 4102 401 4168 xima
425 4109 498 4187 post
513 4103 630 4172 festum
647 4103 758 4170 Sancti
776 4103 906 4190 Georgij
932 4105 965 4169 in
983 4124 1068 4170 anno
1085 4103 1203 4168 Domin
1219 4102 1440 4170 M⁰CG⁰LXX⁰

231 4265 235 4276 .
312 4219 436 4294 quarto.

312 4371 449 4437 (Eredotio
462 4369 647 4438 blirhtrtyau,
670 4371 776 4424 ahutul
795 4372 847 4423 oda
860 4378 982 4438 nyomott
1000 4371 1093 4439 poeste
1107 4373 1246 4434 elvestat,
1269 4387 1335 4424 am.
1349 4374 1374 4426 b.
1388 4376 1439 4425 Pe-

678 4459 754 4528 reuyi
767 4459 858 4513 csalid
871 4459 1078 4528 luveltutrrlbau.)
