3126 5150
125 1017 259 1082 Hem-ile
282 1018 463 1082 szlavoniai
487 1015 615 1080 hdnnak
639 1016 913 1101 dizoeyeiiqdeeele,
941 1018 1023 1102 hoyy
1048 1041 1069 1080 a
1083 1015 1269 1099 Jarmaniyt

124 1127 158 1190 de
177 1125 377 1209 Raztz'narqi
401 1121 531 1188 nemeeelc
545 1121 774 1188 Broehiedban
793 1123 862 1188 leve
881 1123 1094 1188 dirtokuknak
1101 1121 1266 1208 feierdeze't

389 1231 563 1296 Perediam
578 1232 735 1297 commmk
750 1229 887 1297 dadtdk.
913 1232 1010 1298 1273.

247 1445 315 1512 Nos
326 1441 485 1510 Henrieus
496 1444 607 1510 Banus
623 1444 728 1510 tonius
739 1441 913 1510 Seleuonie
928 1441 1149 1528 significemus
1165 1442 1264 1510 omni·

128 1553 194 1618 bus
221 1569 356 1637 presens
381 1550 535 1635 seriptum
562 1549 767 1636 inspecturis,
794 1549 880 1632 qued
897 1549 1072 1634 Gregorius
1096 1571 1154 1636 pro
1174 1569 1210 1616 se
1236 1557 1269 1617 et

130 1659 293 1726 fratribus
319 1661 388 1726 suis
404 1657 444 1725 de
459 1661 550 1726 Dese
575 1667 606 1726 et
622 1659 663 1725 de
678 1659 772 1744 Foyn
796 1657 932 1743 uoeetis,
957 1658 1075 1744 Poseyl
1100 1657 1186 1724 filius
1210 1657 1267 1724 Mi-

129 1767 250 1852 ruzlai,
267 1765 412 1833 Gordina
435 1767 523 1834 iilius
548 1764 709 1834 Reduzlei
737 1786 797 1852 pre
823 1785 858 1833 se
874 1771 907 1832 et
923 1785 980 1851 pro
997 1765 1174 1851 Draguina,
1202 1765 1265 1834 De·

131 1894 253 1941 mense
278 1873 365 1941 filius
379 1875 522 1962 Hernan,
549 1871 708 1942 Godimus
724 1874 811 1941 filius
827 1875 1001 1958 Dunguen,
1021 1873 1164 1940 Thomas
1172 1873 1267 1938 filius

129 1980 199 2047 Vid
215 2019 252 2028 -
269 1981 331 2046 -i
354 2001 413 2066 pro
429 2001 465 2048 se
481 1986 515 2048 et
529 2000 589 2066 pro
604 1981 778 2047 Vidomero
794 1986 826 2046 et
842 1979 995 2066 Vgrineh,
1011 1979 1149 2048 Dobrila
1165 1979 1265 2046 irater

131 2090 219 2174 eius,
235 2089 338 2154 Ke—
355 2088 477 2174 -lius,
500 2089 584 2154 Petk
601 2109 659 2174 pro
684 2108 720 2156 se
746 2093 778 2155 et
802 2108 860 2174 pro
886 2088 989 2154 Bratk
1014 2087 1114 2154 fratre
1139 2107 1208 2174 suo,
1234 2095 1266 2154 et

130 2194 223 2260 Volir
248 2195 334 2263 filius
359 2196 470 2262 Vel-
486 2233 522 2242 -
541 2232 578 2242 -
604 2196 730 2263 nobiles
756 2194 797 2260 de
822 2194 1003 2281 Breehina,
1030 2195 1086 2277 qui
1109 2201 1268 2262 nodantur

132 2300 324 2384 Jarmanigi
350 2307 383 2367 et
405 2301 595 2387 Raetinargi
620 2323 641 2367 a
666 2307 760 2388 parte
785 2320 862 2386 una,
888 2299 1067 2366 Perehinus
1093 2301 1206 2367 Omnes
1225 2302 1267 2367 ab

133 2412 244 2478 altera
259 2429 370 2477 eorem
393 2410 489 2477 nobis
506 2405 680 2494 constituti,
703 2408 803 2476 iidem
823 2410 1005 2494 Jermenigi
1031 2417 1063 2479 et
1078 2407 1267 2492 Reztinargi

133 2517 311 2603 protestati
336 2523 428 2602 sunt,
455 2518 623 2597 dimidiam
647 2525 772 2604 partem
797 2517 959 2602 porcionis
984 2539 1060 2605 sue,
1087 2537 1184 2602 quam
1212 2517 1266 2582 he-

135 2629 219 2693 bent
234 2631 270 2690 tn
285 2645 403 2709 magno
419 2633 528 2692 mente
547 2627 579 2692 in
596 2624 767 2708 Broehina‚
787 2624 911 2692 seilicet
927 2625 1161 2692 dimidietatem
1177 2631 1269 2693 sexte

135 2733 244 2818 partis
261 2732 350 2818 ipsos
367 2733 614 2819 eentingentem,
640 2754 676 2801 se
697 2732 885 2802 uendidisse
900 2731 1060 2800 Perehino
1076 2734 1190 2800 Oomiti
1207 2754 1268 2820 pro

135 2839 361 2932 quadraginta
384 2839 523 2926 mareis,
558 2851 639 2923 quas
664 2842 707 2907 ab
732 2861 770 2908 eo
794 2842 891 2926 plene
917 2842 1068 2908 dixerunt
1096 2841 1266 2927 recepisse,

136 2946 203 3013 sibi
238 2947 362 3012 eteris
392 2945 565 3013 heredibus
596 2947 631 3012 in
661 2953 851 3033 perpetuum
882 2945 1130 3033 possidendam
1166 2947 1267 3014 aliam

137 3061 251 3123 autem
268 3052 474 3121 medietatem
499 3053 560 3122 sibi
575 3061 833 3124 resemeuemnt.
857 3057 896 3122 In
913 3057 1005 3124 euius
1029 3056 1077 3123 rei
1091 3057 1268 3122 firmamen-

136 3172 208 3230 tum
224 3165 352 3231 litteras
370 3169 498 3230 nostras
519 3163 736 3232 eeneessimus
755 3165 798 3233 ad
813 3163 1007 3250 petieienem
1024 3163 1180 3249 pareium.
1203 3161 1267 3228 Da·

137 3279 209 3338 tum
224 3268 386 3356 Zegrabie
402 3288 489 3338 anno
505 3269 635 3337 Domini
652 3269 946 3339 memmium

140 3469 282 3535 (Bredetie
311 3463 495 3534 bdrhdrtydn,
523 3482 541 3519 e
567 3469 647 3519 rdrds
675 3465 903 3534 selyemrsindron
928 3467 1012 3535 idggd
1036 3465 1128 3534 peesdt
1147 3467 1223 3530 sisti,
1251 3482 1268 3519 s

456 3556 539 3609 budei
561 3547 758 3610 kimiramerai
777 3553 966 3623 levdltdrben.)

506 3639 524 3670 0
