3124 5158
773 1031 849 1100 194.

252 1232 312 1300 IV.
337 1231 452 1300 Lanato
476 1233 650 1318 kirdlyrralr
674 1233 730 1299 oet
741 1281 751 1312 ,
783 1229 923 1297 Sceobora
948 1235 979 1297 a
1004 1231 1162 1298 Kerbeaelt
1186 1235 1373 1320 helystpelcet

253 1343 409 1429 trtrpyaao
431 1341 612 1425 atomonya
637 1341 756 1407 Mittor
779 1340 1069 1444 palpooaifltrbpda
1084 1348 1244 1409 arnimaro.
1276 1345 1373 1410 1280.

356 1536 560 1629 (L)adiulans
584 1540 646 1604 Dei
672 1539 785 1623 grania
809 1537 985 1624 Hungarie‚
1014 1539 1192 1624 Dalmaoie‚
1229 1537 1372 1624 croaeia,

250 1647 363 1730 Rame,
386 1647 518 1734 Seruio,
543 1645 699 1730 Galliae,
737 1645 946 1732 Lodomerie‚
972 1646 1128 1716 Cumanie
1156 1648 1374 1733 Balgarieque

249 1755 320 1822 Rex
339 1755 496 1824 uniuersis
517 1753 636 1822 Christi
660 1752 812 1822 fidelibus
837 1760 1004 1840 presentes
1027 1755 1153 1822 litteras
1178 1755 1374 1843 inspecturis

250 1865 389 1932 salntem
413 1863 447 1932 in
471 1865 613 1933 omnium
638 1864 811 1955 saluatore.
832 1864 881 1930 Ad
906 1863 1130 1932 uniuersorum
1155 1870 1222 1930 tam
1247 1885 1377 1948 presen-

250 1973 335 2039 oium
361 1991 457 2056 quam
484 1970 660 2039 futurorum
680 1973 833 2040 noticiam
853 1971 966 2039 harum
983 1971 1067 2039 serie
1090 1971 1243 2040 uolumus
1259 1993 1374 2058 perue-

247 2083 329 2170 nire,
356 2082 440 2167 qnod
456 2081 667 2150 oonsideratis
683 2081 915 2167 fidelitatibus,
940 2089 973 2150 et
988 2081 1149 2150 meritoris
1164 2103 1204 2150 ao
1219 2081 1374 2168 multipli·

166 2275 169 2290 .
251 2189 341 2258 nibus
366 2189 514 2275 seruioijs
537 2189 665 2256 Nieolai
690 2189 822 2256 Comitis
848 2189 890 2256 de
906 2189 1075 2274 Golgonoh
1091 2188 1202 2258 dilecti
1218 2198 1251 2258 et
1266 2189 1373 2258 fidelis

254 2298 375 2383 nostri,
412 2319 475 2382 que
509 2317 568 2385 per
611 2299 719 2365 omnia
753 2305 885 2384 propter
919 2319 1011 2366 suam
1048 2299 1266 2384 prolixitatem
1309 2298 1378 2364 lon-

254 2425 329 2489 gum
354 2415 441 2475 esset
474 2427 627 2475 enarrare
651 2429 710 2494 per
740 2408 869 2492 singula
902 2407 1067 2495 seriatim,
1101 2407 1240 2491 quedam
1265 2415 1377 2474 tamen

249 2514 285 2580 in
316 2515 501 2582 memoriam
526 2523 725 2600 posterorum
756 2515 960 2601 presentibus
992 2516 1142 2584 duximus
1172 2514 1373 2583 annotanda.

250 2623 393 2708 Primum
417 2643 489 2690 oum
513 2625 583 2691 Rex
598 2625 729 2692 Boemie
744 2631 887 2708 tempore
907 2631 1018 2692 nostre
1043 2625 1140 2692 etatis
1159 2625 1294 2711 puerilis
1311 2625 1375 2690 Re-

250 2751 349 2816 gnum
380 2739 524 2800 nostrum
554 2733 727 2800 deuastare
754 2753 818 2800 non
834 2733 998 2818 desinens,
1029 2741 1171 2800 nastrum
1202 2731 1379 2800 Janriense

150 2912 153 2924 ¹
251 2847 461 2928 oooupasset,
485 2847 517 2906 et
545 2860 603 2906 nos
622 2839 672 2927 ad
697 2841 803 2925 ipsum
823 2847 964 2908 oestrum
980 2842 1160 2927 expugnari
1185 2840 1374 2909 laciendum

253 2947 442 3034 inissemus,
467 2948 679 3016 Sebastianus
704 2946 805 3014 frater
827 2947 906 3015 dieti
931 2949 1063 3017 Comitis
1080 2950 1208 3016 Nioolai
1222 2950 1257 3015 in
1273 2969 1374 3034 expu-

250 3055 406 3142 gnaoione
429 3057 532 3143 ipsius
557 3056 654 3123 castri
678 3057 788 3124 extitit
797 3056 1017 3144 interemptus,
1035 3059 1150 3125 (lomes
1174 3077 1252 3124 uero
1277 3056 1376 3125 Nico-

249 3165 321 3234 lans
356 3167 473 3232 uulnus
505 3164 648 3232 validum
683 3167 929 3250 subportand05
969 3167 1099 3234 demum
1133 3185 1205 3233 oum
1239 3171 1373 3251 propter

250 3272 449 3340 reddendam
466 3273 641 3342 uindiotam
657 3280 768 3340 eontra
785 3271 920 3340 eundem
937 3275 1059 3357 Regem
1078 3275 1212 3340 Boemie
1229 3293 1302 3339 eum
1318 3293 1377 3340 no·

249 3386 317 3450 stro
333 3382 475 3448 exercitu
491 3382 674 3466 inissemus‚
699 3380 753 3448 ubi
771 3381 908 3448 Domino
926 3381 1122 3448 coneedente
1136 3401 1248 3449 snmus
1264 3401 1376 3448 eonse-

249 3488 315 3555 euti
330 3490 498 3556 uictoriam
513 3489 721 3576 laudabilem,
746 3510 818 3556 oum
835 3489 923 3556 idem
942 3491 1012 3556 Rex
1026 3509 1083 3576 per
1099 3497 1244 3557 nostram
1262 3489 1371 3557 extitit

251 3595 403 3663 milioiam
421 3597 640 3683 interemptus,
665 3597 828 3683 prediatus
856 3597 970 3664 (lomes
987 3596 1114 3662 Nicolai
1129 3597 1162 3662 in
1179 3599 1251 3682 ipso
1268 3599 1376 3681 prelio

253 3705 391 3772 uiriliter
408 3703 575 3793 eliminans,
600 3727 658 3790 per
679 3707 827 3772 lanceam
847 3705 881 3771 in
897 3705 979 3792 pede
994 3711 1043 3772 est
1060 3703 1268 3791 transfossus,
1293 3704 1377 3770 duos

253 3813 373 3880 milites
389 3811 616 3880 nichilominus
635 3813 828 3881 Teutonicos
844 3813 939 3880 nobis
956 3812 1048 3877 duxit
1065 3815 1257 3896 aapfiuatos.
1281 3811 1376 3878 (lete-

250 3941 320 3988 rum
336 3943 409 3989 oum
425 3921 556 4007 qnidam
573 3921 720 3988 infideles
737 3921 841 3988 nostri
858 3941 892 3989 se
910 3921 952 3986 ad
969 3928 1110 3987 nastrum
1126 3919 1269 3986 Zelenoh
1286 3939 1375 3986 reee-

251 4032 395 4120 pissent,
428 4032 520 4098 nobis
545 4031 651 4117 ipsum
676 4035 816 4096 nastrum
842 4029 1034 4098 iacientibus
1051 4031 1254 4116 expugnari,
1287 4030 1376 4096 idem

250 4140 363 4208 Comes
393 4139 548 4208 Nicolaus
580 4146 710 4226 propter
735 4138 925 4206 fidelitatem
951 4139 1075 4205 Corone
1101 4139 1202 4221 Regie
1222 4137 1367 4204 debitam

252 4269 422 4334 personam
449 4269 541 4315 auam
565 4246 805 4334 expugnationi
830 4247 919 4314 illius
938 4246 1037 4314 rastri
1053 4265 1215 4333 exponere
1231 4267 1295 4312 non
1311 4247 1375 4312 tor-

252 4357 399 4444 midans,
432 4358 554 4443 reeepit
572 4358 691 4423 uulnus
707 4355 805 4424 letale
820 4357 854 4421 in
870 4356 957 4422 faeie
973 4377 1030 4441 per
1046 4356 1208 4422 balistam.
1245 4353 1296 4421 Ad
1312 4355 1375 4424 hee

251 4486 322 4532 eum
339 4467 473 4534 Cumani
489 4467 591 4533 nostri
606 4464 800 4532 infidelitate
817 4463 906 4531 dueti
922 4462 1067 4548 iniquum
1078 4470 1191 4532 contra
1201 4483 1373 4550 perronam

253 4581 395 4640 nostram
419 4577 571 4658 inijssent
595 4573 790 4658 eonsilium,
830 4572 991 4657 quasdam
1016 4579 1127 4658 partes
1148 4573 1252 4655 Regni
1269 4571 1373 4639 nostri

254 4681 431 4746 oommissis
460 4679 619 4763 inoendijs
645 4681 864 4767 deuastando‚
898 4702 958 4750 nos
984 4689 1116 4767 propter
1141 4679 1372 4750 conterendam
