3140 5150
575 1117 585 1132 ⁹
661 1020 713 1088 89.

120 1237 149 1304 A
165 1239 267 1305 bardai
285 1241 506 1326 ltrtptoloauole
527 1239 796 1326 bizoupadpleoele
812 1235 930 1323 Spmoy
946 1239 977 1303 6⁸
993 1235 1151 1322 Symodor
1167 1239 1250 1325 boly-

120 1353 268 1440 atpelcuele
295 1377 316 1418 a
341 1353 535 1440 apulaziqeti
568 1350 794 1438 apdezozeirdo
823 1353 972 1414 saumuro
997 1351 1110 1414 tbrtelnt
1135 1348 1252 1414 tetard-

573 1459 671 1526 ecirrll.
697 1459 794 1525 1275.

227 1695 386 1764 Omnibus
412 1713 549 1780 presens
581 1695 734 1780 seriptum
759 1691 951 1782 inspecturis
977 1690 1163 1779 Capitulum
1187 1691 1251 1756 Bu·

122 1802 233 1870 densis
264 1799 414 1869 Euelesie
453 1801 593 1868 salutem
624 1803 658 1869 in
690 1801 838 1870 Domino.
886 1799 1023 1869 Nouerit
1053 1799 1249 1868 uniuersitas

119 1891 246 1994 uestra,
276 1909 363 1993 quod
389 1927 461 1976 eum
487 1908 621 1976 domina
649 1910 794 1977 Isabella
818 1909 929 1978 inolita
954 1907 1081 1993 Regina
1107 1909 1250 1993 Vngarie

120 2018 279 2103 quasdam
296 2019 393 2084 villas
409 2018 624 2085 uiuidatorum
651 2038 792 2103 suorum,
818 2017 941 2102 Symog
956 2016 1119 2103 videlieet,
1134 2017 1167 2082 in
1183 2037 1249 2101 qua

120 2126 303 2210 quindecim
319 2126 506 2194 mansiones
527 2145 600 2194 esse
616 2126 780 2214 dicuntur,
804 2133 837 2192 et
853 2122 1023 2212 Symodor,
1049 2126 1166 2209 inqua
1181 2132 1247 2193 tres

119 2236 305 2302 mansiones
330 2235 399 2302 fore
415 2241 612 2322 asseruntur,
638 2235 735 2302 simul
752 2255 824 2302 oum
840 2233 934 2303 terris
951 2253 1072 2317 earum,
1100 2238 1132 2298 et
1147 2232 1246 2299 omni-

118 2344 176 2410 bus
202 2342 331 2408 iuribus
356 2362 396 2408 ae
426 2341 622 2409 utilitatibus
654 2344 777 2410 adeas
802 2340 1048 2426 pertinentibus,
1081 2339 1246 2408 sororibus

117 2449 266 2517 Euolesie
290 2449 393 2516 Beate
417 2449 520 2518 Marie
545 2448 693 2532 Uirginis
717 2449 759 2515 de
783 2447 896 2516 Insula
929 2468 988 2533 pro
1019 2446 1161 2514 remedio
1188 2467 1246 2514 sue

116 2560 223 2624 anime
249 2557 461 2641 contulisset,
486 2555 759 2642 quemadmodum
786 2557 820 2623 in
837 2558 904 2624 suis
922 2556 1039 2624 litteris
1059 2557 1245 2642 patentibus

116 2665 256 2732 vidimus
281 2665 456 2751 eontineri;
486 2665 691 2751 postmodum
719 2667 835 2732 Petrus
862 2665 953 2732 rufus
978 2663 1074 2732 homo
1100 2664 1244 2732 eiusdem

116 2771 244 2839 domine
261 2771 386 2858 Regina
411 2793 519 2842 eoram
544 2781 653 2840 nostro
669 2773 853 2842 testimonio
881 2793 1013 2859 pernes
1038 2773 1082 2839 ad
1097 2772 1159 2839 hoo
1174 2793 1245 2858 spe·

115 2881 242 2950 oialiter
259 2882 473 2969 transmisso,
497 2881 660 2968 predictas
678 2882 774 2950 villas
791 2883 913 2968 Symog
929 2889 961 2948 et
976 2881 1135 2968 Symodor
1150 2901 1244 2946 voua-

115 2997 165 3058 tes
183 3009 256 3057 eum
274 2989 370 3056 terris
395 2994 427 3056 et
443 2991 592 3058 omnibus
617 2990 828 3076 pertineuoijs
845 2991 923 3075 suis,
948 2989 1031 3058 sieut
1050 2988 1241 3076 premissum

116 3105 176 3185 est,
200 3093 406 3184 presentibus
432 3095 546 3164 vioiuis
574 3103 606 3162 et
630 3097 863 3164 oommetaueis
889 3093 1140 3182 reambulando,
1165 3100 1197 3161 et
1222 3116 1244 3160 a

114 3204 209 3272 terris
235 3202 378 3270 omnium
409 3209 701 3270 oommetaneorum
733 3202 837 3289 signis
868 3211 899 3270 et
924 3201 1018 3270 metis
1048 3202 1241 3288 separando,

113 3315 270 3401 predictis
296 3311 461 3380 sororibus
486 3309 528 3378 de
552 3311 665 3379 Insula
691 3313 791 3380 Beate
816 3311 917 3378 Marie
934 3311 1087 3398 Virginis,
1113 3310 1242 3396 populis

113 3422 154 3488 de
170 3420 260 3489 villis
275 3421 368 3506 Epel,
393 3417 511 3486 Orawa
536 3427 569 3487 et
585 3421 664 3488 Vrse
681 3419 856 3488 nominatis
874 3419 1161 3504 eonsenoientibus,
1179 3425 1240 3486 sta-

112 3531 173 3595 tuit
198 3533 231 3595 e't
256 3528 440 3613 assignauit
470 3528 606 3614 paeifiee
631 3535 662 3595 et
693 3529 898 3621 perhenniter
926 3527 1160 3616 possidendam
1194 3528 1242 3596 ita

112 3637 199 3722 quod
223 3635 323 3723 ijdem
348 3634 546 3704 viuidatores
571 3637 604 3702 in
629 3637 783 3724 predictis
808 3638 934 3706 duabus
961 3637 1051 3705 uillis
1068 3639 1190 3724 Symog
1207 3644 1239 3704 et

111 3743 270 3832 Symodor
301 3744 489 3830 existentes,
521 3745 666 3815 debitum
696 3745 840 3833 ipsorum
873 3749 1014 3816 annuale
1045 3745 1181 3822 soluere,
1208 3752 1241 3812 et

111 3853 283 3922 seruieium
308 3855 418 3919 eorum
445 3859 633 3922 consuetum
665 3855 843 3941 inpendere
873 3855 1035 3924 sororibus
1060 3859 1239 3920 memorate

111 3961 260 4029 Eeelesie
287 3980 327 4026 ea
351 3961 538 4045 integritate
563 3969 752 4050 teneantur,
776 3985 839 4050 que
856 3964 942 4032 dieto
967 3962 1098 4032 domine
1113 3960 1238 4047 Regina

109 4069 201 4136 iuxta
215 4068 359 4155 ipsorum
376 4068 599 4137 eondieionem
621 4073 815 4157 aprobatam
832 4071 997 4140 debebant
1012 4089 1116 4155 usque
1132 4071 1237 4138 modo.

108 4179 145 4242 ln
161 4176 255 4244 ouius
270 4177 318 4244 rei
334 4179 524 4246 memoriam
540 4179 666 4248 litteras
691 4187 859 4267 presentes
883 4179 1103 4250 conoessimus
1128 4183 1238 4245 nostro

109 4285 219 4370 sigillo
246 4289 428 4356 roboratas.
460 4289 579 4356 Datum
605 4309 662 4376 per
682 4310 798 4358 mauus
814 4291 965 4375 Magistri
980 4288 1141 4375 Ambrosij
1162 4289 1237 4354 Seo-

105 4392 215 4460 lastiui
240 4390 403 4461 Budensis
428 4415 515 4463 anno
531 4382 660 4464 Domini
685 4395 912 4464 M⁰OO⁰LXX⁰
927 4403 1050 4483 qumto.
1083 4395 1237 4480 Magistro

107 4499 259 4571 iohanne
284 4502 444 4592 Contere,
467 4506 580 4574 Pestro
597 4505 756 4592 Custode,
779 4507 869 4576 Nues
886 4509 1040 4594 Deeano,
1065 4505 1160 4574 Seela
1185 4523 1234 4573 sa·
