3146 5166
870 929 946 1000 391.

344 1129 375 1196 Α
404 1133 496 1196 odozi
520 1131 748 1217 kdptoloaoair
772 1129 1056 1215 bizonyea'qlevsle,
1089 1131 1171 1214 kopp
1199 1127 1277 1192 Tor-i
1303 1125 1433 1192 Modus

344 1241 410 1304 noio
417 1240 486 1323 fiai
508 1237 658 1304 Verehheo
690 1238 758 1302 le'uri
781 1235 968 1301 birtoieakat
991 1236 1201 1301 aspersisset
1226 1231 1424 1318 dtenpedteic.

855 1341 953 1406 1290.

451 1537 635 1623 Capitulum
652 1537 798 1606 hioelesie
812 1537 1018 1604 Waehiensis
1030 1531 1298 1622 („Waoyensis“)
1322 1535 1465 1601 omnibus

345 1643 464 1713 Christi
480 1645 629 1712 fidelibus
650 1649 831 1731 presentem
841 1645 996 1730 paginam
1006 1642 1200 1728 inspecturis
1215 1641 1355 1708 salntem
1371 1643 1405 1707 iu
1421 1662 1464 1708 sa-

343 1751 422 1818 lutis
436 1751 600 1835 largitore.
615 1749 668 1816 Ad
684 1749 909 1817 uniuersorum
925 1750 1079 1817 noticiam
1089 1750 1202 1816 harum
1221 1746 1306 1814 serie
1321 1749 1464 1814 volumus

343 1858 533 1944 peruenire:
567 1857 652 1942 quod
680 1855 871 1941 quibusdam
895 1855 1046 1943 paruulis
1072 1855 1277 1939 habentibus,
1298 1855 1385 1921 sient
1399 1855 1465 1920 uisu

343 1964 543 2032 eonsiderari
557 1971 703 2052 poterat,
729 1971 763 2030 et
781 1963 906 2049 Jndioio
929 1963 1140 2050 plurimorum
1156 1961 1349 2045 videbatur,
1366 1980 1465 2027 annos

345 2071 539 2158 quindeoim,
557 2072 714 2138 Samsone
725 2071 949 2140 videlieetfiiio
965 2070 1085 2158 Jobag,
1098 2077 1129 2136 et
1143 2070 1241 2136 Petro
1251 2069 1318 2135 filio
1328 2069 1464 2151 Nicolay

344 2180 385 2244 de
400 2178 481 2246 villa
495 2180 578 2262 Tor,
599 2198 710 2263 prose
726 2184 759 2246 et
784 2197 842 2262 pro
867 2177 1061 2246 dominabus
1091 2176 1251 2242 matribus
1267 2177 1410 2261 ipsorum
1425 2177 1464 2239 ab

343 2304 410 2352 uua
425 2289 528 2370 parto,
545 2283 689 2352 Oiiuerio
707 2284 772 2352 tilio
789 2284 930 2352 Simonis
945 2302 1067 2368 genero
1084 2283 1162 2348 dieti
1180 2281 1298 2369 Jobag,
1316 2289 1350 2348 et
1364 2281 1462 2346 Paulo

343 2389 412 2458 filio
429 2389 536 2458 Chone
551 2410 671 2475 genero
687 2391 815 2458 Nieolai
830 2389 966 2476 prefati,
998 2409 1107 2458 eoram
1137 2389 1231 2457 nobis
1246 2390 1463 2474 personaliter

341 2497 526 2594 constitutis
543 2517 584 2564 ea
598 2498 720 2583 altera;
737 2497 838 2583 ijdom
848 2497 986 2566 Samson
999 2505 1033 2565 et
1046 2497 1162 2564 Petrus
1177 2497 1309 2583 paruuli
1325 2495 1463 2563 eonfessi

344 2612 421 2672 sunt
435 2607 568 2673 oraoulo
578 2605 652 2672 vine
661 2606 763 2693 voois,
775 2605 863 2689 quod
872 2606 1036 2690 quandam
1047 2606 1241 2692 partientem
1257 2611 1342 2671 terre
1359 2625 1464 2671 eornm

342 2711 584 2799 hereditariam,
601 2719 638 2778 nt
653 2711 815 2797 dicebant,
832 2731 896 2796 que
911 2713 999 2798 ipsos
1015 2713 1175 2796 contingit
1185 2713 1219 2777 in
1231 2719 1320 2778 terra
1330 2712 1464 2778 Werehe

343 2816 531 2906 („Vereb“),
548 2819 592 2886 ad
616 2839 708 2886 vsom
724 2820 860 2886 duorum
889 2825 1071 2887 aratrorum
1102 2820 1315 2887 suffioientem
1347 2818 1461 2904 partim

342 2925 384 2991 ob
399 2943 542 2992 amorem
573 2931 605 2991 et
635 2925 876 3010 proximitatem
902 2925 1129 3011 eoguaeionis,
1161 2927 1278 3011 partim
1310 2945 1388 2992 uero
1408 2943 1463 3008 pro

343 3050 468 3098 summa
483 3031 623 3118 peounie
638 3037 709 3099 oeto
725 3052 907 3102 marearum
922 3033 1019 3119 plene
1035 3053 1092 3118 per
1106 3033 1217 3119 ipsos,
1248 3038 1284 3098 ut
1300 3031 1462 3112 dioehant,

341 3145 554 3226 reeeptarum,
569 3147 637 3208 tum
653 3140 755 3208 eoiam
771 3161 830 3226 pro
847 3161 896 3227 eo,
921 3138 1009 3224 quod
1032 3137 1167 3226 predioti
1182 3139 1346 3207 Oliuerius
1361 3144 1393 3206 et
1409 3139 1460 3204 Ja-

342 3248 441 3314 eobus
457 3249 589 3330 cognati
604 3246 748 3334 ipsorum
765 3247 813 3314 eis
830 3249 865 3313 in
880 3248 948 3316 suis
963 3245 1222 3334 nenessitstibus,
1240 3247 1327 3312 sieut
1340 3265 1463 3312 assere-

341 3354 431 3441 bant,
447 3353 627 3422 subsidium
642 3353 852 3440 prestiterunt
866 3355 946 3422 loeis
961 3361 995 3421 et
1011 3353 1212 3440 temporibus
1228 3353 1404 3439 oportunis,
1419 3351 1459 3418 de

343 3458 552 3546 beneplacita
567 3463 734 3529 voluntate
759 3467 791 3527 et
806 3480 966 3530 eonsensu
996 3460 1198 3530 dominarum
1222 3467 1361 3529 matrum
1394 3479 1461 3526 sua·

341 3584 422 3652 rum,
439 3585 510 3652 oum
527 3565 720 3635 dominabus
736 3568 899 3636 sororibus
922 3587 1030 3636 eorum
1047 3569 1215 3638 dedissent
1231 3574 1264 3635 et
1279 3568 1463 3648 donassent,

340 3677 372 3736 et
386 3670 420 3736 in
450 3672 552 3738 nostri
581 3674 752 3760 presencia
769 3673 927 3742 dederunt
957 3683 990 3743 ot
1019 3675 1232 3764 donauernnt,
1263 3679 1411 3761 presente
1426 3679 1458 3739 et

340 3783 468 3846 astante
484 3782 519 3846 in
533 3781 639 3850 medio
656 3783 757 3850 nostri
774 3783 914 3850 disoroto
938 3789 971 3850 et
994 3785 1128 3851 honesto
1144 3785 1214 3850 viro
1229 3783 1391 3868 Magistro
1405 3782 1461 3847 La·

341 3883 448 3953 dialao
463 3887 530 3956 filio
546 3887 682 3957 Comitis
713 3891 820 3956 Dama
845 3891 980 3960 Leotore
995 3891 1142 3959 Eoolesio
1164 3889 1344 3973 Budensis,
1374 3890 1459 3956 sooio

341 3998 374 4058 et
389 3997 608 4065 eonoauonioo
623 4003 743 4084 nostro,
775 3998 883 4064 vieino
899 4005 931 4064 et
960 4005 1179 4066 commetaneo
1196 3996 1283 4065 dieta
1299 4003 1395 4080 terre,
1408 4016 1461 4062 .ao

342 4102 580 4189 consenciente,
596 4105 811 4192 permittente,
828 4111 861 4171 et
874 4106 1009 4174 innullo
1025 4105 1274 4190 contradicente,
1290 4103 1463 4191 prenotatis

341 4209 485 4277 Oliuerio
500 4212 566 4280 filio
585 4211 755 4299 Symonis,
787 4218 819 4279 et
833 4213 954 4280 Jaeoho
969 4213 1038 4280 filio
1064 4213 1189 4299 Ohene,
1221 4210 1361 4298 quilibet
1382 4213 1461 4298 ipso-

341 4336 411 4386 rum
444 4319 631 4402 poroionem
656 4338 748 4387 suam
764 4339 884 4406 genero
900 4340 970 4408 suo,
987 4327 1019 4386 et
1035 4339 1092 4407 per
1108 4321 1194 4407 ipsos
1211 4340 1321 4388 eornm
1343 4319 1461 4386 heredi·

342 4421 403 4488 hus
419 4421 638 4510 heredumque
662 4448 792 4495 suorum
816 4429 1054 4496 suecessoribus
1079 4435 1247 4517 perpetuo,
1272 4429 1409 4515 paeifiee
1432 4437 1462 4496 et

342 4527 599 4599 irreuooabiliter
614 4533 856 4626 possidendam,
881 4555 939 4622 per
955 4537 1139 4625 quempiam
1164 4543 1376 4628 cognatorum
1392 4557 1461 4612 suo·
