3138 5164
671 275 818 374 ,4-ιρ-

156 473 236 540 :alia
249 471 379 540 edilieia
393 470 458 539 sibi
472 471 607 537 relieere
623 476 817 558 recusasset,
836 475 866 535 et
889 467 983 534 nobis
994 470 1186 555 pensionem
1211 469 1305 536 dimi-

168 578 223 646 die
239 598 347 645 maroe
363 577 490 661 argenti
505 579 539 643 in
554 576 620 644 illis
637 577 807 646 sexennis
823 576 955 662 elapsis,
971 583 1081 661 preter
1097 575 1254 644 oolleetus
1265 583 1297 644 et

165 687 254 753 alias
271 684 472 771 exaoeiones,
488 704 551 769 que
564 684 660 751 nobis
676 705 716 752 ex
745 693 839 769 parte
854 684 957 768 ipsius
989 684 1129 770 Nyeolai
1154 683 1197 750 ad
1221 683 1304 751 ordi·

167 813 243 860 nem
260 801 293 861 et
309 791 494 878 exemplum
511 793 647 858 aliorum
675 793 869 878 populorum
894 795 1087 878 nostrorum,
1112 793 1195 859 sieut
1219 797 1303 861 terre
1358 825 1361 830 ·
1392 805 1394 820 '

168 897 311 966 dominis
326 899 490 984 oompetit,
507 899 721 984 debebantur,
738 918 795 984 per
817 917 878 966 nos
894 897 1080 979 frequenter
1089 897 1264 982 requiitus
1274 905 1306 967 et

165 1005 309 1072 monitus
326 1007 430 1071 seiam
450 1005 578 1072 soluere
609 1004 824 1092 denegasset,
860 1025 896 1072 se
928 1005 962 1070 in
993 1004 1131 1071 diuersis
1161 1005 1241 1072 loeis
1271 1013 1305 1074 et

166 1112 315 1198 partibus
331 1113 483 1179 eontinue
498 1111 712 1178 absentando.
729 1113 796 1179 Nos
810 1113 842 1177 in
855 1111 942 1179 laeto
953 1110 1098 1179 eiusdem
1108 1111 1199 1178 fundi
1216 1113 1303 1179 eurie

162 1220 381 1303 respicientes
398 1221 504 1285 no'stre
524 1219 667 1285 Eeelesie
681 1219 826 1300 meliora,
841 1225 873 1284 et
888 1221 976 1285 luero
986 1218 1202 1286 aeeommodo
1218 1225 1302 1286 terre

166 1331 277 1394 nostre
297 1345 405 1393 earere
423 1327 580 1413 nolentes,
615 1347 674 1392 nee
707 1323 851 1410 ejusdem
882 1324 1021 1409 Nyoolai
1052 1326 1238 1392 absentiam
1269 1331 1327 1392 etn

165 1433 406 1518 negligeneiam
423 1435 568 1500 ualentes
588 1433 724 1499 ulterius
741 1433 919 1515 sustinere;
937 1431 1117 1516 predictam
1127 1451 1238 1500 aream
1247 1453 1300 1500 on—

164 1539 226 1626 rie,
243 1541 327 1606 inter
342 1541 453 1607 domos
470 1543 575 1606 Dana
592 1546 623 1606 et
639 1540 797 1608 Johaunis
813 1539 898 1606 fabri
919 1541 1137 1626 eonstitntem,
1163 1541 1206 1606 ad
1233 1560 1301 1626 pre

166 1666 390 1714 sensvaenam
410 1654 442 1712 et
459 1647 596 1731 edilieijs
613 1647 811 1733 destitutam,
823 1645 974 1713 lillebaeli
990 1647 1105 1713 sartori
1125 1654 1157 1713 et
1166 1647 1232 1714 suis
1243 1667 1299 1731 po·

162 1753 367 1820 steritatibus
384 1752 623 1820 concedendam
638 1752 902 1837 inenodabiliter,
919 1759 951 1819 et
965 1759 1121 1836 perpetuo
1146 1752 1297 1822 duximus

162 1859 448 1942 statuendam5ita
458 1859 619 1946 videlieet,
630 1859 718 1944 quod
730 1866 836 1944 preter
845 1857 998 1925 oolleetss
1009 1864 1040 1924 et
1051 1858 1135 1925 alias
1152 1863 1299 1926 exaeeio·
1412 1939 1414 1942 ¹

163 1987 235 2052 nes,
253 1967 511 2033 eontribueiones
522 1975 555 2034 et
570 1967 843 2051 presentaoiones,
859 1984 922 2048 que
936 1985 994 2050 pro
1010 1971 1156 2050 tempore
1169 1965 1300 2034 fueraut

165 2081 378 2158 emergentes,
393 2073 479 2140 idern
494 2072 646 2160 Myebael
662 2081 767 2140 sartor
784 2079 813 2138 et
829 2091 887 2139 sue
903 2072 1109 2157 posteritates
1128 2076 1222 2139 annis
1233 2075 1297 2140 sin·

165 2181 251 2265 gulis
266 2181 501 2265 inperpetuum
518 2180 643 2246 dabunt
658 2179 752 2246 nobis
768 2186 801 2245 et
815 2179 935 2245 nostris
951 2179 1190 2246 suecessoribus
1208 2182 1297 2249 eirea

155 2289 283 2354 festum
294 2286 405 2353 Saneti
421 2287 600 2372 Myebaelis
616 2285 816 2370 Archangeli
833 2285 874 2351 de
891 2286 1073 2370 Septembri
1093 2307 1151 2353 sen
1175 2307 1296 2371 pensas

166 2394 373 2460 denariorum
383 2393 636 2481 Vyenneusium,
648 2393 754 2459 minus
765 2393 875 2459 deeem
886 2392 1039 2476 denarijs,
1051 2393 1094 2460 ad
1104 2413 1238 2478 presens
1249 2395 1297 2460 di·

166 2500 298 2568 midiam
315 2519 458 2566 maroam
476 2499 538 2566 lini
555 2501 683 2584 argenti
702 2506 735 2566 et
751 2500 814 2566 tria
830 2497 975 2584 pondera
986 2499 1152 2586 iacientes,
1168 2503 1221 2568 uel
1238 2504 1300 2569 sol-

165 2615 245 2675 uent
260 2607 411 2672 denarios
426 2609 557 2674 usuales
573 2625 631 2692 pro
649 2611 792 2689 ternpore
809 2611 974 2672 currentes
989 2607 1072 2672 tanti
1085 2607 1209 2674 ualoris
1226 2629 1291 2693 pro·

92 2731 97 2740 '
164 2715 312 2796 terragio
338 2714 408 2778 siue
425 2733 532 2795 oensu,
563 2733 625 2795 que
655 2715 749 2779 nobis
779 2720 929 2797 pretextu
961 2711 1126 2779 domorum
1157 2735 1299 2802 suarum,

165 2822 293 2904 quasin
304 2819 449 2904 predicto
460 2820 560 2886 fundo
571 2819 657 2885 ourie
675 2827 861 2886 eonstruent
878 2827 911 2885 et
926 2819 1045 2886 saeient
1055 2821 1121 2888 suis
1132 2822 1298 2890 laboribus

166 2934 199 2994 et
230 2927 401 3012 expensio,
433 2933 465 2991 et
496 2927 641 2993 Eoelesie
659 2933 768 2992 nostre
794 2945 834 2992 ex
865 2937 958 3010 parte
989 2945 1100 2993 eorum
1130 2931 1297 2996 annuatim

166 3039 201 3098 et
215 3043 386 3120 perpetuo,
412 3042 507 3116 prout
532 3033 750 3119 prediximus,
776 3034 987 3100 debebantur.
1012 3035 1163 3102 Preterea
1191 3039 1294 3104 eidem

166 3141 330 3227 Myehaeli
348 3141 464 3208 sartori
481 3141 616 3208 feeimus
633 3142 718 3206 bano
734 3142 878 3223 graciam
895 3141 1080 3226 speoialem,
1092 3149 1127 3207 ut
1142 3142 1299 3210 boeonno

166 3249 314 3333 presenti
332 3248 509 3334 predictam
522 3248 709 3332 pensionem
721 3249 807 3314 eirea
825 3249 841 3313 f
844 3255 945 3316 esium
956 3248 1069 3314 Sancti
1078 3250 1209 3314 Martini
1226 3271 1299 3334 pro-

166 3363 239 3441 pter
247 3355 426 3422 nouitatem
437 3375 529 3422 suam
541 3357 767 3422 nobissoluere
779 3357 972 3439 teneatur,iu
983 3355 1115 3439 reliquis
1123 3357 1217 3424 annis
1229 3378 1300 3442 pre·

163 3461 1297 3550 notatampensitaoionem,sioutpremisimus,infestoSanetiMyebae·

164 3570 208 3636 lis
225 3569 401 3650 Areangeli
418 3569 588 3638 soluturos.
605 3572 642 3635 lu
659 3563 750 3637 euius
774 3573 822 3636 rei
837 3572 1026 3638 memoriam
1052 3578 1084 3636 et
1108 3578 1298 3656 perpetuam

162 3677 347 3743 firmitatem
365 3684 530 3762 presentes
547 3683 656 3744 nostro
672 3678 782 3762 sigillo
799 3677 948 3745 dedimus
973 3680 1198 3744 eommuuitas.
1226 3679 1292 3742 Da·

157 3793 233 3851 tum
250 3805 310 3870 per
326 3803 442 3850 manus
457 3783 590 3852 disereti
606 3785 668 3851 viri
686 3785 833 3868 Magistri
849 3787 1006 3873 Cypriani
1023 3785 1168 3852 Eeelesle
1184 3790 1295 3852 nostre

157 3889 310 3958 Lectoris
326 3911 412 3956 anno
432 3892 571 3957 Domini
589 3891 969 3960 Medoruxxxwlrlo.
986 3892 1028 3957 V⁰
1045 3893 1206 3960 kalendas
1221 3892 1300 3977 Maij

534 4088 953 4190 ‚suo

263 4285 314 4349 (Aa
328 4286 431 4336 medati
444 4282 511 4337 utin
524 4287 621 4336 Knaun
635 4283 754 4346 erndor‚
770 4286 885 4350 Magyar
898 4286 963 4338 Sion
978 4287 1028 4350 111,
1043 4287 1069 4339 k.
1082 4286 1144 4338 699.
1158 4287 1187 4350 Ι.)
