3124 5158
878 285 1038 383 ...³92-

396 475 489 542 colao
514 473 611 564 Pape,
637 477 860 564 predecessori
885 486 1006 562 nostro,
1033 479 1172 548 humiles
1196 497 1309 566 preces
1339 477 1501 566 porrigere,

396 592 431 650 ut
446 585 634 668 dignaretur
649 584 755 654 eidem
766 585 911 654 Ecclesia
921 588 1110 672 Apostolica
1124 589 1319 656 auctoritate
1330 587 1371 652 de
1387 597 1503 674 pastore

394 694 524 776 ydoneo
542 693 729 780 providere,
755 713 794 760 ac
809 713 908 778 super
923 693 985 760 hoc
1000 696 1232 780 subsequenter
1246 702 1313 762 tam
1331 694 1404 782 ipsi,
1421 715 1503 778 quam

395 804 507 870 dilecti
522 803 583 870 filii
599 802 719 870 nobilis
736 801 784 868 uir
800 849 807 865 .
826 849 833 864 .
849 853 856 870 .
874 853 882 868 .
898 799 1021 887 Comes,
1039 824 1078 870 ac
1097 803 1276 870 Consilium
1292 810 1324 870 et
1340 802 1503 875 Commune

394 912 561 996 Ragusiui‚
587 910 691 976 eidem
717 908 936 996 predecessori
951 931 1028 978 suas
1044 911 1297 997 supplicatorias
1313 912 1440 978 litteras
1455 933 1503 996 per

394 1031 516 1087 certum
533 1018 679 1085 nuntium
696 1017 908 1084 destinarunt
934 1019 1052 1102 Sicque
1069 1020 1174 1088 dictus
1191 1019 1403 1108 predecessor
1418 1020 1504 1086 dicto·

393 1149 462 1194 rum
480 1127 716 1194 Canonicorum
732 1123 816 1192 votis
831 1123 1057 1192 fauorabiliter
1073 1147 1233 1212 annuens,
1260 1127 1301 1194 de
1317 1126 1434 1196 dilecto
1448 1129 1503 1194 filio

392 1237 491 1304 fratre
505 1235 656 1320 Philippo
672 1233 713 1300 de
728 1233 863 1300 Mantua
877 1233 979 1320 ipsius
996 1233 1134 1321 Ordinis,
1161 1237 1357 1321 inquisitore
1373 1237 1503 1302 heretice

391 1343 563 1430 pravitatis
585 1345 621 1410 in
646 1341 790 1408 blacchia
815 1342 996 1426 Terrisina,
1021 1343 1063 1411 de
1078 1345 1213 1430 iratrum
1228 1365 1362 1412 suorum
1377 1345 1503 1414 consilio

391 1453 535 1519 Ecclesie
560 1451 686 1536 prefate
711 1449 870 1536 providit:
895 1451 953 1516 sed
979 1450 1083 1520 dictus
1106 1453 1206 1520 irater
1221 1454 1394 1541 Philippus
1408 1453 1503 1539 prori-

390 1561 515 1629 sionem
539 1557 724 1628 huiusmodi
748 1577 812 1624 uon
838 1564 1024 1645 acceptans,
1050 1577 1144 1624 omne
1168 1559 1230 1642 ius,
1245 1559 1275 1625 ei
1290 1559 1379 1644 quod
1395 1558 1454 1626 eibi
1468 1581 1503 1626 er

390 1668 574 1754 provisione
588 1667 790 1753 competebat
805 1665 928 1749 eadem,
944 1664 1046 1733 libere
1062 1665 1250 1753 resignarit,
1268 1674 1301 1734 et
1317 1667 1422 1736 dictus
1441 1686 1502 1750 pre

390 1779 541 1846 decessor
564 1774 748 1874 buiusmodi
771 1774 1024 1858 resignationem
1048 1773 1235 1858 admittens,
1251 1775 1292 1842 de
1308 1776 1426 1844 dilecto
1442 1775 1501 1840 fibo

389 1889 492 1958 fratre
516 1887 603 1954 Luca
628 1886 669 1952 de
693 1883 806 1952 Padna
831 1883 976 1952 eiusdem
1008 1881 1141 1952 Ordinis
1162 1886 1309 1954 Ecclesie
1325 1893 1500 1968 memorate,

390 1996 431 2063 de
456 1995 562 2062 simile
586 1993 733 2079 consilio,
750 1992 867 2059 iterato
892 1989 1042 2077 providit.
1068 1991 1141 2070 Quo
1161 1995 1291 2078 quidem
1306 1995 1408 2063 fratre
1422 1995 1502 2060 Luca

389 2105 605 2189 provisionem
630 2101 670 2170 de
693 2101 765 2188 ipso
781 2101 900 2169 iactam
916 2101 1047 2170 minime
1063 2111 1264 2190 acceptante,
1282 2125 1323 2172 ac
1339 2125 1431 2172 omne
1446 2105 1499 2187 ius,

390 2216 417 2282 si
442 2211 528 2298 quod
552 2211 615 2280 sibi
639 2210 840 2296 competebat
864 2230 906 2276 ex
933 2210 1002 2296 illa,
1025 2209 1174 2278 similiter
1188 2213 1388 2300 resignante,
1404 2212 1500 2279 dictus

388 2324 595 2408 predecessor
619 2321 834 2408 provisionem
859 2319 1004 2387 Ecclesia
1018 2327 1195 2389 memorate
1210 2323 1271 2390 illa
1286 2324 1361 2389 vice
1376 2321 1499 2408 disposi-

387 2432 467 2498 tioni
493 2429 678 2515 Apostoliee
701 2426 889 2494 reservavit
914 2427 983 2494 Nos
1006 2435 1114 2494 autem
1129 2428 1275 2496 Ecclesia
1290 2431 1426 2518 prefate,
1442 2451 1499 2515 que

388 2539 514 2605 diutine
528 2535 708 2604 vacationis
723 2535 928 2602 incommoda
944 2535 1136 2623 deplorauit,
1158 2545 1295 2624 paterno
1311 2539 1497 2626 compatien-

386 2656 436 2716 tes
462 2645 591 2730 affectu,
619 2665 657 2711 ac
682 2643 916 2712 Ganonicorum
939 2652 972 2710 et
985 2643 1126 2712 aliorum
1140 2645 1358 2732 predictorum
1374 2655 1450 2716 uota
1463 2669 1495 2716 cr

387 2755 551 2842 preteritis
569 2750 835 2840 contemplantes,
851 2752 912 2820 illa
926 2753 1154 2838 prosequendo
1169 2755 1345 2840 benignius
1354 2756 1494 2844 deipsius

386 2861 532 2931 Ecclesia
547 2861 753 2928 ordinatione
770 2859 878 2946 celeri,
901 2879 942 2929 nc
957 2861 1146 2948 prolixioris
1163 2862 1345 2932 vacationis
1359 2865 1496 2952 exposita

386 2975 553 3039 remaneat
576 2967 773 3054 incomodis;
806 2967 997 3053 diligentius
1028 2971 1230 3055 cogitantes,
1261 2972 1306 3038 ad
1332 2991 1498 3060 personam

384 3087 484 3168 tuam,
509 3098 605 3164 quam
629 3076 721 3146 nobis
738 3081 771 3142 et
785 3074 940 3146 fratribus
956 3077 1082 3164 nostris,
1096 3079 1138 3147 dc
1151 3077 1335 3148 litterarum
1351 3081 1495 3164 scientia,

383 3189 556 3258 honestate
571 3205 705 3270 morum,
720 3183 923 3270 providentia
937 3185 1164 3274 spiritualium,
1176 3193 1209 3254 et
1218 3189 1500 3276 circumspectione

383 3297 610 3384 temporalium
633 3291 866 3377 fidedignorum
892 3295 1076 3362 testimonia
1100 3295 1374 3384 commendarunt,
1389 3296 1500 3364 direxi·

383 3423 455 3472 mns
479 3405 590 3472 oculos
615 3411 724 3470 nostre
747 3403 876 3488 mentis,
908 3411 1005 3486 teque
1030 3401 1108 3470 dicti
1125 3401 1259 3472 Ordinis
1274 3403 1501 3491 professorum,

384 3515 462 3584 licet
476 3513 651 3601 absentem,
669 3510 710 3578 dc
725 3511 867 3597 ipsorum
884 3510 1021 3578 fratrum
1037 3511 1173 3580 consilio
1190 3519 1501 3600 nostrorum,supra·

384 3623 470 3692 dicte
498 3622 645 3690 Ecclesia
669 3620 702 3688 in
733 3619 1019 3708 Arcaiapiecopum
1052 3620 1237 3706 preficimus
1268 3628 1300 3688 et
1330 3630 1502 3708 pastorem,

384 3733 696 3800 administrationem
721 3731 822 3816 ipsius
844 3729 991 3798 Ecclesie
1007 3731 1220 3816 spiritualiter
1235 3739 1268 3799 et
1283 3733 1503 3817 temporaliter

384 3843 442 3911 tibi
454 3839 598 3928 plenario
608 3840 863 3923 committentes;
879 3839 973 3904 firma
988 3857 1046 3926 spe
1056 3839 1235 3924 fiduciaque
1244 3849 1411 3927 concepta,
1419 3839 1503 3924 quod

383 3949 544 4032 dirigente
560 3947 700 4014 Domino
716 3953 808 4014 actus
823 3953 897 4013 tuos
912 3945 992 4012 inibi
1008 3947 1114 4014 cultus
1130 3946 1261 4014 diuinus
1277 3947 1459 4034 augebitur,
1471 3957 1502 4012 et

383 4057 495 4124 eadem
520 4055 670 4124 Ecclesia
694 4075 751 4141 per
766 4063 822 4121 tue
837 4053 1134 4140 circumspectionis
1149 4055 1343 4122 industriam
1357 4055 1394 4122 in
1410 4058 1503 4144 spiri-

382 4167 526 4234 tualibus
543 4173 575 4232 et
590 4164 821 4252 temporalibus
837 4182 993 4248 prospere
1008 4162 1175 4246 dirigetur,
1192 4170 1224 4229 et
1239 4164 1397 4253 salubria,
1408 4163 1503 4232 dante

381 4273 531 4360 Domino,
548 4275 702 4358 suscipiet
717 4275 924 4338 incrementa.
941 4267 1137 4339 Reverenter
1147 4271 1247 4356 igitur
1256 4271 1386 4356 suscipe
1395 4274 1502 4358 iugum

381 4382 523 4466 Domini,
552 4388 583 4448 et
607 4382 700 4448 suavi
717 4383 787 4465 ejus
803 4381 894 4448 oncri
911 4379 1073 4446 humiliter
1089 4381 1175 4446 colla
1190 4380 1293 4462 flecte,
1309 4399 1503 4464 manumque

381 4491 512 4556 mittens
529 4491 571 4556 ad
593 4491 701 4577 sortia,
719 4491 822 4576 ipsius
838 4487 1149 4558 administrationem
1165 4487 1311 4558 Ecclesie
1326 4490 1503 4576 prudenter

382 4597 495 4678 exequi
521 4595 664 4684 studeas,
690 4603 723 4664 et
748 4597 859 4680 gregis
886 4595 945 4662 tibi
973 4593 1133 4662 commissi
1153 4593 1338 4664 custodiam
1351 4599 1502 4684 prosequi
