3140 5150
829 342 989 449 *mo

345 543 378 608 et
393 547 467 628 post
482 533 543 608 hec
558 535 712 627 quioquid
727 542 815 609 circa
829 541 892 609 hoo
908 546 1016 609 actum
1031 538 1139 625 fuerit,
1158 538 1253 607 nobis
1268 539 1409 610 fideliter
1425 559 1473 610 re·

344 647 507 716 scribatis.
533 650 655 716 Datum
672 649 763 717 Budc
779 651 813 716 in
829 648 972 717 crastino
988 647 1291 732 Ramispalmarum.

349 830 492 896 (Ercdetic
505 827 679 896 bdrhtrtydm
705 846 736 883 sa
762 829 897 882 uldalrast
922 831 1097 896 odanyomott
1121 828 1319 899 rtrpecsdtnek
1345 829 1473 884 tdrcddke

574 916 701 987 mercen,
722 935 739 972 a
751 921 836 973 bndsi
848 922 902 972 kir,
916 920 1042 973 kamarai
1054 919 1246 988 loreltlrban.)

801 1189 1016 1204 ψ

863 1525 945 1592 136.

346 1729 405 1796 IV.
421 1727 537 1795 Lecto
552 1724 727 1813 kirdlynuk
753 1723 940 1813 satrapum
955 1725 1103 1811 lelycepct
1120 1726 1277 1811 tdrpyazd
1291 1725 1469 1811 adomdnya

520 1836 611 1901 Peter
627 1857 726 1902 comes
745 1835 944 1920 Doroqlrnck
952 1833 1006 1916 fia
1020 1837 1179 1900 ezdmdra.
1205 1837 1302 1900 1278.

451 2027 627 2097 ladizlaus
659 2029 721 2096 Dei
755 2028 866 2113 gracia
898 2027 1085 2115 Hungarie‚
1115 2029 1303 2110 Dalmacie‚
1330 2028 1468 2114 Oroacie,

346 2139 458 2227 Reme,
476 2135 598 2224 Seruio,
616 2137 765 2220 Gallicie,
783 2133 981 2222 Lodomerie‚
998 2136 1155 2204 Cumanic
1171 2135 1392 2222 Bulgariequc
1405 2139 1468 2202 Rex

344 2245 507 2315 vnlnersis
523 2245 644 2312 Christi
661 2245 809 2312 fidelibus
837 2250 1004 2330 presentes
1029 2243 1154 2311 litteras
1173 2244 1368 2328 inspecturis
1384 2246 1465 2311 salu·

342 2365 408 2424 tom
423 2355 458 2422 in
474 2351 807 2423 omnium'saluatorc.
831 2353 1019 2439 Deposcunt
1038 2351 1153 2419 merita
1179 2359 1212 2418 et
1227 2351 1402 2419 fidelitates
1417 2373 1466 2418 ex·

342 2463 437 2547 igunt
451 2462 576 2530 Corone
591 2459 693 2544 Regio
709 2461 898 2529 deuotorum
909 2512 918 2545 ‚
942 2468 977 2526 ut
1003 2481 1114 2528 corum
1139 2458 1356 2545 peticionibus
1382 2465 1465 2526 tanto

343 2568 527 2636 feruencins
543 2567 594 2636 sui
609 2567 733 2634 fauoris
751 2567 863 2652 gracia
877 2573 1024 2635 occurrat
1038 2567 1143 2650 Regia
1159 2565 1337 2653 celsitudo,
1349 2574 1464 2650 quanto

347 2695 383 2742 se
400 2676 556 2744 fidelitate
583 2675 803 2762 promptiores
829 2677 864 2743 in
886 2674 990 2761 Regni
1015 2677 1162 2761 negocijs
1187 2675 1345 2759 magistra
1368 2695 1466 2742 rerum

344 2781 553 2866 experientia
577 2783 764 2850 docuerunt.
788 2781 927 2850 Proinde
951 2781 996 2849 ad
1021 2782 1242 2850 vniuorsorum
1257 2782 1411 2850 noticiam
1426 2789 1465 2848 te·

343 2910 422 2958 nore
438 2891 642 2976 presencium
657 2889 1003 2976 volumuspcrnenire;
1020 2887 1107 2974 quod
1122 2889 1238 2956 Comes
1254 2892 1370 2958 Petrus
1387 2889 1465 2957 ilius

345 2999 480 3082 Dorogh
496 3019 561 3066 rna
577 3018 648 3066 cum
664 2997 820 3066 fratribus
836 2999 904 3066 suis
913 3049 922 3082 ‚
943 2997 1121 3066 Laurencio
1137 2998 1263 3065 scilicet
1288 3007 1321 3066 et
1336 2998 1463 3067 Nicolao

342 3105 386 3175 cd
409 3113 553 3182 nostram
578 3105 771 3176 accedentes
796 3107 998 3194 presenciam
1023 3127 1045 3174 a
1069 3105 1163 3173 nobis
1188 3105 1351 3174 instanter
1373 3105 1466 3194 pecijt

342 3222 375 3280 ct
390 3214 515 3297 deuote,
532 3221 567 3282 vt
582 3216 747 3300 quandam
764 3223 884 3283 terram
900 3213 1074 3301 chnlhyd
1090 3219 1249 3297 vocatam,
1268 3233 1366 3300 quam
1378 3233 1464 3281 snam

344 3327 376 3388 et
390 3321 631 3408 progenitorum
648 3342 779 3391 suorum
797 3343 870 3392 esse
885 3321 1312 3408 hereditariamasserebat,
1340 3327 1462 3388 actem·

342 3447 422 3513 porc
439 3429 649 3497 Tartarorum
665 3431 854 3518 alienatam,
879 3437 911 3498 et
930 3449 987 3515 per
1003 3429 1160 3497 Comitem
1176 3427 1315 3496 Paulum
1331 3449 1371 3496 ac
1385 3427 1463 3494 filios

343 3535 423 3614 eius,
450 3533 624 3604 Nicolaum
639 3538 782 3624 scilicet,
808 3537 1017 3624 Vacnadam‚
1042 3537 1197 3604 Comitem
1218 3537 1417 3624 Stephanum
1435 3541 1464 3599 et

343 3644 492 3728 Geregen
508 3652 699 3731 occupatum
716 3645 941 3731 potencialiter
958 3653 990 3713 et
1006 3647 1181 3731 detentum,
1195 3647 1260 3740 silei
1277 3653 1309 3712 et
1326 3646 1395 3714 suis
1405 3645 1461 3710 lra-

341 3751 444 3818 tribus
470 3751 965 3838 restituercdignarcmu1·.Nos
991 3751 1103 3838 itaque
1128 3753 1336 3820 attendentes
1362 3747 1465 3818 fidelia

342 3857 457 3926 merita
473 3867 505 3926 ct
521 3858 686 3928 meritoria
710 3859 814 3947 ipsius
838 3861 926 3928 Petri
952 3867 984 3928 et
1007 3859 1143 3927 fratrum
1158 3879 1290 3927 suorum
1308 3857 1465 3943 obsequia,

342 3965 460 4050 quibus
477 3963 687 4034 dinoscuntur
702 3967 737 4034 in
752 3967 890 4036 diuersis
906 3967 1171 4054 expedicionibns
1192 3987 1230 4035 ac
1249 3967 1353 4054 varijs
1365 3959 1464 4049 'Regni

343 4074 448 4140 nostri
464 4073 610 4159 negocijs
636 4073 748 4142 arduis
772 4075 1000 4160 multipliciter
1025 4075 1200 4160 claruisse;
1223 4075 1464 4143 considerantes

343 4181 484 4247 maximo
494 4234 504 4269 ,
529 4181 615 4265 quod
644 4179 730 4250 idem
756 4184 870 4250 Petrus
887 4183 921 4250 in
937 4182 1043 4269 bello,
1070 4202 1134 4266 qno
1150 4183 1239 4267 Rege
1255 4183 1464 4250 Bohemorum

340 4288 533 4376 interempto
558 4288 687 4356 felicem
712 4289 845 4359 fauente
869 4291 1010 4358 Domino
1036 4309 1147 4358 sumus
1172 4290 1344 4359 victoriam
1359 4305 1464 4356 consc-

347 4395 426 4480 cuti,
451 4395 486 4462 in
510 4397 617 4482 prima
634 4397 704 4464 acie
719 4419 778 4485 pro
794 4395 950 4465 fidelitate
967 4397 1061 4466 nobis
1086 4397 1196 4466 debita
1214 4405 1248 4465 ct
1263 4398 1385 4466 (loronc
1402 4393 1465 4459 lor-

342 4507 419 4567 tune
435 4501 559 4570 uiribus
576 4523 612 4570 se
627 4504 829 4573 committens
856 4503 1038 4573 laudabiter
1063 4506 1188 4572 cunctis
1212 4503 1392 4572 videntibus
1415 4499 1464 4566 di·

343 4605 484 4672 micauit.
508 4608 723 4710 Recensentes
748 4613 850 4679 eciam
867 4610 1109 4698 dampnabilem
1125 4611 1329 4680 infidelitatis
1344 4616 1464 4680 reatum
1552 4621 1553 4682 ὲ
