3080 5160
831 238 996 341 263,
1017 219 1019 222 ,

351 436 448 522 Boon,
463 437 579 512 Petrus
597 435 682 504 filios
689 435 818 504 Nicolai
829 455 887 521 pro
898 455 935 504 se
945 441 978 502 ct
988 436 1142 507 iratribus
1158 438 1226 505 suis
1236 435 1341 524 enak,
1357 435 1420 502 Vici
1433 441 1464 501 ct

351 545 468 630 Zourd,
482 581 519 592 -
539 579 583 593 -
600 545 853 612 -Laurcncius
864 543 951 612 iilius
963 543 1140 629 Benedicti,
1148 543 1326 612 Ladirlnus
1351 551 1384 612 et
1408 546 1466 612 An·

353 650 449 720 draus
481 652 539 738 filij
565 652 682 723 Budon
706 673 765 740 pro
789 671 825 720 se
850 658 882 723 et
914 653 1069 722 fratribus
1093 653 1161 722 sius
1194 651 1322 722 Budnm
1349 653 1468 723 scilicet

354 769 386 828 et
400 761 547 842 Niccleo.
558 770 591 830 et
601 763 664 851 ipsi
673 763 796 850 pariter
805 783 863 850 pro
874 763 1040 850 Stephano
1050 763 1117 832 filio
1126 763 1201 850 Apa
1215 764 1258 831 ab
1273 783 1341 830 rna
1355 768 1467 850 parte;

354 869 467 939 Gonnos
482 870 656 940 Mauricius
672 857 757 940 filius
773 871 905 956 Bnoho,
934 877 967 940 et
996 871 1163 940 lohannes
1186 869 1341 959 1(na)non
1367 871 1410 937 ab
1424 867 1464 936 el·

351 983 433 1065 tera,
447 978 617 1048 dixerunt:
636 979 829 1068 quodsnpcr
838 981 1097 1066 possessionibus
1112 979 1233 1066 Philipi
1246 979 1306 1066 blij
1323 976 1466 1064 Thauri,

354 1093 386 1153 ct
399 1087 569 1175 Laurenoij
585 1088 643 1176 filij
668 1090 796 1158 Mortuo
820 1088 891 1158 sine
913 1088 1067 1158 heredum
1082 1089 1206 1158 solacio
1222 1085 1465 1168 decedeneinn,

312 1223 315 1233 ·
353 1195 484 1265 racione
498 1195 718 1284 proximitatis
733 1197 777 1264 ad
791 1196 899 1287 ipso(s
914 1195 967 1276 de)
999 1196 1076 1284 jure
1098 1195 1344 1286 pertinentibus,
1370 1195 1468 1263 talem

354 1302 495 1370 unanimi
512 1323 673 1374 consensu
688 1313 722 1375 et
745 1307 915 1376 uoluntate
939 1303 1096 1375 iecissent
1118 1304 1314 1374 diuisionem
1338 1310 1371 1372 et
1386 1301 1466 1370 ordi·

352 1418 486 1480 nossent
496 1437 504 1480 :
515 1411 610 1492 Quod
624 1414 728 1484 tercia
736 1435 814 1504 pars
822 1416 934 1484 totalis
948 1421 1034 1482 terre
1052 1415 1124 1503 Boy
1138 1420 1253 1483 uocate
1268 1411 1467 1481 reambulste

356 1521 779 1592 sub-a—-metlset
794 1523 937 1609 antiquis
949 1558 1335 1576 --------
1345 1526 1462 1608 aperte

353 1629 436 1697 nille
452 1669 491 1682 -
510 1669 553 1680 -
571 1669 610 1681 -
629 1631 831 1722 Kysdedboy
846 1633 1021 1722 appellate,
1038 1652 1110 1701 cnm
1127 1633 1203 1720 ipsa
1215 1629 1465 1700 villaetmolen·

357 1735 442 1824 dinc,
457 1738 490 1806 in
505 1740 691 1826 porcionem
724 1740 860 1810 Maurici
895 1739 1029 1811 Ocmitis
1073 1749 1106 1808 ct
1129 1739 1289 1812 lobannis
1314 1739 1465 1826 predicto-

356 1865 428 1916 rum
445 1849 600 1918 cessisset
616 1857 648 1917 et
672 1851 893 1938 peruenisset,
917 1849 1057 1918 residuis
1080 1849 1206 1916 duabus
1222 1847 1381 1934 partibus,
1398 1865 1463 1914 cum

354 1955 433 2022 villo
448 1975 511 2040 que
535 1957 675 2043 Nogboy
698 1965 840 2046 vocatur,
857 1953 919 2047 (c't)
943 1957 1084 2026 ecclesia
1108 1955 1244 2024 lundata
1268 1956 1317 2039 (in
1335 1953 1463 2044 end)em,

354 2066 595 2134 remanentibus
614 2065 761 2150 Magistri
785 2065 926 2156 Nicolai‚
942 2065 1028 2133 Petri
1046 2073 1080 2134 et
1103 2065 1239 2133 aliorum
1263 2071 1462 2150 cognatorum

355 2169 514 2260 (suorum)
529 2173 778 2262 prescriptorum
793 2175 828 2242 in
842 2183 970 2262 partem
979 2182 1012 2244 et
1027 2175 1222 2262 porcionem.
1231 2174 1317 2242 Item
1332 2171 1460 2260 quedam

355 2281 517 2368 possessio
531 2283 634 2351 Athas
648 2291 838 2372 nuncupata
854 2287 914 2355 sub
929 2285 1024 2352 metis
1042 2285 1111 2352 suis
1126 2283 1269 2369 antiquis
1296 2292 1329 2351 et
1353 2281 1465 2348 uniuer-

357 2392 404 2460 sis
420 2391 629 2479 pertinencijs
655 2391 750 2462 dictis
775 2393 891 2462 (inmiti
914 2391 1068 2462 Mauricio
1093 2398 1126 2459 et
1149 2391 1310 2477 Johanni;
1337 2387 1465 2475 quedam

356 2520 434 2570 nero
450 2501 528 2570 ville
544 2501 784 2591 Tanchkereky
800 2511 832 2569 ct
855 2501 931 2569 Alsa
954 2501 1121 2571 nominate
1144 2501 1303 2587 Magistro
1320 2498 1464 2582 Nicolao,

260 2657 262 2664 ι
356 2608 451 2676 Petro
468 2615 500 2676 et
515 2609 662 2695 cognatis
679 2612 746 2678 suis
762 2609 900 2698 prefatis
913 2617 1078 2678 oesserunt
1092 2607 1125 2675 in
1135 2609 1314 2696 porciones.
1329 2609 1467 2676 Jusuerc

356 2713 552 2785 Patronatus
567 2719 753 2803 Menanterij
771 2717 882 2786 Sancti
899 2717 1029 2802 Georgij
1048 2717 1089 2782 dc
1107 2717 1210 2802 Zerep
1239 2715 1396 2800 Magistro
1419 2714 1466 2779 Ni·

230 2849 231 2854 ¹
356 2821 447 2889 oolao
462 2833 494 2891 et
518 2826 664 2910 cognatis
680 2826 747 2893 suis
770 2825 960 2912 prescriptis
984 2825 1212 2908 remansissct;
1237 2831 1355 2908 quarta
1379 2829 1467 2908 parte

359 2929 436 2998 dicti
447 2929 533 3017 juris
548 2931 709 3000 duntaxat
724 2941 867 3020 excepta,
890 2953 951 3018 quc
968 2930 1084 3002 Gomiti
1107 2931 1262 3000 Mauricio
1279 2937 1312 2998 et
1334 2927 1468 2998 Johaoni

358 3043 491 3131 prefatis
507 3044 657 3110 cessisset
681 3047 714 3108 et
738 3043 946 3129 peruenisset
970 3041 1049 3110 Item
1066 3047 1184 3128 quarta
1208 3061 1283 3129 pars
1310 3037 1467 3107 cuiusdam

359 3151 570 3242 possessionis
585 3150 709 3218 lnanch
725 3152 819 3218 iuxta
834 3150 978 3238 Hernad,
996 3157 1027 3217 et
1035 3151 1127 3237 Fyus
1142 3151 1237 3218 iuxta
1246 3149 1386 3218 Orisium
1411 3147 1467 3215 eri·

359 3262 484 3347 stertis,
502 3261 583 3348 ipsis
598 3259 754 3328 Mauricio
770 3268 802 3327 et
817 3259 957 3328 Johanni
982 3259 1150 3344 cessissct;
1166 3257 1305 3327 residuis
1329 3257 1468 3345 partibus

360 3371 503 3456 ipsarum
523 3369 761 3456 possessionum
777 3370 1019 3436 remanentibus
1036 3369 1192 3452 Magistro
1208 3367 1344 3436 Nicolao
1361 3374 1395 3434 et
1409 3364 1470 3432 suis

361 3478 507 3564 cognatis
537 3477 723 3566 sepedictis.
752 3479 903 3544 Preterea
934 3479 1123 3562 Magistrum
1153 3475 1323 3544 Nicolaum
1343 3482 1379 3542 et
1402 3493 1470 3541 suos

361 3594 516 3670 cognatos
527 3585 835 3674 superimpeticiooe
851 3585 938 3653 dicte
947 3587 1024 3654 ville
1039 3584 1125 3674 Aka,
1137 3605 1233 3670 quem
1248 3585 1381 3653 racione
1390 3581 1469 3648 dotis

362 3715 528 3784 emergere
544 3695 751 3780 contingeret,
767 3693 801 3761 in
825 3695 924 3761 tercia
939 3701 1032 3780 parte
1058 3694 1121 3780 ipsi
1147 3691 1288 3761 Comites
1302 3689 1471 3758 Mauricius

364 3810 395 3872 et
424 3804 592 3873 lohannes
619 3803 773 3890 expedire
787 3809 1034 3890 assumpserunt
1048 3801 1190 3889 proprijs
1205 3799 1370 3867 laboribus
1386 3806 1418 3865 et
1428 3817 1471 3864 er·

362 3907 481 4000 pensis.
496 3911 549 3978 An
564 3911 624 3979 heo
650 3919 895 3999 assumpserunt
926 3908 1084 3996 quasdam
1108 3908 1330 3996 possessiones
1361 3909 1471 3975 Inanos

363 4025 395 4086 et
411 4019 511 4108 Myos,
542 4019 671 4107 quodsi
701 4019 827 4104 aliquid
851 4019 946 4104 iurgij
979 4039 1036 4105 per
1054 4015 1238 4105 quempiam
1270 4014 1470 4084 suscitaretur

364 4147 461 4214 super
489 4130 576 4196 scoto
608 4147 718 4196 carum
747 4127 972 4212 repeticionis,
1003 4128 1035 4194 in
1071 4125 1240 4193 communi.
1271 4123 1308 4190 In
1322 4125 1415 4191 cuius
1432 4120 1470 4188 rei

364 4238 551 4307 memoriam
575 4245 826 4325 perpetuamque
857 4237 1041 4304 firmitatem
1066 4241 1232 4320 presentes
1263 4231 1470 4300 aescwinus

363 4345 489 4414 litteras
504 4345 607 4431 sigilli
634 4346 735 4414 nostri
760 4344 937 4412 munimine
961 4345 1140 4412 roboratas.
1167 4343 1288 4411 Datum
1311 4341 1411 4408 tercio
1425 4337 1470 4404 die

363 4453 458 4521 Beati
472 4454 585 4524 Jaeoln
605 4454 752 4541 Apostoli
769 4473 854 4522 anno
879 4453 1011 4520 Domini
1036 4449 1159 4520 M⁰G⁰O⁰
1175 4449 1393 4534 octuagesimo
1416 4454 1468 4513 ter·
