3138 5164
642 959 720 1028 848.

115 1178 238 1246 Omode
251 1178 428 1246 addomak
443 1179 680 1265 tbrulnpkezlsi
688 1175 881 1242 tutelstete
891 1174 959 1244 Bet
976 1201 1075 1246 eomes
1090 1181 1122 1246 ts
1137 1182 1252 1248 aunak

291 1283 343 1370 fia
360 1285 499 1351 Lerina
514 1284 663 1350 Ruiebui
683 1282 823 1350 aemes&
838 1283 929 1348 elien.
947 1283 1045 1350 1288.

221 1480 383 1568 Omodeus
398 1478 572 1546 Palatinus
589 1475 703 1544 Comes
719 1475 937 1544 Musuuiensis
954 1479 1112 1548 uniuersis
1128 1480 1249 1552 Christi

110 1585 264 1654 fidelibus
278 1591 447 1672 presentes
462 1585 586 1651 litteras
602 1585 798 1672 inspecturis
814 1583 956 1651 animum
972 1585 1006 1650 in
1023 1588 1162 1655 Domino
1176 1611 1250 1675 gra·

109 1693 231 1776 tnlary.
248 1691 299 1757 Ad
315 1692 540 1760 uniuersorum
555 1697 623 1758 tam
643 1691 845 1778 presencium
862 1709 959 1775 quam
975 1701 1174 1777 posterorum
1190 1715 1248 1764 no·

111 1801 224 1868 tieiam
241 1800 354 1867 barum
379 1801 463 1869 serie
487 1801 632 1867 volumus
655 1799 847 1885 peruenire,
880 1798 965 1882 quod
992 1817 1064 1866 eum
1088 1801 1249 1871 Martinus

110 1908 199 1974 filius
216 1908 349 1974 Comitis
365 1904 471 1994 B(eke
498 1911 531 1972 et
546 1902 763 1992 Laureuoilus
795 1905 881 1972 filins
908 1905 1050 1974 eiusdem
1066 1907 1191 1974 nobiles
1206 1907 1248 1976 de

109 2013 239 2081 Rnieba
253 2013 287 2078 in
301 2013 411 2079 multis
425 2012 556 2097 iudioiJ's
573 2033 638 2078 non
655 2012 898 2098 competendo,
923 2032 985 2079 neo
1002 2014 1158 2082 mittendo
1173 2037 1249 2084 eon·

110 2131 164 2187 tra
187 2121 293 2208 Heym
319 2121 420 2186 filium
447 2120 603 2204 Magistri
632 2121 758 2207 Wydus
782 2119 926 2203 legitime
959 2123 1191 2190 remansissent
1213 2127 1249 2192 in

112 2231 215 2297 nostri
232 2229 413 2316 presencia,
430 2227 513 2295 sieut
528 2226 563 2294 id
580 2224 628 2314 (in
646 2224 806 2314 diuer)sis
822 2228 938 2295 nostris
957 2228 1090 2313 litteris,
1108 2227 1249 2317 Capituli

110 2337 284 2419 Agriensis
301 2344 334 2404 et
350 2335 536 2402 Casuentus
552 2335 595 2402 de
616 2335 729 2402 Jauow
743 2335 839 2403 nobis
854 2337 1006 2402 exhibitis
1016 2337 1157 2406 vidimus
1174 2361 1249 2408 eon·

111 2446 229 2530 tineri3
246 2465 305 2528 pro
322 2443 438 2526 quibus
454 2449 537 2510 terre
553 2463 611 2510 sen
633 2443 863 2527 possessiones
880 2445 1021 2530 ipsorum
1049 2446 1247 2536 Fulbarcbu,

110 2552 195 2618 Pere
211 2557 244 2616 et
259 2552 349 2616 'Fusa
364 2551 585 2617 voestenobis
595 2557 751 2633 tanquam
762 2550 879 2635 jndiey
894 2551 929 2616 in
944 2548 1070 2620 duabus
1086 2555 1246 2643 partibus,

113 2665 147 2724 et
163 2659 249 2743 parti
265 2656 403 2724 aduerse
419 2658 452 2722 in
469 2656 569 2723 tereia
585 2665 679 2744 parte
701 2657 887 2723 extitissent
903 2658 1049 2742 legitime
1074 2659 1245 2746 deuolute;

110 2767 260 2832 uolentes
276 2764 388 2849 itaque
406 2764 467 2850 ipsi
485 2783 584 2830 cause
599 2765 697 2830 finem
714 2763 887 2847 imponere
906 2766 1099 2852 legitimum,
1116 2768 1195 2851 quia
1211 2769 1246 2836 in

111 2871 277 2959 predictas
293 2878 395 2938 terras
412 2891 469 2955 per
485 2877 628 2938 nostrum
646 2869 813 2938 bominem
831 2873 891 2937 sub
905 2871 1091 2940 testimonio
1103 2871 1247 2961 Capituli

110 2978 280 3062 Agriensis
297 2977 458 3043 mediante
474 2978 605 3043 iustieia
631 2985 663 3042 et
690 2976 731 3042 de
755 2977 861 3060 Regni
886 2978 1118 3046 consuetudine
1142 2983 1246 3052 tribus

111 3085 237 3150 vioibus
254 3083 340 3150 idem
355 3085 461 3167 Heym
479 3083 584 3150 iuerat
601 3085 821 3169 introductus,
843 3085 885 3150 sd
902 3085 1099 3153 estimandus
1115 3089 1247 3155 easdem

112 3199 215 3258 terras
232 3191 378 3258 misimus
404 3190 559 3257 Comitem
584 3191 767 3258 Jobannem
803 3191 844 3258 de
877 3191 1017 3276 Cuoobe,
1051 3192 1246 3263 Gabranum

111 3301 153 3366 de
185 3298 287 3365 Zobol
320 3304 352 3364 et
382 3299 580 3365 Demetrium
612 3299 712 3365 filium
743 3298 851 3382 Alexij
878 3299 920 3364 de
943 3299 1058 3366 Kokso
1093 3300 1246 3370 homines

112 3415 239 3477 nostros
272 3407 331 3473 sub
363 3407 546 3474 testimonio
570 3408 636 3474 iam
671 3405 750 3472 dieti
787 3403 929 3494 Capituli
955 3407 1151 3496 Agriensis,
1193 3410 1249 3492 qui

112 3515 298 3585 oonuoeatis
329 3515 474 3598 cognatis
492 3515 633 3602 ipsorum
659 3515 790 3582 Martini
827 3522 859 3581 et
875 3513 1058 3601 Laurenoij,
1079 3524 1247 3584 commeta·

113 3625 184 3690 neis
201 3629 233 3689 et
248 3623 363 3689 vieinis
379 3623 586 3708 estimarent,
612 3629 644 3687 et
665 3622 843 3708 estimatus,
875 3622 902 3687 si
918 3621 1065 3708 placeret
1081 3641 1247 3708 eompara-

112 3737 192 3798 rent.
211 3727 273 3806 Qui
288 3728 419 3812 quidem
435 3729 630 3812 generaliter
646 3735 711 3794 tam
733 3727 842 3815 vieini,
873 3747 970 3810 quam
987 3729 1126 3814 cognati,
1144 3729 1248 3814 Elyus

111 3837 275 3920 videlieet,
294 3835 448 3902 Nioolaus
464 3842 497 3902 et
513 3835 672 3902 Heurions
689 3835 745 3918 filij
764 3832 933 3920 lobannis,
959 3833 1042 3900 Inok
1066 3833 1150 3900 filius
1167 3833 1247 3904 dieti

113 3947 207 4032 Elye,
223 3943 313 4010 Edus
333 3951 364 4008 et
394 3943 508 4026 Moyns
540 3942 598 4026 filij
616 3940 756 4027 Moyoba
775 3939 903 4008 nobiles
934 3940 977 4005 de
992 3942 1136 4028 Baroba3
1167 3941 1246 4012 item

112 4054 282 4120 lohannes
298 4050 383 4116 filius
400 4050 520 4134 Kenen,
537 4050 693 4133 Magister
709 4045 884 4116 Aladarius
916 4047 1001 4114 filius
1020 4047 1163 4136 Cbeten,
1179 4051 1247 4148 Ma·

113 4159 208 4245 gistri
225 4159 409 4244 Stephanus
434 4165 465 4223 et
488 4156 667 4242 Rioolpbus
693 4155 755 4242 'filij
774 4155 856 4239 Pnd,
874 4175 914 4220 ao
928 4156 1084 4238 Magister
1098 4155 1248 4243 Philipns

113 4275 145 4334 et
160 4267 347 4353 Mokyauus
362 4266 533 4360 Palatinus
558 4265 618 4352 lilij
636 4264 750 4332 Bnken
759 4313 769 4347 ,
798 4283 904 4329 eoram
922 4263 1016 4330 nobis
1033 4264 1248 4348 personaliter

113 4380 337 4463 eomparentes
368 4395 431 4440 vno
463 4395 517 4440 ore
533 4381 565 4440 et
582 4371 679 4462 eorde
702 4371 932 4437 renunoiarnnt
957 4371 1044 4436 omni
1075 4369 1244 4454 empoioni.

112 4483 181 4550 Mos
199 4489 309 4550 autem
324 4501 389 4548 rua
405 4501 476 4548 enm
492 4479 658 4548 nobilibus
675 4477 841 4544 nobiseum
859 4477 894 4542 in
910 4477 1030 4542 iudioio
1047 4475 1247 4564 sedentibus,

112 4593 191 4674 quis
206 4590 351 4676 prediote
368 4595 452 4656 torre
468 4595 535 4655 tam
551 4607 593 4654 ex
608 4594 702 4674 parte
718 4585 860 4671 ipsorum
870 4585 998 4652 Martini
1015 4591 1049 4651 et
1063 4581 1248 4670 Laureueij,

160 4717 264 4762 susurru.
281 4725 363 4761 nuso.
380 4725 449 4760 nrsr.
468 4735 506 4744 —
525 4725 635 4760 brenen.
666 4719 700 4759 17,
1042 4695 1084 4759 31
