3124 5158
639 814 718 886 rso.
767 785 773 791 ’

111 1013 132 1074 I
137 1011 176 1076 V.
193 1012 311 1079 Ldszld
325 1013 435 1100 kirdly
444 1014 545 1079 Fiuto
554 1015 670 1098 codor,
688 1039 703 1081 s
718 1015 862 1080 Benedek
877 1015 1047 1081 Jo'nosnok
1062 1023 1092 1083 e'u
1108 1017 1249 1084 Morczol

107 1114 309 1206 Coppannat
327 1122 381 1203 fio
399 1121 482 1189 tezer·
502 1121 651 1211 dizouyos
666 1122 867 1191 birtolrcsertt
882 1124 973 1210 ddpy
988 1124 1125 1212 delphon.
1150 1127 1247 1194 1280.

219 1315 397 1384 Lodinlous
428 1318 491 1386 Dei
517 1319 629 1402 gracia
658 1319 850 1404 Hongoric,
873 1319 1064 1405 Dalmacie,
1099 1321 1244 1406 croceis,

106 1425 230 1512 Rome,
259 1423 390 1512 Seruie,
415 1423 572 1512 Gallicis,
601 1426 811 1510 Lodomerie‚
836 1419 999 1495 domante
1031 1427 1249 1514 Bulgarieqne

105 1532 178 1598 Rex
195 1532 345 1600 omnibus
360 1553 495 1619 presens
512 1534 665 1619 scriptum
685 1535 881 1620 inspecturis
897 1537 1037 1604 sulutem
1053 1537 1085 1602 in
1105 1537 1246 1604 omnium

99 1639 284 1706 'soluotore
305 1641 421 1726 Regali
439 1641 648 1710 Excellencie
664 1641 860 1709 conueniens
877 1647 926 1710 ost
943 1664 982 1710 ac
999 1645 1131 1730 expedit
1145 1645 1248 1712 Maie-

106 1747 205 1835 stoti,
231 1754 267 1815 vt
283 1769 322 1814 ea
339 1769 402 1832 qne
416 1757 493 1818 sunt
508 1751 604 1818 utilia
620 1757 651 1817 et
668 1750 823 1837 expedire
839 1749 991 1818 videntur
1010 1752 1171 1819 voluntati
1188 1749 1245 1840 (?)‚

106 1855 135 1921 si
152 1874 173 1921 o
188 1856 257 1923 suis
274 1854 414 1924 subditis
431 1859 559 1945 oblata,
587 1866 618 1927 et
642 1858 677 1924 in
703 1878 779 1926 suos
796 1879 872 1927 vsus
887 1859 1047 1926 translato
1063 1866 1184 1945 cernat,
1200 1881 1239 1926 ac

106 1961 227 2030 litteris
244 1965 319 2049 alijs
338 1965 517 2033 auferenda
543 1967 700 2054 duxerat,
725 1967 785 2034 tali
810 1967 1114 2054 recompensacione
1137 1969 1242 2055 proui-

107 2068 204 2153 deat,
232 2077 266 2138 rt
290 2073 543 2156 permutaciouis
559 2081 743 2143 contractus
758 2074 1001 2167 possessoribus
1018 2075 1243 2143 concambium

109 2170 352 2245 celebrantibds
380 2201 419 2246 ex
444 2181 667 2250 munificencia
692 2183 795 2266 Regis
820 2181 984 2266 largitatis
1013 2181 1140 2248 meliori
1164 2186 1244 2250 sorti

110 2280 287 2350 efficaciter
302 2288 445 2371 prospici
465 2288 624 2375 rideatur,
642 2308 707 2354 non
727 2288 894 2355 iacturam.
911 2286 1051 2355 Proinde
1067 2286 1244 2356 aduniuer-

109 2410 219 2458 sorum
236 2393 389 2459 noticiam
405 2393 521 2462 horum
536 2395 624 2463 serie
641 2396 789 2463 volumus
805 2397 1000 2481 peruenire:
1024 2394 1112 2480 quod
1127 2397 1244 2466 dilecto

113 2502 146 2564 et
158 2496 247 2573 fideli
263 2507 375 2567 nostro
391 2501 491 2569 Fints
505 2499 671 2588 Palatino,
690 2502 814 2571 Comite
830 2503 1052 2588 Supruniensi
1068 2509 1100 2570 et
1115 2503 1244 2590 Simigi-

110 2607 193 2693 ensi,
213 2605 330 2674 Jndice
348 2609 565 2678 Cumanorum
581 2611 623 2680 ab
638 2632 704 2679 vna
719 2619 824 2698 porte,
845 2609 1023 2679 Benedicto
1038 2611 1107 2678 filio
1123 2611 1243 2678 dohan-

110 2713 160 2780 nis
177 2719 211 2778 et
226 2715 382 2783 Marcello
397 2719 465 2785 filio
482 2718 619 2806 Ghypon
635 2739 744 2787 coram
765 2719 859 2787 nobis
875 2719 1059 2786 constitutis
1071 2735 1111 2785 ex
1122 2719 1243 2804 alteru3

110 2819 197 2886 idem
213 2823 313 2890 liuta
327 2824 500 2895 Palatinus
526 2846 547 2892 o
572 2828 665 2895 nobis
689 2826 928 2896 instantissime
953 2825 1243 2912 supplicando'po-

109 2929 265 3017 striduit,
300 2937 335 2998 vt
367 2931 530 3016 quandam
555 2941 673 3001 terrem
699 2935 816 3002 Belese
840 2940 991 3001 vocatam
1001 2985 1011 3021 ,
1046 2953 1143 3017 quom
1161 2935 1242 3019 ipsis

111 3035 286 3106 Benedicto
304 3045 336 3105 et
350 3041 503 3110 llurcello
517 3041 681 3109 mediante
697 3049 808 3110 nostro
824 3043 995 3129 priuilegio
1011 3061 1069 3128 pro
1086 3040 1242 3125 multipli-

111 3143 200 3212 cibus
217 3146 365 3232 seruicijs
394 3154 426 3213 et
450 3147 666 3216 fidelitatibus
690 3151 760 3218 suis
786 3149 880 3217 nobis
896 3151 1040 3235 inpensis
1057 3145 1240 3217 contulero-

111 3273 192 3342 mus,
218 3254 340 3321 eisdem
356 3255 532 3323 Benedioto
548 3263 580 3324 et
595 3257 750 3324 Marcello
769 3257 804 3323 in
822 3257 1075 3343 permutacionis
1090 3275 1148 3323 sco
1163 3275 1240 3323 con·

111 3361 229 3446 cembij
254 3368 453 3430 contractum
481 3365 781 3453 consencientibus,
803 3365 875 3436 sibi
901 3366 942 3432 de
966 3364 1082 3449 gracie
1106 3363 1241 3451 speciali

112 3469 328 3556 conferemus,
346 3477 378 3537 et
392 3470 426 3537 in
442 3474 665 3540 concambium
681 3493 738 3541 seu
754 3473 1027 3560 permutacionem
1044 3471 1145 3558 ipsios
1155 3476 1241 3538 terre

112 3576 236 3663 Belese,
254 3577 389 3663 prefatis
409 3578 585 3647 Benedioto
603 3585 636 3646 et
651 3579 805 3648 Mu'rcello
821 3579 984 3664 qnondam
999 3586 1120 3646 terrum
1135 3577 1242 3645 castri

113 3683 214 3756 nostri
240 3684 285 3752 de·
304 3685 400 3770 Vngh
431 3685 570 3754 Veliclra
593 3687 734 3772 Pelopis
758 3695 930 3772 vocatam,
964 3706 1060 3770 quom
1079 3687 1145 3753 ium
1165 3684 1240 3751 olim

113 3789 210 3857 Finta
225 3787 373 3860 Palatino
389 3794 650 3880 contuleramus,
670 3787 716 3860 'ex
740 3795 844 3877 Regio
869 3795 1020 3861 libertate
1035 3793 1116 3860 dare
1132 3792 1180 3860 eis
1195 3791 1240 3859 di·

112 3917 296 3982 gneremur.
330 3899 399 3968 Nos
423 3901 523 3983 igitur
541 3901 813 3986 -permutocionis,
830 3919 886 3968 seu
912 3901 1093 3986 concumbij
1114 3904 1240 3967 contru-

113 4012 199 4072 ctum
224 4008 372 4093 superius
397 4001 542 4076 notatum
568 4014 727 4076 retum'et
742 4007 868 4076 firmum
884 4005 1061 4092 hebentes,
1086 4014 1240 4092 tanquam

112 4107 263 4198 legitime
275 4107 487 4202 upprobat'um
504 4114 597 4201 Regij
615 4131 789 4188 consensus
814 4123 846 4182 et
870 4111 1122 4201 opprobacionis
1137 4113 1240 4184 muni-

114 4213 425 4306 mine-roboramusp
450 4223 515 4289 imo
537 4217 584 4288 ¹od
609 4221 763 4288 maiorem
782 4221 1005 4289 certitudinem
1022 4221 1070 4288 'rei
1086 4229 1119 4288 et
1134 4221 1238 4290 ellico·

114 4321 387 4413 cism‚,prelotom
404 4334 523 4396 terium
539 4327 675 4396 Velicho
690 4325 828 4413 Pelagio
839 4329 1050 4413 nominatam,
1075 4347 1097 4394 a
1121 4325 1240 4394 m'emo-

113 4439 185 4501 roto
202 4429 322 4502 (lustro
337 4439 504 4520 exceptum
521 4435 652 4521 penitus
664 4441 696 4503 et
706 4433 908 4522 exemptam·
917 4433 1054 4519 prelatis
1064 4433 1240 4502 Benedicto

115 4539 328 4627 ct-llarcello‚
351 4548 384 4611 et
397 4537 511 4608 'eorum
526 4540 692 4636 tratribus,
711 4549 744 4610 et
763 4559 822 4628 per
836 4541 969 4613 eosdem
985 4539 1052 4609 siris
1066 4539 1240 4610 heredibus
