3080 5160
873 970 952 1038 226.

354 1193 386 1261 Α
402 1193 519 1280 saepesi
532 1191 756 1279 lodptalaooulc
771 1189 1041 1277 bizooycdpleuele,
1067 1189 1149 1276 leoqy
1173 1188 1244 1254 Vod
1257 1189 1362 1256 Jdaos
1376 1213 1467 1257 eomes

389 1300 523 1383 ficiculo
539 1301 924 1390 heleeqyezlse'oclftrjluez
950 1307 1037 1364 meod
1053 1300 1232 1385 lednya‘oalt
1248 1299 1426 1386 Kaclzyuok

549 1507 553 1518 Ι
597 1409 731 1476 Thorlruc
748 1417 827 1474 acuit
834 1409 942 1495 fuldu
962 1407 1131 1496 dlenyedte.
1147 1409 1244 1472 1281.

461 1639 642 1730 Capitulum
671 1643 816 1710 Ecclesie
848 1641 940 1710 Beati
971 1643 1101 1710 Martini
1132 1641 1172 1708 de
1203 1642 1311 1728 Sypns
1342 1662 1468 1730 presens

355 1753 508 1839 scriptum
526 1753 719 1837 inspecturis
735 1754 871 1822 salutem
888 1753 921 1818 in
938 1773 975 1819 eo
991 1753 1047 1837 qui
1064 1751 1186 1818 creauit
1204 1752 1469 1836 omniactgnber·

355 1869 412 1928 nat
427 1861 586 1928 uniuersa.
604 1859 759 1940 Omnibus
776 1859 893 1929 Christi
909 1861 1056 1929 fidelibus
1074 1868 1139 1926 mm
1156 1860 1362 1948 presentibus
1377 1882 1468 1946 quam

355 1967 470 2037 futuris
480 1969 592 2036 harum
603 1970 685 2038 serie
697 1971 842 2062 uolumus
853 1969 1032 2057 peruenire,
1040 1970 1124 2053 qood
1136 1969 1470 2036 oumOomesJanVnd

355 2097 426 2144 cum
441 2077 516 2162 filijs
527 2078 605 2165 suis,
621 2078 738 2164 ldwgin
754 2077 905 2145 videlicet
922 2085 954 2144 ct
963 2078 1065 2162 Petro,
1075 2077 1118 2143 ad
1128 2085 1270 2145 nostram
1282 2077 1469 2144 accedentes

355 2185 568 2272 personaliter
585 2183 811 2275 (presenciam)
829 2207 869 2254 ex
884 2208 948 2253 vna
966 2194 1068 2275 parte,
1085 2186 1126 2252 ab
1142 2187 1246 2252 altera
1262 2205 1339 2252 nero
1355 2187 1469 2271 Symon

356 2313 455 2378 gener
478 2295 578 2381 ipsius
595 2314 665 2361 eum
682 2303 818 2380 quatuor
833 2295 909 2380 filijs
925 2295 991 2362 suis
1007 2296 1111 2380 Petro,
1127 2295 1240 2382 Paulo,
1255 2295 1424 2360 Dominico
1440 2303 1468 2359 et

355 2401 535 2471 Laurenoio
551 2423 657 2470 eoram
672 2405 763 2472 nobis
780 2403 991 2492 personaliter
1014 2404 1193 2488 constituti;
1220 2403 1306 2469 idem
1321 2401 1469 2469 antedicti

356 2511 420 2579 Jan
436 2516 466 2578 et
481 2510 537 2596 filij
554 2512 604 2580 sui
619 2511 659 2578 de
674 2533 833 2580 consensu
849 2513 1007 2580 communi
1022 2511 1160 2578 confessi
1176 2517 1251 2578 sunt
1261 2513 1389 2578 oraculo
1398 2513 1466 2578 uiue

356 2621 456 2709 uocis,
481 2620 642 2706 quandam
667 2629 784 2691 terram
810 2643 916 2690 corum
941 2621 1187 2710 hereditariam,
1222 2641 1287 2705 quc
1311 2621 1466 2705 vulgariter

358 2738 561 2816 nuncupatur
576 2729 730 2821 Thorkw,
748 2733 937 2800 existentem
953 2730 1037 2797 inter
1056 2729 1138 2798 duos
1152 2729 1277 2797 rinulos
1292 2729 1464 2797 Veresabna

358 2844 506 2907 uocatum
532 2846 565 2907 et
583 2839 777 2928 Neneewyz,
793 2846 962 2928 prenotato
978 2839 1063 2906 dicto
1079 2837 1212 2924 Symoni
1227 2859 1347 2924 genero
1363 2840 1463 2926 ipsius,

359 2953 391 3014 ct
414 2947 480 3015 iilic
503 2969 561 3016 sue
586 2968 649 3034 que
673 2956 806 3016 uocatur
830 2948 960 3015 domina
984 2947 1111 3033 Kachy,
1130 2955 1235 3033 etper
1251 2947 1359 3034 ipsam
1371 2947 1462 3014 filiam

358 3056 526 3142 nepotibus
557 3057 625 3126 suis
651 3057 685 3124 in
709 3056 791 3125 filios
815 3057 952 3124 filiorum
978 3055 1047 3124 iure
1063 3063 1216 3144 perpetuo
1231 3055 1462 3142 possidendam,

357 3164 529 3232 tenendam
544 3171 577 3231 et
591 3163 785 3253 habendam,
811 3173 843 3234 ot
858 3187 915 3252 per
931 3169 1044 3234 cuncta
1058 3173 1202 3252 tempora
1219 3165 1461 3232 irreuocabiliter

358 3272 567 3360 optinendam
583 3273 677 3340 certis
687 3275 781 3342 metis
792 3281 825 3342 et
834 3277 974 3362 antiquis
984 3276 1102 3361 ubique
1112 3275 1306 3344 distinctam.
1316 3277 1359 3344 Vt
1367 3281 1464 3342 autem

359 3379 421 3450 hec
435 3381 569 3449 donacio
585 3388 616 3448 et
631 3381 814 3467 assignaoio
829 3391 981 3471 perpetue
996 3385 1154 3453 firmitatis
1170 3387 1265 3454 robor
1280 3386 1429 3473 optineat,
1438 3389 1466 3448 et

359 3509 400 3558 ne
415 3511 565 3578 processu
580 3497 755 3579 temporum
770 3513 828 3580 per
843 3493 1027 3579 quempiam
1042 3493 1076 3560 in
1091 3493 1214 3562 irritum
1223 3501 1418 3578 retractetm,
1428 3484 1466 3559 ad

362 3599 535 3666 instantem
550 3599 741 3685 peticionem
757 3602 922 3687 ornusque
932 3603 1033 3688 partis
1041 3609 1205 3691 presentes
1214 3602 1340 3673 litteras
1356 3602 1466 3672 eisdem

359 3708 574 3776 concessimus
600 3710 700 3778 nostri
725 3711 824 3795 sigilli
849 3710 1024 3780 munimine
1057 3712 1233 3781 roboratas.
1253 3715 1369 3781 Datum
1387 3725 1464 3778 anno

358 3816 487 3885 Domini
502 3817 547 3884 Μο
563 3814 627 3883 00⁰
642 3820 863 3905 octuagesimo
879 3819 991 3907 primo.

389 4031 423 4102 (Δ
435 4039 535 4104 saepest
548 4032 737 4105 kdptalannsls
748 4037 857 4096 tata-kt
867 4031 1025 4105 emortuum
1039 4055 1056 4093 a
1068 4032 1152 4092 budai
1165 4039 1218 4098 kir.
1230 4041 1348 4094 kamaraci
1359 4032 1437 4091 lerdl·

858 4129 975 4199 tlrban.)

814 4425 1026 4442 ψ
