3140 5150
798 297 957 398 Α
987 341 999 354 ,

314 495 410 560 ouniu
426 493 457 560 in
475 493 635 580 prioribus
652 493 778 560 duobus
797 492 945 560 terminis
955 493 1122 579 persoluta
1132 493 1298 562 amittetur
1312 514 1351 562 eo
1360 494 1436 582 ipso.
1545 503 1547 556 i

312 604 393 670 Pars
409 609 517 670 autem
535 603 575 670 de
590 603 722 670 arbitrio
740 601 957 689 predictorum
983 603 1124 670 uirorum
1140 602 1291 670 resiliens
1308 605 1436 689 triginta

313 707 442 779 mareas
459 713 583 778 soluere
600 711 760 781 tenebitur
775 711 862 797 parti
880 710 1148 797 composicionem
1160 711 1337 779 tolleranti.
1355 712 1434 779 Diei-

313 839 384 886 mus
402 820 514 908 eoiam,
541 819 627 904 quod
640 821 837 889 solucionem
860 820 1007 908 prediote
1031 821 1143 889 totalis
1159 822 1295 909 peeunie
1312 822 1345 888 in
1361 822 1435 908 ipsis
1547 879 1548 886 ,

313 925 415 995 tribus
432 928 576 994 terminis
594 928 750 1010 debitam,
775 949 834 996 neo
849 950 907 1016 per
922 929 1049 998 litteras
1075 930 1217 1018 Regias,
1252 949 1314 996 neo
1339 931 1435 998 eoiam

313 1034 442 1120 ingenio
458 1043 516 1104 aut
531 1057 610 1107 oasu
626 1037 736 1122 aliquo
753 1037 853 1122 ijdem
878 1037 990 1124 populi
1008 1037 1049 1106 de
1065 1036 1216 1104 Cbolnuk
1241 1037 1373 1106 differre
1388 1057 1435 1122 po·

313 1148 424 1210 terunt
439 1144 506 1211 ullo
522 1143 628 1214 modo.
644 1147 713 1214 Neo
729 1143 790 1211 boo
805 1144 1081 1230 pretermittimus,
1100 1147 1187 1230 quod
1204 1147 1320 1214 Cornea
1335 1145 1437 1214 Domi·
1548 1199 1549 1210 ,

314 1251 407 1318 nieua
425 1257 457 1320 et
472 1253 625 1336 Megisten
650 1254 793 1337 Paulus,
818 1273 883 1320 una
908 1273 981 1319 oum
1005 1251 1164 1322 fratribus
1188 1255 1256 1322 suis
1273 1254 1433 1339 prediotis,

313 1357 451 1442 populos
467 1357 508 1428 de
523 1359 605 1426 uilla
630 1361 781 1428 Obolnuk
806 1380 904 1447 snper
927 1341 1032 1428 morto
1058 1357 1206 1445 prediota
1232 1363 1274 1428 ab
1294 1362 1436 1430 omnibus
1485 1371 1488 1376 '

314 1465 445 1532 eosdem
476 1467 658 1552 inquietare
688 1469 875 1536 uolentibus
911 1470 1105 1536 tenebuntur
1136 1468 1327 1546 defensare,
1359 1470 1437 1536 siout

314 1573 472 1644 Martinus
488 1573 648 1643 Offioiaiis
674 1576 808 1643 Comitis
835 1575 996 1642 Dominioi
1022 1597 1080 1662 pro
1097 1576 1211 1646 eodem
1233 1576 1365 1644 domino
1380 1595 1435 1642 suo

313 1684 490 1770 assumpsit
515 1704 624 1751 eoram
651 1683 755 1753 nobis.
779 1685 893 1753 Partes
920 1683 1185 1768 autemjudioem
1203 1686 1337 1770 plaoare
1352 1691 1433 1752 tene·

313 1792 433 1859 buntur
463 1791 495 1858 in
528 1791 699 1860 oomrnuni.
725 1791 849 1859 Datum
879 1793 913 1859 in
938 1790 1053 1877 vigilia
1079 1792 1325 1860 Pnrifioaoionis
1340 1794 1436 1860 Beate

315 1899 459 1982 Virginis
474 1919 561 1966 anno
577 1900 709 1968 Domini
724 1901 768 1966 M⁰
780 1901 844 1968 00⁰
854 1902 961 1968 LXX⁰
977 1901 1125 1984 septimo.

314 2079 450 2144 (Eredetie
463 2077 636 2148 bbrbtrtytn,
664 2082 770 2148 mslyen
792 2095 810 2132 a
826 2079 974 2149 paesttnelr
988 2081 1116 2134 tttradeks
1130 2079 1226 2136 lttsnitr
1243 2079 1311 2149 meg,
1330 2081 1436 2134 abudai

684 2172 735 2222 kir.
750 2171 873 2223 kamarai
886 2167 1074 2237 levelttrban.)

766 2459 980 2468 η...-

840 2907 915 2976 lae.

314 3109 346 3177 A
361 3111 545 3179 kmeaateaek
570 3111 752 3196 eazterpaosa'
769 3109 994 3195 konnentjo'neta
1019 3107 1283 3194 bizoayadplevele
1292 3159 1303 3190 ,
1325 3110 1403 3194 bopy
1417 3131 1437 3172 o

315 3219 473 3288 Mutuum·
495 3219 592 3305 sepau
618 3241 639 3282 a
662 3219 764 3304 rctjuk
788 3219 965 3284 lrimondott
988 3218 1132 3302 biaadpot
1156 3217 1315 3298 lefizeth.
1343 3217 1435 3283 1277.

422 3417 492 3482 Nos
517 3413 674 3500 Magister
699 3411 882 3482 Hermanno
907 3421 939 3480 et
963 3414 1080 3481 fratres
1104 3415 1228 3481 Domus
1257 3412 1437 3500 Hospitalis

315 3523 425 3591 Sancti
441 3521 541 3606 Regis
558 3521 715 3609 Stephani
732 3522 772 3591 de
788 3521 952 3608 Strigonio
972 3523 1195 3608 significamus
1211 3521 1328 3606 quibus
1345 3542 1437 3608 expe·

315 3632 365 3699 dit
380 3629 536 3698 memorie
561 3629 842 3716 commendantem
865 3629 953 3714 quod
979 3651 1050 3697 oum
1070 3630 1180 3716 populi
1196 3630 1238 3697 de
1255 3630 1335 3698 villa
1349 3629 1438 3697 onol-

314 3739 383 3804 nnk
409 3738 501 3804 iuxta
533 3757 661 3804 oursum
686 3726 829 3823 priorum
861 3737 1042 3804 litterarum
1072 3745 1255 3805 nostrarum
1286 3738 1438 3822 Magistro

314 3847 416 3914 Paulo
432 3847 507 3913 aule
523 3845 654 3913 domine
669 3847 797 3930 Regina
812 3847 949 3914 Notario
974 3846 1016 3912 de
1034 3846 1121 3914 Deer
1139 3865 1195 3930 pro
1211 3844 1438 3911 interfeooione

314 3962 492 4024 seu-morte
508 3956 644 4024 Comitis
660 3955 748 4021 Petri
765 3955 875 4023 fratris
892 3954 1042 4039 Magistri
1058 3955 1150 4021 Pauli
1178 3961 1211 4020 et
1237 3953 1365 4038 paruuli
1390 3973 1437 4016 oo·

314 4068 405 4150 gnati
431 4063 596 4151 eiusdem,
630 4084 669 4132 ao
693 4064 868 4132 ablaoione
892 4085 997 4131 rerum
1023 4083 1172 4148 suarum,
1209 4061 1439 4128 arbitrantibus

319 4174 398 4239 viris
415 4172 553 4254 idoneis,
584 4173 709 4240 (tomite
734 4171 887 4240 videlieet
912 4173 1066 4256 Arobyno
1078 4223 1087 4259 ,
1111 4171 1240 4255 Mlkyno
1257 4167 1384 4252 villioo,
1407 4175 1441 4232 et

316 4280 471 4363 Gerardo,
493 4281 621 4349 oiuibus
637 4282 923 4367 Strigoniensibus,
948 4284 1024 4349 item
1044 4279 1214 4367 Myobaelo
1241 4277 1369 4344 Gomite
1385 4274 1439 4342 Oa·

314 4409 401 4457 mere
432 4387 554 4456 domini
586 4390 707 4473 Regis,
742 4389 925 4480 Augustino
949 4389 1120 4475 Proposito
1146 4383 1375 4468 Chanadiensi,
1408 4389 1440 4448 et

316 4494 548 4564 (tomiteMark
574 4496 616 4563 de
635 4518 754 4581 genera
769 4498 859 4566 Rusd
869 4549 878 4585 ,
905 4504 937 4565 st
962 4497 1117 4564 fratribus
1133 4494 1277 4563 eiusdem
1294 4490 1439 4577 Magistri

315 4605 420 4691 Pauli,
453 4604 593 4675 Patorko
624 4606 753 4676 soilioet
777 4613 809 4674 et
834 4607 950 4691 Paulo,
973 4606 1148 4694 sexaginta
1178 4621 1304 4671 mareas
1336 4599 1440 4668 minus
