3118 5158
121 953 177 1020 IV.
195 957 316 1022 melo
329 956 500 1043 birelpnab
513 958 637 1044 Zyntbu
652 963 731 1020 need
746 955 882 1018 birtolrot
898 957 1056 1041 ldrppuao
1072 953 1254 1038 adoosdnpa

259 1063 349 1132 obse
366 1065 595 1152 mmaostpbob'
610 1066 700 1129 Peter
715 1074 824 1128 mester·
839 1067 998 1129 eadmero.
1024 1061 1119 1128 1274.

230 1258 436 1347 (L)adizlans
471 1262 530 1326 Dei
557 1260 672 1346 gracia
698 1257 875 1344 Hungarie,
903 1258 1082 1342 Dalmaoie‚
1110 1255 1254 1338 Oruaeie,

122 1371 234 1456 Rame,
257 1369 388 1454 Seruis,
412 1368 571 1453 Gallieie,
594 1364 808 1452 Lodomerie‚
834 1365 1010 1449 Cumanis,
1033 1363 1256 1448 Bulgarieque

119 1477 188 1542 Rex
219 1477 369 1544 omnibns
395 1475 514 1544 christi
534 1475 684 1542 fidelibus
708 1479 889 1560 presentem
910 1473 1065 1559 paginam
1091 1469 1253 1540 habituris

120 1585 263 1651 salntem
288 1585 321 1650 in
338 1582 456 1652 salutis
481 1585 645 1668 largitore.
681 1579 805 1669 (R)egij
824 1581 984 1649 Culminie
1001 1579 1249 1667 magnifioenola

119 1691 151 1756 id
166 1693 319 1777 requirit,
342 1699 378 1758 ut
398 1711 525 1759 suornm
543 1691 685 1758 fidelium
710 1689 881 1756 sudoribus
904 1709 987 1774 equa
1013 1688 1248 1756 remuneracio-
1339 1698 1341 1707 ’

119 1799 168 1866 nis
184 1799 309 1865 lanuea
324 1805 492 1884 oonnrrat,
517 1797 765 1879 dissidentesque
791 1814 888 1862 casus
913 1799 957 1862 ab
973 1795 1094 1863 eisdem
1111 1795 1187 1861 totis
1203 1795 1250 1862 ni-

123 1906 211 1974 sibus
227 1907 342 1992 proonl
358 1905 471 1992 pellat.
506 1901 622 1992 (H)ino
638 1912 695 1990 est,
721 1903 808 1988 quod
833 1903 1038 1972 attendentes
1064 1903 1250 1970 innumeras

119 2013 311 2082 fidelitatum
346 2012 481 2081 virtutes
512 2013 661 2094 Magistri
687 2012 776 2079 Petri
801 2012 860 2098 filij
887 2011 1037 2095 Magistri
1061 2011 1183 2078 Mathei
1210 2011 1250 2078 de

120 2142 240 2207 genere
256 2119 350 2186 Ghak
368 2119 481 2187 dilecti
505 2127 537 2186 et
561 2118 669 2187 tidelis
684 2121 799 2202 nostri,
825 2139 888 2203 que
913 2127 1059 2206 tempore
1083 2119 1251 2187 karissimi

121 2227 223 2313 patris
239 2227 341 2294 nostri
358 2226 478 2292 domini
495 2225 651 2312 Stephani
668 2227 809 2294 Illustris
824 2227 922 2310 Regis
939 2227 1130 2310 Hungariae
1146 2226 1249 2296 lelieis

119 2335 363 2402 reeordaoionis
394 2333 557 2400 laudabili
591 2334 699 2400 studio
730 2333 868 2402 felioiter
899 2337 1063 2420 exercuit,
1100 2335 1248 2404 volumus

120 2443 278 2510 memorie
294 2441 528 2508 commendare.
550 2443 694 2508 Primum
711 2443 844 2528 seilicet,
863 2463 934 2510 uum
950 2443 1037 2510 idem
1053 2441 1249 2512 karissimus

119 2556 212 2634 pater
228 2557 338 2616 noster
354 2550 388 2616 in
402 2551 592 2636 Bulgariam
608 2552 839 2637 propulsandis
854 2552 983 2638 iniurijs
1000 2551 1130 2635 eoufinij
1144 2551 1247 2634 Regni

119 2661 169 2724 sui
186 2658 341 2726 insultum
357 2657 488 2742 faceret,
502 2658 589 2726 idern
606 2660 762 2742 Magister
777 2660 904 2746 Petrus,
921 2667 956 2726 nt
971 2660 1022 2726 leo
1039 2656 1246 2742 fortissimus,

120 2766 210 2834 ouius
236 2766 359 2834 indicia
384 2767 486 2852 gessit
509 2769 543 2832 in
570 2769 701 2852 vexillo,
729 2768 909 2853 postposito
930 2768 1043 2835 timore
1060 2767 1171 2834 mortis
1187 2769 1245 2834 im-

118 2877 270 2943 minentis
285 2875 320 2941 in
338 2875 478 2943 aduersa
493 2875 706 2960 Bulgarornm
722 2875 793 2941 aoie
810 2875 954 2944 militans
970 2876 1139 2942 uictoriam
1156 2875 1244 2940 miri-

119 2983 211 3048 ficam
237 2981 426 3068 reportauit.
462 2981 579 3070 (S)ane
614 2982 690 3049 dum
717 2984 857 3050 eundem
882 2983 1095 3050 karissimum
1118 2990 1245 3068 patrem

119 3101 261 3160 nostrum
278 3091 390 3175 grauis
416 3093 471 3157 aui
486 3091 588 3158 nostri
614 3091 801 3176 persecucio
817 3090 1044 3158 miserabiliter
1060 3092 1244 3172 insequere·

118 3205 178 3283 tur,
203 3204 234 3263 et
250 3217 286 3264 se
302 3205 380 3265 ante
396 3197 544 3265 hostilem
572 3197 687 3264 faeiem
704 3198 794 3265 illius
809 3200 1036 3284 persequentis
1052 3199 1085 3263 in
1101 3204 1242 3265 easbum

118 3299 334 3372 Meketuholm
359 3305 582 3391 recolligeret,
607 3307 714 3372 dietus
731 3305 886 3391 Magister
910 3306 1024 3373 Petrus
1050 3303 1144 3373 lateri
1162 3306 1243 3374 eius-

119 3411 189 3477 dem
206 3412 345 3478 fideliter
370 3412 541 3494 adherens,
566 3413 665 3496 elegit
689 3417 795 3498 magis
811 3414 893 3480 mori
910 3435 981 3481 eum
999 3413 1120 3495 eodem,
1145 3432 1242 3498 quam

117 3516 148 3581 in
165 3525 292 3604 partem
317 3518 485 3586 sinistram
510 3538 545 3588 se
560 3521 746 3588 transferre.
781 3521 848 3587 Sub
869 3520 982 3589 eodem
1006 3523 1116 3607 itaque
1133 3527 1242 3588 eastre

118 3626 156 3692 de
182 3633 290 3694 turma
305 3629 573 3712 persequenoium
600 3629 705 3716 ipsum
725 3635 849 3715 patrem
875 3635 1019 3696 nostrum
1047 3629 1173 3698 bellieis
1190 3649 1242 3698 uo·

118 3731 245 3800 uatibus
271 3733 536 3821 trihnmphaliter
564 3735 750 3802 dimicando
775 3737 933 3822 plurimos
960 3737 1079 3804 deiecit
1103 3737 1136 3802 in
1158 3745 1242 3820 asta,

116 3843 146 3902 et
165 3839 275 3923 plures
298 3841 412 3925 gladio
437 3843 604 3910 ooniossos
631 3844 674 3908 ad
699 3849 840 3927 anguste
866 3843 1067 3928 captiuitatis
1092 3843 1242 3911 tenebras

116 3943 248 4013 deduxit
271 3951 396 4034 pariter
422 3957 454 4016 et
469 3949 604 4017 inuexit.
639 3947 819 4037 (Gleterum
836 3971 909 4016 oum
926 3957 1068 4018 nastrum
1086 3949 1243 4018 Baranka

114 4073 172 4138 per
200 4057 401 4138 quorundam
435 4057 665 4142 fagioiosorum
690 4057 871 4126 uersuoiam
899 4066 1093 4146 oeonpatnm
1119 4058 1241 4126 detine·

113 4167 210 4245 retur,
235 4162 306 4246 ipse
332 4163 491 4247 Magister
507 4165 622 4232 Petrus
646 4165 765 4232 milieie
789 4185 848 4232 sue
864 4166 986 4234 viribus
1002 4165 1161 4250 protensis
1176 4165 1242 4251 ipsi

116 4266 288 4337 karissimo
304 4271 390 4358 patri
407 4279 516 4338 nostro
532 4273 674 4340 restituit
690 4272 818 4342 illesum
835 4275 869 4340 in
887 4273 1074 4340 lancearum
1092 4273 1242 4342 examine

115 4381 313 4443 renouatum.
331 4377 413 4464 (AM
431 4377 489 4446 beo
506 4400 579 4446 eum
596 4380 758 4466 predictus
775 4400 859 4448 auus
875 4380 1239 4464 nosteerneyBannm

114 4502 187 4550 oum
212 4485 288 4572 alijs
312 4489 382 4558 suis
408 4487 618 4576 eomplicibus
642 4489 686 4556 ad
711 4487 933 4559 inuadendum
958 4489 1095 4555 eundem
1112 4494 1238 4573 patrem
