3138 5164
648 978 723 1045 299.

115 1174 138 1238 I
144 1173 177 1238 V.
205 1174 321 1241 Laeto
345 1175 454 1260 kiroly
480 1173 617 1242 <tianae
641 1177 872 1274 olemzetaepheii
899 1181 1014 1248 Tamds
1030 1195 1141 1249 comest
1155 1186 1237 1249 Poa-

113 1283 280 1366 proeaees
297 1282 364 1366 ficit
382 1281 520 1363 Caenea,
541 1283 627 1348 Orod
643 1286 674 1348 da
695 1284 799 1351 Teates
819 1291 938 1374 meppei
955 1291 1080 1356 coalddi
1096 1293 1232 1358 biroto-

485 1391 547 1454 batt
564 1391 756 1477 meyerdsc‘ti.
777 1393 876 1461 1285.

224 1584 401 1652 Ladizlaus
428 1586 492 1651 Dei
519 1587 630 1669 gracia
654 1587 841 1674 Hungarie,
875 1591 1064 1674 Dalmacie,
1099 1591 1242 1680 Oroaoie,

113 1695 239 1780 Ranae,
262 1692 393 1778 Seruio,
418 1691 578 1778 Gallicis,
607 1693 819 1782 Lodomeric,
844 1697 1001 1764 Cumania
1026 1697 1243 1784 Bnlgarieque

114 1801 189 1866 Rex
205 1798 354 1867 omnibns
371 1799 492 1868 Christi
508 1799 656 1868 fidelibus
678 1810 862 1887 presentem
879 1804 1033 1890 paginam
1050 1805 1245 1889 inspecturis

115 1907 258 1974 salutem
274 1906 309 1972 in
327 1907 465 1974 Domino
490 1909 733 1992 sempiternam.
765 1908 817 1974 Ad
842 1911 1065 1979 uniuersorum
1089 1915 1244 1980 noticiam
1281 1925 1283 1930 ’

113 2023 229 2082 tenore
244 2015 447 2101 presencium
464 2015 614 2082 volumus
629 2016 819 2102 peruenire,
850 2017 938 2100 quod
954 2019 1111 2087 accedens
1127 2021 1171 2088 ad
1187 2044 1243 2090 no·

113 2129 218 2189 stram
235 2122 436 2208 presenciam
469 2123 585 2190 (iomes
601 2124 745 2190 Thomas
761 2123 850 2192 iilius
874 2126 1057 2214 Pangraoij‚
1073 2127 1131 2212 filij
1148 2128 1244 2197 Kele-

112 2247 187 2296 mus
204 2229 288 2295 Bani
298 2281 308 2317 ,
324 2247 426 2316 nepos
444 2229 574 2314 Belerig
589 2231 631 2297 de
647 2249 766 2314 genere
783 2229 936 2317 Ohanad,
953 2234 1092 2318 petendo
1109 2254 1130 2299 a
1147 2235 1240 2301 nobis
1309 2267 1316 2274 ·

113 2337 294 2424 humiliter,
304 2336 391 2422 quod
399 2337 615 2405 consideratis
632 2339 698 2406 suis
715 2339 864 2407 fidelibus
881 2341 1031 2426 seruicijs
1047 2343 1244 2429 meritorum,

113 2450 149 2512 et
165 2446 353 2532 specialiter
368 2466 428 2531 pro
439 2443 527 2512 facto
537 2447 647 2512 mortis
657 2445 806 2514 Ladialai
817 2447 928 2514 fratris
944 2449 993 2516 sui
1005 2449 1131 2535 vterini,
1141 2449 1196 2534 qai
1210 2452 1245 2517 in

113 2551 238 2620 nostris
254 2553 433 2639 prouincijs
449 2575 508 2639 per
523 2555 688 2622 Cumanos
699 2555 873 2622 crudeliter
886 2557 995 2623 extitit
1010 2557 1222 2643 interemptus
1236 2583 1243 2643 3

113 2680 231 2729 omnes
246 2662 468 2747 possessiones
494 2682 570 2729 suas
587 2659 825 2749 hereditarias,
842 2665 875 2730 in
893 2665 1105 2733 Comitatibus
1121 2665 1245 2734 scilicet

113 2767 347 2854 Chanadiensi,
358 2767 532 2836 Orodiensi
542 2777 574 2836 et
590 2769 802 2840 Thimisiensi
817 2772 1002 2854 existentes,
1020 2774 1123 2840 solum
1138 2773 1245 2858 ipsum

111 2883 290 2962 separatas
305 2877 348 2944 ab
363 2877 439 2961 alijs
455 2875 609 2945 iratribus
634 2877 702 2946 suis
717 2879 927 2946 fratruelibus
956 2881 989 2946 in
1008 2900 1065 2947 vsu
1081 2881 1244 2948 fructuum

111 2993 360 3070 concernentes,
376 2984 573 3055 authoritate
588 2991 700 3052 nostra
714 2987 819 3071 Regia
843 2987 1104 3074 defenderemus,
1121 2996 1152 3055 et
1169 3009 1245 3054 eun-

111 3095 192 3162 dem
207 3095 336 3163 illesum
360 3096 403 3162 ab
428 3092 575 3162 omnibus
601 3093 829 3182 inuasoribus‚
859 3095 927 3160 ‘tam
945 3093 1119 3182 Cumanis,
1146 3116 1244 3179 quam

110 3205 223 3270 eciam
239 3223 260 3268 a
275 3203 437 3271 nobilibus
453 3205 560 3287 Regni
584 3203 694 3279 nostri,
713 3210 746 3269 et
764 3201 867 3269 eciam
885 3203 926 3270 de
941 3202 1155 3287 generacione
1171 3221 1242 3288 sua,

110 3315 197 3396 quia
211 3312 282 3397 ipse
298 3311 447 3379 discessit
462 3317 495 3376 et
511 3311 647 3377 recessit
673 3309 717 3374 ad
733 3310 817 3378 alias
837 3311 1059 3396 possessiones
1077 3329 1153 3378 suas
1171 3331 1243 3377 oum

110 3417 222 3486 nobili
237 3419 369 3488 domine
391 3425 493 3486 matre
519 3438 579 3485 sua
604 3417 763 3484 adductas
794 3426 827 3486 et
851 3419 990 3484 traditas
1016 3419 1049 3482 in
1065 3417 1244 3486 Kereskwn

111 3529 309 3614 existentes,
325 3545 600 3611 conseruaremus,
618 3525 692 3591 etsi
718 3545 800 3608 quas
819 3545 859 3591 ex
877 3525 930 3591 eis
942 3525 1044 3608 aliqui
1058 3523 1172 3593 fideles
1187 3545 1243 3592 no·

111 3635 202 3702 biles
218 3635 324 3718 Regni
341 3635 442 3701 nostri
465 3634 518 3700 vel
534 3630 671 3698 Cumani
697 3633 828 3698 nomine
852 3633 1092 3718 possessionum
1119 3631 1245 3698 heredi·

111 3745 287 3830 tariarum,
305 3737 381 3826 quia
398 3747 506 3809 essent
531 3741 574 3806 ad
590 3760 724 3826 presens
749 3739 987 3806 habitatoribus
1004 3739 1165 3821 destitute,
1181 3739 1244 3807 sibi

110 3850 191 3916 dari
208 3857 240 3918 ct
255 3848 395 3916 conferri
410 3870 432 3917 a
446 3849 553 3932 nobis,
572 3848 625 3916 vel
642 3866 663 3912 a
679 3847 843 3932 Stephano
859 3854 917 3914 aut
931 3848 1014 3915 Bela
1028 3848 1172 3931 Regibus
1188 3867 1244 3931 pa-

109 3955 265 4025 rentibus
280 3957 400 4024 nostris
416 3954 558 4022 felicium
586 3952 850 4021 recordacionum
867 3955 1097 4040 postulassent,
1114 3955 1242 4039 perqui-

109 4063 183 4135 sita
197 4065 336 4133 venete
352 4061 426 4149 ipsa
449 4061 661 4130 collacionem
677 4067 710 4128 et
737 4059 952 4128 donacionem
968 4061 1177 4146 dignaremur
1192 4079 1243 4124 re·

108 4192 235 4241 uocare
247 4223 257 4258 ,
288 4182 321 4238 et
349 4169 481 4238 easdem
505 4167 733 4254 possessiones
766 4167 801 4233 in
826 4173 894 4234 toto
926 4167 979 4234 vel
1004 4169 1039 4234 in
1055 4172 1149 4252 parte
1180 4165 1243 4249 ipsi

108 4279 236 4350 Comiti
249 4277 377 4346 Thome
392 4275 562 4344 restituere
578 4283 610 4343 et
635 4275 813 4360 resignare.
843 4273 985 4352 Quarum
1017 4273 1147 4358 quidem
1170 4291 1242 4356 pos·

107 4388 301 4460 sessionum
316 4385 449 4454 nomina
473 4381 608 4451 inferius
633 4379 861 4466 declarantem
893 4370 1046 4448 videlicet
1059 4381 1141 4446 Zent
1155 4377 1241 4444 Leu-

106 4491 226 4579 renat,
241 4490 403 4580 Kysiaiw,
429 4487 642 4573 Moiumzegh,
656 4485 788 4572 Ladan,
821 4487 955 4572 Palatc,
995 4485 1241 4556 Predanmunn·

104 4609 215 4692 stura,
228 4594 567 4689 Bcdngeeaonialwc,
593 4593 756 4679 Scanath,
772 4613 845 4664 cum
869 4591 1004 4680 piscinis
1030 4601 1062 4660 ct
1086 4587 1237 4659 omnibus

1016 4697 1083 4770 27·
