3146 5166
624 239 691 308 509

86 433 186 502 Gbnk
201 434 285 502 Beni
311 435 475 518 quandam
500 436 741 523 possessionem
766 436 920 524 ipsorum,
944 439 1129 523 porcionem
1161 439 1219 506 lli-

86 543 217 610 ohaelis
233 543 291 627 filij
308 543 466 611 Tristieni
481 545 514 612 in
530 545 627 631 Royk
643 545 845 631 existentem,
862 545 923 612 sub
939 545 1062 613 eisdem
1074 545 1170 613 metis
1188 551 1221 612 et

88 652 249 738 terminis,
266 651 383 734 quibus
399 652 485 718 idern
511 651 650 718 bliebuel
676 651 832 736 possedit,
859 650 1077 719 uendiderunt
1102 651 1235 720 comiti

88 756 203 823 Oobuz
219 759 285 826 lilio
300 757 433 826 Comitis
448 760 560 826 Boned
575 757 667 825 fratri
683 760 858 826 eorundem
874 759 908 824 in
925 759 1061 844 triginta
1090 760 1218 844 mareis,

89 873 126 930 et
140 884 200 952 per
216 885 289 932 euru
303 868 370 934 suis
385 865 564 934 heredibus
580 865 801 951 heredumque
826 886 956 934 snorum
981 857 1221 935 suoo'essoribus

89 975 325 1060 inreperpetuo
342 979 374 1040 et
383 974 642 1042 irreuoeebiliter
651 975 892 1060 possidendam,
902 976 1042 1060 poeonia
1050 975 1219 1060 persoluta
1313 1007 1317 1016 ·

91 1087 295 1167 reoeptoque
305 1101 415 1147 eoram
430 1082 524 1148 nobis
542 1103 582 1149 ex
607 1082 744 1166 integro.
770 1081 918 1147 Dicimus
945 1081 1058 1167 eciam,
1083 1081 1168 1166 quod
1193 1084 1223 1148 si

91 1208 247 1273 prooessu
262 1197 439 1275 temporum
456 1189 604 1274 prediola
619 1188 768 1255 uendioio
784 1209 842 1276 per
859 1189 1045 1273 quempiam
1056 1190 1091 1256 in
1101 1187 1219 1256 disoes-
1345 1184 1347 1194 '

92 1295 196 1361 sionis
212 1300 391 1385 materiam,
401 1299 454 1365 vol
470 1317 596 1382 quoquo
607 1297 702 1363 modo
711 1297 961 1364 reuooureturin
970 1297 1095 1364 irritum
1106 1323 1113 1383 ς
1125 1297 1224 1383 inem

91 1404 253 1488 Magister
267 1405 379 1498 Buaad
396 1413 429 1474 et
444 1406 545 1473 irater
561 1407 665 1494 ipsius
681 1405 841 1489 prenotati
858 1405 1047 1488 obligarunt
1059 1427 1096 1473 se
1114 1425 1223 1472 eorum

93 1513 201 1598 nobis,
219 1513 373 1582 (tomitem
390 1513 510 1599 Oobuz,
528 1513 580 1580 uel
595 1521 671 1600 post
687 1533 760 1579 enm
776 1531 851 1580 suos
863 1520 1036 1599 posteros,
1053 1514 1095 1579 ab
1120 1513 1222 1579 omni·

93 1623 159 1689 bus
171 1623 401 1690 exactionibus
417 1641 589 1689 causarum
605 1623 738 1688 racione
753 1629 838 1688 terre
854 1619 1079 1688 deuolaturam
1108 1639 1221 1706 supra·

96 1729 188 1796 diote
202 1731 345 1817 proprijs
361 1731 536 1814 laboribus,
552 1729 735 1815 sumptibus
750 1735 782 1794 et
806 1729 959 1816 expensis
988 1727 1155 1813 expedire.
1184 1729 1223 1792 In

94 1837 191 1906 enine
207 1839 254 1906 rei
269 1837 488 1906 testimonium
506 1838 755 1921 memoriamque
770 1836 945 1906 firmiorem
963 1842 1132 1920 presentes
1142 1853 1219 1902 oon-

93 1947 256 2013 oessimns
271 1947 374 2032 sigilli
389 1948 490 2015 nostri
507 1946 683 2014 munimine
698 1944 879 2013 roboratus.
897 1945 1018 2012 Datum
1035 1961 1120 2010 anno
1145 1963 1216 2027 gra·

95 2056 146 2122 oie
160 2053 284 2122 Μθῦὒθ
299 2055 498 2141 oetagesimo
515 2075 611 2123 nono.

98 2273 238 2338 (Eredetie
251 2268 415 2338 bdrbdrtydn
428 2269 655 2338 btrtyuusinegen
668 2271 753 2338 fdggb'
764 2268 857 2338 peosdt
869 2268 955 2332 elett3
968 2283 986 2319 s
998 2269 1082 2320 budui
1096 2269 1147 2318 lrir.
1173 2268 1222 2318 lru-

508 2363 598 2450 ,marai
619 2358 810 2426 lereltdrbun.)

556 2645 769 2656 ...ψ-

633 3109 710 3178 368.

100 3319 134 3382 A
150 3317 301 3382 solavdm‘
329 3313 519 3378 koauoatnele
549 3309 826 3394 bizoaysdqleoele,
852 3307 933 3391 boqy
964 3303 1083 3368 Multos
1115 3323 1229 3387 eomes,

103 3425 200 3492 Glak
210 3425 275 3490 baa
283 3420 399 3506 fidnolo
429 3431 568 3506 bavepye,
584 3422 616 3484 es
646 3416 792 3482 Herbord
824 3435 921 3478 eomes
952 3407 1149 3474 Lonlwetuelr
1175 3408 1228 3491 fia

102 3532 208 3618 Kotfb
226 3539 305 3596 nevil
322 3531 506 3596 birtolrukut
530 3551 639 3614 oqyaa
659 3525 760 3592 ochaz
785 3523 943 3588 oomoouek
968 3518 1107 3584 etaduok.
1133 3515 1230 3582 1289.

214 3749 283 3814 Nos
300 3745 399 3812 frater
417 3745 564 3810 Andreas
581 3739 793 3808 miseracione
819 3736 942 3801 Diuina
966 3731 1078 3798 Abbas
1103 3727 1232 3796 Zaladi-

104 3857 197 3925 ensis
214 3861 247 3922 et
262 3861 349 3922 totus
364 3851 507 3920 eiusdem
534 3849 599 3918 looi
623 3847 820 3930 eonuontus,
846 3841 889 3909 ad
913 3839 1136 3906 uniuersorum
1163 3842 1230 3901 tem

104 3961 313 4051 presencium
329 3981 425 4046 quarn
457 3965 660 4045 posterorum
690 3951 843 4020 notioium
875 3947 1024 4016 volumus
1055 3941 1234 4029 peruenire

102 4071 308 4162 presencium
324 4092 382 4159 per
396 4079 559 4138 tenorem:
577 4065 664 4153 quod
680 4062 810 4130 domina
824 4057 939 4125 relieta
956 4052 1091 4120 Comitis
1101 4051 1232 4118 Nioolai

103 4183 165 4268 filij
186 4181 281 4248 Ohak
297 4181 392 4266 Bani,
409 4185 441 4244 et
457 4177 573 4242 Comes
588 4170 776 4239 Herbordus
794 4168 879 4234 filius
907 4157 1086 4246 Lunereeij,
1113 4159 1165 4223 eui
1192 4177 1233 4224 ea

103 4291 181 4358 dem
203 4289 335 4356 domina
350 4293 450 4353 totam
466 4303 600 4350 oausam
617 4300 709 4348 suam
726 4276 817 4344 dedit
830 4282 862 4342 et
878 4269 1001 4337 dimisit
1016 4286 1074 4353 pro
1090 4285 1126 4332 se
1136 4283 1234 4349 quon-

103 4402 185 4468 dam
202 4399 245 4464 ab
261 4417 326 4464 unu
342 4401 482 4483 parte,et
498 4393 611 4459 Comes
636 4389 746 4458 Oebun
769 4383 858 4450 filius
882 4375 1031 4464 Magistri
1056 4371 1167 4441 Bouud
1192 4373 1234 4440 eb

100 4511 213 4578 altera
228 4525 338 4574 eorem
355 4503 449 4572 nobis
465 4499 680 4587 personaliter
696 4489 883 4576 constituti,
901 4485 1017 4552 eadem
1034 4479 1168 4548 dominu
1185 4479 1228 4548 si·
1294 4587 1296 4592 Ι
