3140 5150
824 740 899 810 132.

294 952 326 1010 A
342 942 526 1009 sanasset
533 939 704 1027 fettrodri
713 941 937 1026 tonvemjoneo
947 962 1017 1006 esan
1027 941 1261 1026 elzdloqoattdrt
1269 939 1424 1026 tdrqyaso

661 1050 932 1136 biaoayeciqlevele.
959 1051 1055 1118 1277.

403 1248 472 1318 Nos
488 1245 672 1315 Oouueutus
700 1245 823 1314 Domus
850 1245 1031 1332 Hospitalis
1056 1243 1097 1312 de
1121 1246 1209 1314 Alba
1233 1243 1352 1314 damus
1367 1266 1421 1332 pro

296 1355 463 1443 memoria,
479 1355 565 1440 quod
580 1353 630 1422 rir
646 1353 804 1422 discretus
821 1353 980 1437 Magister
1000 1353 1056 1420 Sol
1074 1353 1263 1438 Propositus
1279 1351 1422 1421 Ecclesie

296 1463 512 1552 Dymisieusis
528 1483 639 1530 eoram
655 1463 749 1532 uobis
766 1463 982 1548 personaliter
997 1461 1199 1546 constitutus,
1222 1482 1282 1547 pro
1299 1461 1423 1546 quibus·

295 1573 371 1640 dam
396 1571 647 1640 necessitatibus
672 1569 816 1657 predicte
844 1570 989 1637 neoterio
1008 1570 1230 1657 subleuaudis,
1259 1567 1424 1655 quandam

296 1679 533 1769 possessionem
550 1679 695 1747 eiusdem
721 1677 867 1746 Eoolesie
893 1676 1074 1744 Olkulohar
1099 1685 1260 1764 uocatam,
1287 1695 1424 1744 saonam

296 1796 328 1856 et
337 1787 578 1856 habitatoribus
592 1787 788 1872 destitutam,
807 1791 842 1854 ut
857 1783 995 1874 dicebat,
1013 1786 1073 1852 sub
1089 1787 1158 1854 suis
1175 1784 1321 1870 antiquis
1331 1781 1424 1850 metis

295 1895 482 1965 etterminis
494 1895 610 1964 Oomiti
620 1893 809 1963 Alexandro
821 1892 862 1962 de
871 1893 994 1980 Melus,
1005 1895 1138 1979 Symoui
1150 1901 1182 1962 et
1191 1893 1338 1962 Johauni
1347 1893 1425 1978 filijs

295 2005 435 2091 Nioolay
447 2001 621 2088 delldelyu
631 2023 689 2088 pro
701 2002 813 2069 deoem
830 2001 946 2072 marnis
957 2002 1163 2070 denariorum
1179 2001 1353 2070 Bsualium
1370 2019 1426 2084 pro

297 2111 562 2199 qualibetmaroa
573 2131 645 2178 oum
662 2112 840 2197 serpeusis
854 2117 1106 2197 numeratorum,
1126 2107 1426 2200 pignorigobligauit

297 2244 318 2288 a
341 2219 425 2290 testo
442 2221 553 2288 Sanoti
570 2219 731 2286 Johaunis
748 2220 896 2306 Baptista
906 2239 993 2287 nuuc
1002 2227 1137 2287 uenturo
1156 2239 1260 2304 usque
1277 2217 1322 2285 ad
1340 2237 1427 2284 reuo-

297 2331 487 2397 aluoiouem
498 2327 601 2413 quinti
618 2328 713 2413 auni;
729 2347 766 2394 eo
782 2335 890 2415 panto,
909 2329 994 2412 quod
1010 2331 1039 2397 si
1049 2329 1198 2396 reuoluto
1213 2333 1332 2410 quarto
1342 2345 1424 2391 anuo

297 2439 332 2505 iu
348 2438 435 2505 festo
450 2435 563 2502 Sauoti
579 2435 738 2504 iohannis
757 2435 904 2519 Baptista
927 2435 1012 2502 idem
1037 2437 1194 2520 Magister
1219 2435 1276 2502 Sol
1302 2433 1423 2500 dietam
1546 2495 1547 2524 ἶ

299 2545 542 2632 possessionem
558 2564 630 2612 oum
646 2544 758 2610 deoem
774 2543 894 2610 marsis
910 2543 1006 2611 modo
1020 2550 1191 2630 prenotato
1207 2561 1318 2609 eoram
1335 2541 1426 2607 nobis

301 2651 419 2720 refusis
444 2656 477 2718 et
501 2651 617 2719 solutis
643 2651 823 2736 redemerit,
857 2653 940 2720 bene
965 2650 1115 2737 quidem3
1140 2651 1284 2735 alioquin
1308 2667 1425 2735 penam
1546 2645 1547 2662 l

300 2759 392 2846 dupli
407 2759 567 2846 inourret;
591 2759 675 2829 siout
699 2760 734 2826 id
759 2761 911 2830 ultronea
935 2759 1112 2848 assumpsit
1136 2759 1315 2828 uoluntate.
1339 2756 1424 2824 Diei·
1546 2753 1547 2814 l

299 2889 369 2937 mut
385 2867 507 2955 eciam,
532 2865 619 2952 quod
643 2867 797 2954 quidam,
824 2867 879 2952 qui
904 2889 940 2936 se
964 2868 1111 2935 Poukum
1133 2867 1234 2934 filium
1248 2867 1424 2948 llortuuus,

298 2979 428 3044 Petrum
443 2976 552 3075 fllium¹
562 2976 669 3064 Myoo,
690 2982 722 3044 et
738 2975 937 3045 Oraohiuum
953 2975 995 3043 (le
1011 2977 1084 3043 Wrs
1107 2981 1274 3062 uocarunt,
1290 2981 1322 3041 et
1337 2974 1423 3041 ioba-
1546 2967 1547 3054 ζ

298 3086 411 3169 giones
427 3083 514 3151 dioto
530 3083 676 3151 Euolesie
691 3103 763 3152 esse
779 3083 941 3170 dixerunt,
964 3103 1074 3152 ooram
1089 3081 1182 3152 nobis
1208 3081 1424 3169 oomparendo
1546 3063 1547 3142 J

299 3193 405 3260 eidem
421 3192 693 3279 impignoraoioni
709 3199 885 3262 memorate
901 3193 1122 3278 possessionis
1148 3210 1341 3260 consensum
1357 3209 1423 3276 prs·

299 3303 440 3370 buerunt
463 3307 496 3366 et
515 3319 696 3368 assensum.
721 3301 793 3368 Hoo
817 3302 920 3369 eoiam
946 3319 1011 3368 non
1038 3299 1314 3388 pretermittimus,
1340 3295 1424 3382 quod

299 3428 402 3493 usque
421 3407 583 3496 suipsius
605 3411 712 3495 quarti
738 3409 816 3478 anui
841 3409 1082 3478 reuoluoionem
1109 3409 1229 3478 dietam
1246 3407 1420 3495 possessio·

300 3535 374 3583 uem
390 3515 568 3584 redimendi
593 3539 658 3587 non
686 3517 821 3586 habebit
846 3517 1033 3586 facultatem
1064 3517 1251 3604 Propositus
1277 3515 1424 3602 superius
1546 3531 1547 3560 ³

300 3627 494 3695 nominatus.
519 3627 639 3704 Datum
663 3625 697 3692 iu
723 3627 866 3694 erastino
891 3631 1082 3694 ootauarum
1106 3623 1313 3693 Penteoostes
1342 3639 1422 3689 anuo
1546 3641 1547 3720 }

300 3734 431 3802 Domini
447 3733 558 3804 ΜὋΟο
574 3732 816 3822 septuagesimo
837 3735 985 3820 septimo.
1546 3749 1547 3756 ¹

302 3913 439 3984 (Ersdetie
451 3911 626 3980 bltrhtrtyrlm
645 3930 663 3966 a
675 3910 755 3967 uttul
769 3915 820 3966 otia
830 3919 953 3981 nyomott
976 3909 1070 3982 posset
1088 3913 1227 3976 elresuett,
1245 3913 1358 3964 abudai
1374 3911 1420 3961 lrir.
1546 3925 1547 3940 ³

698 4006 823 4058 lamarai
835 4001 1030 4071 lerelttrbau.)
