3118 5158
865 899 920 966 35.

325 1084 348 1146 Ι
349 1083 383 1148 V.
402 1085 517 1153 Msald
541 1091 718 1176 birdlyauk
734 1094 865 1183 Koucby
889 1109 968 1164 nevit
975 1101 1083 1188 scilciet
1108 1106 1263 1190 tdrpyaad
1278 1105 1454 1188 odonsdayo

553 1196 781 1287 dcnwcimpbeli
795 1208 929 1271 nemeaek
943 1213 1101 1274 saumuro.
1129 1213 1225 1276 1274.

431 1403 608 1474 Ladiclaus
643 1410 704 1476 Dei
738 1416 850 1496 gracia
873 1416 1059 1508 Hungerie‚
1092 1421 1281 1502 Daimaoie‚
1310 1421 1444 1490 Groacic

326 1510 437 1596 Reme,
468 1511 591 1604 Seruio,
623 1517 781 1606 Gallicis,
813 1524 1013 1614 Lodomerie,
1047 1529 1205 1596 Cumanis
1239 1531 1452 1616 Bulgarieque

326 1617 396 1682 Rex
422 1618 584 1690 uniuersis
614 1624 734 1694 Christi
761 1629 912 1700 fidelibus
946 1643 1130 1720 presentem
1166 1639 1324 1723 paginam
1352 1637 1452 1721 inspe-

323 1724 423 1791 cturis
440 1728 582 1796 salutem
599 1732 632 1797 in
644 1734 784 1801 omnium
801 1739 978 1808 saluatore.
994 1742 1046 1807 Ad
1063 1744 1289 1812 uniuersorum
1305 1743 1452 1810 noticiam

325 1829 440 1898 harum
467 1836 551 1902 serie
572 1839 721 1908 uolumus
740 1851 927 1934 peruenire,
956 1851 1042 1932 qnod
1059 1853 1249 1938 Reynolbus
1268 1857 1301 1918 et
1316 1850 1383 1918 Jak
1400 1847 1452 1932 filij

324 1936 426 2022 ubeu,
454 1941 531 2006 item
547 1945 647 2029 Mykc
666 1952 699 2012 et
717 1947 884 2019 Dionisius
909 1954 966 2039 filij
984 1958 1153 2024 Benedicti
1179 1959 1312 2025 nobiles
1338 1956 1379 2020 de
1404 1972 1452 2036 ge·

324 2063 403 2112 nere
418 2047 505 2134 iah,
530 2052 586 2134 qui
604 2053 646 2117 ad
665 2050 886 2123 defensionem
904 2061 1029 2128 Corone
1045 2064 1147 2147 Regie
1173 2073 1206 2130 et
1223 2063 1327 2149 Regni
1346 2061 1451 2127 tuicio·

322 2173 396 2218 nem
421 2157 619 2240 temporibus
643 2159 766 2226 domini
783 2164 862 2229 Bele
887 2169 941 2233 aui
959 2171 1070 2247 nostri,
1096 2178 1128 2238 et
1155 2171 1277 2238 domini
1294 2164 1449 2253 Stephani

322 2263 427 2343 patris
444 2265 648 2346 nostri‚olini
663 2266 947 2340 Serenissimorum
966 2277 1090 2360 Regum
1107 2277 1277 2361 Hungaric
1294 2281 1327 2343 in
1344 2274 1450 2340 multis
1556 2277 1557 2324 i

322 2369 590 2452 expedicionibus
607 2373 721 2458 Regni,
746 2397 827 2458 quas
842 2382 1020 2449 seeundum
1038 2385 1231 2452 uarietatem
1248 2383 1407 2469 temporis
1423 2387 1452 2442 et

322 2477 532 2556 negociorum
558 2477 781 2548 diuersitatem
807 2491 875 2551 tam
901 2509 970 2570 nos,
1002 2510 1100 2573 quam
1126 2491 1259 2558 eosdem
1288 2489 1452 2576 predeces·

321 2601 413 2647 sores
434 2595 563 2650 nostros
586 2586 781 2656 karissimos
807 2592 927 2659 habere
952 2599 1136 2663 necessario
1161 2597 1322 2682 oportuit,
1357 2596 1453 2662 effun-

321 2689 429 2755 dendo
445 2694 639 2773 sangninem
665 2713 773 2760 eornm
800 2705 833 2762 et
848 2701 983 2768 sudores
1000 2703 1136 2769 bellicos
1156 2704 1364 2788 sustinendo,
1383 2721 1452 2784 gra-
1556 2695 1557 2722 i

320 2801 387 2862 tum
415 2817 543 2882 semper
570 2803 794 2871 commendate
819 2807 986 2876 fidelitatis
1007 2811 1197 2895 obsequium
1213 2811 1452 2897 impenderunt,

321 2909 418 2988 prout
434 2902 495 2970 hoc
511 2903 657 2972 Berones
676 2911 777 2974 nostri
797 2912 892 2978 nobis
907 2915 980 2980 uiue
997 2920 1087 2983 uocis
1105 2920 1238 2984 oraculo
1256 2919 1454 2992 recitarunt3

317 3016 394 3096 post
420 3012 594 3078 transitum
619 3012 765 3081 eiusdem
791 3019 893 3101 patris
920 3025 1019 3087 nostri
1036 3025 1130 3092 nobis
1151 3023 1193 3091 ad
1212 3026 1377 3090 coronam
1395 3023 1452 3085 Re·

318 3118 407 3198 giam
432 3127 465 3184 et
485 3119 591 3202 Regni
617 3120 731 3186 solium
759 3123 829 3188 inre
854 3131 1052 3195 successorio
1079 3151 1137 3196 sen
1162 3132 1279 3197 ordine
1305 3129 1455 3212 geniture

317 3231 485 3290 annuente
500 3225 642 3291 Domino
663 3229 859 3316 sublimatis,
885 3233 928 3296 ad
944 3243 1087 3299 nostram
1113 3237 1309 3304 accedentes
1326 3251 1455 3320 presen·
1556 3275 1557 3280 κ

317 3331 402 3396 ciom
419 3331 517 3396 nobis
534 3331 702 3398 humiliter
727 3335 972 3420 supplicarunt,
997 3346 1032 3406 ut
1047 3339 1211 3423 quandam
1234 3362 1379 3408 uacuam
1397 3349 1454 3404 ter·

316 3457 388 3502 ram
405 3435 513 3502 Casiri
538 3438 652 3502 Ferrei
671 3440 808 3526 Koachy
833 3450 981 3509 uocatam
1008 3445 1207 3514 hereditarie
1234 3457 1321 3514 terre
1349 3467 1457 3513 eorum
1556 3503 1557 3506 ,

315 3543 360 3608 ab
375 3562 442 3607 una
459 3549 573 3626 parte3
599 3551 632 3607 et
648 3544 805 3610 nobilium
832 3547 873 3611 de
892 3549 979 3630 Pogh
1005 3570 1045 3614 ex
1061 3553 1168 3618 altera
1183 3561 1457 3633 commetaneam,

314 3649 402 3717 sicut
426 3648 547 3732 dicunt,
575 3655 609 3713 et
634 3649 787 3734 uicinam,
815 3655 863 3718 eis
888 3655 929 3720 de
952 3657 1156 3741 benignitate
1175 3661 1284 3744 Regia
1309 3660 1460 3727 conferre

314 3757 546 3840 dignaremur;
571 3755 736 3840 dicentes,
769 3761 857 3841 quod
883 3762 985 3826 eciam
1012 3765 1178 3848 predictus
1203 3766 1360 3833 dominus
1390 3765 1459 3830 Ste·
1556 3765 1557 3832 Τ

313 3862 444 3950 phanus
471 3865 541 3929 Rex
578 3873 811 3949 paternoster
845 3873 922 3932 tune
946 3889 1060 3952 gerens
1085 3875 1348 3956 gubernaculum
1377 3883 1461 3940 terre
1556 3927 1557 3932 ,

312 3970 619 4056 Thansdanubialis,
649 3981 682 4038 et
702 3973 805 4037 eciam
822 3973 990 4061 primitus,
1016 3996 1086 4043 cum
1110 3981 1259 4048 Ducatus
1277 3982 1384 4047 Stirie
1400 3979 1462 4045 mit

310 4075 402 4162 apud
426 4099 517 4162 eum,
545 4083 594 4149 eis
614 4078 797 4146 'contulerit
822 4085 941 4144 terram
967 4083 1075 4166 illam;
1109 4106 1210 4170 super
1239 4107 1307 4171 quo
1334 4088 1461 4152 litteras
1556 4107 1557 4140 1

309 4185 419 4270 ipsius
435 4189 538 4268 patris
563 4189 671 4254 nostri
694 4186 836 4252 diuersis
862 4187 1059 4269 temporibus
1084 4189 1229 4277 habitas,
1256 4195 1356 4260 nohis
1373 4191 1460 4258 exhi·

309 4295 390 4358 bere
406 4305 611 4362 curauernni.
637 4295 707 4359 Nos
726 4293 849 4375 itaque,
869 4291 925 4370 qui
942 4313 982 4355 cx
999 4293 1104 4361 officio
1124 4301 1273 4383 suscepti
1290 4286 1461 4384 regiminis

307 4399 415 4464 nostri
432 4401 537 4468 metiri
553 4401 713 4468 debemus
735 4398 855 4462 merita
871 4397 1079 4482 singulorum,
1090 4411 1187 4486 grata
1202 4407 1352 4473 fidelium
1373 4407 1464 4471 obse·
1556 4425 1557 4480 ι

307 4503 391 4586 quia
416 4507 583 4590 cupientes
609 4507 714 4589 digne
749 4503 1025 4571 remuneracionis
1050 4508 1209 4576 beneficio
1239 4532 1466 4598 compensare,

307 4614 603 4682 commendabilem
633 4611 842 4692 fidelitatem,
869 4614 902 4672 et
926 4611 1090 4681 meritoria
1114 4618 1279 4702 obsequia
1295 4641 1356 4685 seu
1372 4621 1467 4685 obsc-
1556 4607 1557 4658 Ὗ
