3126 5150
319 1041 377 1108 IV.
404 1041 519 1107 Laiszlo'
544 1041 653 1125 kirrily
678 1045 770 1126 ctpjc
796 1042 915 1122 Istou'o,
941 1043 1041 1105 akko-r·
1065 1063 1132 1126 orep
1156 1041 1259 1128 r'sp'cbb
1278 1043 1446 1128 ltr'rdlprrub

319 1151 445 1232 Forrdt,
469 1147 644 1230 Deoecsert,
670 1149 832 1229 Fouosolt,
859 1148 981 1214 Eezdo'r
1007 1151 1038 1212 e's
1054 1145 1175 1212 (insuber
1200 1151 1353 1234 tdrpyczd
1377 1151 1446 1215 ‹rdo-

319 1263 450 1344 mrioyo't
485 1259 650 1342 owqrrjitjo
684 1260 715 1321 e'c
740 1259 915 1341 ursperdaite'
950 1255 1079 1322 Alczdu'r
1113 1267 1217 1322 amator·
1244 1253 1330 1323 Chele
1355 1281 1446 1324 conus

674 1366 793 1447 fidnok
807 1369 965 1430 szriutrt'rm.
992 1368 1088 1432 1273.

426 1559 601 1628 Ladizlcus
627 1559 687 1625 Dei
714 1560 825 1643 gracia
854 1561 1039 1648 Hungarie,
1077 1559 1266 1647 Dalmatis,
1304 1558 1444 1647 limacis,

319 1671 430 1755 Rame,
445 1670 568 1756 Seruis,
585 1667 731 1754 Gallicis,
750 1669 954 1754 Lodomsric,
971 1667 1130 1736 Cumanis
1146 1669 1368 1753 Bulgaricque
1383 1672 1447 1737 Rex

320 1778 469 1846 omnibus
485 1777 605 1844 curisti
631 1777 780 1844 fidelibus
800 1783 983 1863 presentem
1010 1777 1164 1862 paginam
1189 1775 1384 1863 inspecturis
1400 1797 1444 1844 sn·

321 1887 421 1953 lutem
437 1885 470 1951 in
488 1904 526 1950 eo
536 1937 545 1971 ,
572 1885 627 1969 qui
645 1891 694 1951 est
713 1923 751 1930 -
774 1921 811 1930 -
834 1922 871 1930 -
892 1904 955 1950 um.
983 1883 1036 1948 Ad
1053 1884 1277 1950 uniuersorum
1297 1885 1445 1952 noticiam

320 1995 435 2059 horum
452 1992 538 2059 serie
563 1993 713 2060 uolumus
738 1993 918 2076 peruenire,
946 1993 1032 2076 quod
1057 1991 1217 2060 accedens
1243 1991 1285 2060 ad
1302 2001 1444 2060 nostram

322 2099 524 2186 presenciam
545 2101 701 2184 Magister
715 2101 891 2168 Aladarius
917 2100 1003 2167 lilius
1020 2099 1154 2166 Comitis
1177 2099 1279 2168 Ghete
1304 2100 1447 2169 exhibuit
1545 2087 1546 2170 l

323 2209 419 2277 nobis
445 2207 652 2295 priuilegium
670 2208 876 2276 Serenissimi
901 2210 1005 2294 patris
1025 2209 1126 2276 nostri
1152 2208 1273 2274 domini
1294 2208 1447 2294 Stephani

321 2319 420 2401 Regis
437 2316 605 2400 Hungarie
629 2315 734 2384 felicis
752 2316 1001 2404 recordacionis,
1027 2322 1143 2401 petens
1162 2337 1183 2382 o
1202 2315 1296 2382 nobis
1312 2337 1382 2382 cum
1399 2315 1446 2382 in·

321 2423 458 2510 stanoia,
478 2431 514 2490 ut
529 2423 765 2511 possessionen,
792 2445 929 2508 quarum
946 2423 1126 2491 nominoio
1143 2423 1255 2491 codem
1274 2425 1446 2509 priuilegio

322 2535 537 2618 continentur,
565 2537 597 2597 et
621 2531 787 2618 prodictus
814 2531 963 2601 dominus
980 2533 1050 2600 Rex
1066 2539 1158 2619 pater
1182 2540 1292 2600 noster
1318 2531 1451 2600 karissi-
1546 2601 1547 2604 Ἴ

321 2661 392 2707 mus
422 2640 601 2706 abeodem
627 2641 827 2723 abstulerat,
862 2647 895 2708 et
920 2640 1056 2707 diversis
1085 2640 1234 2725 personis
1258 2642 1446 2722 contulerat,
1546 2649 1547 2660 ¹

321 2755 451 2835 propter
467 2751 582 2816 merita
598 2767 728 2816 suorum
750 2749 959 2816 sernioiorum
986 2749 1048 2816 sibi
1067 2749 1245 2833 restituere,
1263 2753 1296 2815 et
1312 2745 1449 2833 primam

322 2858 536 2925 collacionem
564 2858 666 2941 patris
700 2858 800 2924 nostri
828 2860 1018 2925 confirmare
1053 2877 1094 2924 ex
1120 2856 1321 2940 benignitate
1346 2856 1450 2940 Regia

325 2965 543 3050 dignaremur.
568 2964 667 3032 Cuius
683 2973 774 3034 tenor
793 2967 870 3034 telis
888 2973 962 3034 est:

425 3074 608 3160 Stephanus
637 3075 700 3140 Dei
734 3075 847 3159 gracia
875 3075 986 3158 junior
1021 3075 1090 3140 Rex
1126 3073 1353 3158 Hungarorom
1389 3073 1452 3138 stb.

322 3179 537 3268 (ktvetlrezik
553 3184 662 3250 lstvsn
689 3183 793 3269 ifjabb
814 3183 991 3269 kirtlynak
1008 3182 1132 3262 Forrot,
1157 3183 1343 3268 Devenere,
1365 3183 1449 3248 Fan·

320 3290 412 3377 csalt,
438 3289 561 3358 sordet
588 3295 623 3356 cs
649 3289 772 3357 Guthtt
798 3293 953 3376 ttrgyazd
982 3291 1119 3357 lesa-ki
1144 3289 1341 3376 adomanya,
1370 3289 1452 3355 mint

321 3396 452 3466 lentebb
477 3397 757 3484 gydjtemenyttnlr
782 3399 842 3465 IX.
864 3399 982 3483 vagyis
1009 3421 1030 3464 a
1055 3397 1202 3466 masodilr
1229 3397 1353 3484 folyam
1381 3397 1454 3466 3-ik

322 3505 498 3574 kotettben
515 3508 589 3573 290.
607 3503 646 3592 l.)

433 3614 552 3678 Verum
564 3613 642 3680 licet
652 3613 798 3698 predicte
809 3613 1032 3699 possessiones
1042 3635 1082 3680 ex
1094 3613 1275 3682 donacione
1285 3633 1364 3699 sepc
1374 3613 1454 3680 dicti

324 3721 428 3806 patris
444 3722 568 3808 nostri,
595 3740 633 3788 eo
653 3721 738 3804 quod
755 3729 868 3788 contra
884 3724 988 3807 ipsum
1005 3721 1195 3788 Aladarium
1212 3729 1316 3789 motus
1334 3721 1456 3804 suerat,

322 3849 381 3916 per
396 3829 545 3896 diuersas
570 3851 686 3898 manus
710 3837 784 3916 post
800 3830 1012 3898 collacionem
1038 3831 1100 3916 ipsi
1117 3830 1273 3914 Magistro
1290 3829 1454 3898 Aladario

321 3938 443 4003 factam
470 3937 760 4023 perambulauerit;
793 3945 901 4006 tamen
936 3937 1181 4006 considerantes
1216 3937 1393 4004 fidelitates
1424 3944 1459 4003 et

321 4044 463 4112 seruicia
479 4045 583 4130 ipsius
609 4046 757 4130 Magistri
773 4047 934 4132 Aladarij‚
960 4067 1023 4132 que
1037 4044 1302 4133 progenitoribus
1316 4047 1454 4130 nostris,

320 4153 400 4219 Bele
415 4151 566 4220 videlicet
590 4175 653 4221 auo
670 4161 788 4240 nostro,
817 4163 849 4222 et
864 4156 1010 4242 predicto
1026 4153 1192 4240 Stephano
1218 4152 1305 4238 patri
1332 4159 1459 4236 nostro,

321 4260 546 4329 Serenissimis
574 4263 715 4348 Regibus
731 4265 920 4347 Hungarie,
946 4268 1041 4348 prout
1065 4260 1203 4345 quedam
1230 4283 1270 4327 ex
1296 4261 1461 4348 seruicijs

321 4369 388 4437 suis
405 4369 439 4436 in
456 4371 639 4458 priuilegijs
664 4373 765 4459 ipsius
791 4373 895 4458 patris
926 4370 1027 4437 nostri
1053 4369 1219 4438 karissimi
1245 4369 1461 4436 continentur

323 4477 522 4546 articulatim
547 4488 724 4565 annotata,
749 4489 781 4546 et
805 4480 897 4546 nobis
923 4481 956 4545 iu
982 4479 1109 4546 feruore
1133 4477 1302 4544 fidelitatis
1333 4477 1462 4546 eximie

322 4585 487 4671 exhibuit;
512 4587 716 4656 attendentes
743 4589 846 4656 eciam
856 4639 867 4676 ‚
893 4586 978 4671 quod
997 4585 1080 4652 siout
1101 4583 1239 4654 seruicia
1256 4581 1410 4652 exhibita
1428 4590 1462 4650 et
