3080 5160
538 298 696 396 Q„

65 489 176 558 minem
191 510 249 576 pro
264 490 456 574 testimonio,
473 491 528 575 qni
543 490 746 575 postmodum
762 490 806 556 ad
820 511 879 558 nos
893 491 1065 560 redeuutes
1085 491 1171 559 dixe

64 609 144 687 runt,
170 599 255 682 qnod
275 597 386 666 villam
402 597 479 664 Wos
495 597 778 665 lrolnnohariorum
795 604 974 666 uestrorum
990 619 1061 664 oum
1076 599 1169 667 terris

65 714 93 773 et
115 706 190 792 alijs
214 707 336 774 iuribus
351 707 384 773 in
399 705 655 792 possessionibus
670 707 712 774 ad
728 707 865 774 eandem
880 709 993 776 villam
1008 709 1172 794 pertinen·

63 813 143 882 tibus
169 818 355 883 oonuooatis
380 815 507 902 populis
533 814 677 881 eiusdem
701 814 778 883 ville
803 816 947 900 Nyoolao
964 820 996 883 et
1010 815 1172 901 Myohaeli

63 921 136 1009 filijs
163 925 295 991 Emirioi
320 923 511 992 statuissent
535 921 616 990 feria
640 921 741 990 tercia
764 930 840 992 ante
865 923 981 991 festum
997 924 1090 991 Beati
1105 925 1172 1009 My·

62 1028 180 1098 abaelis
203 1032 293 1098 nullo
318 1032 446 1117 penitus
479 1031 524 1097 ibi
552 1031 787 1100 contradictore
812 1031 981 1100 existente.
997 1033 1119 1099 Datum
1134 1033 1169 1098 in

63 1137 198 1205 erastino
214 1138 402 1207 sestiuitatis
419 1139 528 1206 Sancti
550 1138 735 1225 llyohaelis.

166 1247 234 1313 Nos
258 1247 369 1330 itaque
385 1246 596 1314 consideratis
612 1247 762 1314 fidelibus
779 1247 926 1333 seruioijs
943 1245 1097 1314 diotorum
1116 1248 1173 1316 Oo-
1266 1285 1269 1291 Δ

61 1354 147 1422 mitis
164 1354 304 1440 Nyeolai
319 1363 352 1422 et
367 1355 555 1442 Myohaelis,
572 1357 737 1438 qnenobis
749 1355 845 1441 ijdem
856 1357 890 1422 in
901 1356 1174 1441 nontliotunostro‚

61 1481 154 1545 quem
171 1469 285 1530 eontra
296 1464 416 1548 Regem
425 1463 556 1531 Boemie
571 1465 751 1552 habuimus,
768 1465 1000 1553 impenderunt,
1017 1464 1073 1530 ubi
1089 1461 1174 1530 idem

60 1567 173 1637 Comes
197 1570 360 1656 Nyoolaus
387 1592 445 1656 per
469 1572 608 1640 medium
633 1572 697 1639 oris
722 1572 814 1640 lanes
829 1574 991 1660 perfossus
1008 1571 1124 1656 extitit,
1143 1579 1174 1638 et

62 1675 168 1744 dietus
183 1679 332 1765 blyobael
347 1699 406 1764 per
421 1679 592 1749 aduersam
607 1679 710 1747 aoiern
728 1679 769 1746 de
785 1701 866 1765 equo
882 1702 940 1749 suo
957 1683 1073 1748 lanoea
1090 1679 1174 1746 deie-

59 1793 128 1851 ctus
144 1805 210 1851 non
228 1787 298 1853 sine
315 1807 436 1870 magna
452 1790 502 1855 sui
518 1789 642 1856 lesione
658 1789 753 1874 quasi
770 1789 936 1855 exanimus
953 1787 1086 1854 ednotus
1105 1771 1172 1853 fue-

59 1903 108 1959 rat
133 1893 296 1962 adiutorio
322 1895 467 1964 aliorum.
492 1896 701 1964 Attendentes
727 1915 853 1981 qnoque
875 1895 1049 1964 famulatus
1064 1917 1174 1963 eomu-

58 2001 130 2067 dem
147 2004 303 2087 inpensus
319 2003 411 2072 nobis
426 2007 460 2070 in
485 2005 625 2072 eeclesia
641 2005 752 2071 Sanoti
767 2003 937 2090 Laureneij
954 2005 995 2071 de
1010 2005 1083 2091 Hoy
1101 2024 1174 2070 oum

57 2109 184 2177 lesione
208 2119 240 2177 et
264 2119 365 2180 morte
390 2114 523 2198 triginta
539 2121 662 2198 septem
677 2115 891 2181 seruientium
908 2133 1046 2200 suorum,
1061 2115 1095 2180 in
1111 2134 1174 2198 qua

57 2219 200 2286 ecelesia
224 2221 354 2288 eosdem
380 2241 437 2306 pro
454 2219 649 2290 deffensione
666 2222 772 2306 gentis
788 2221 971 2291 Christiane
986 2229 1099 2290 eontra
1116 2223 1176 2290 Ou-

57 2347 174 2396 manos
198 2329 393 2400 duxeramus
416 2331 663 2415 relinquendos;
687 2350 747 2396 neo
761 2351 825 2396 non
841 2330 943 2398 eniam
959 2332 1036 2415 quia
1049 2330 1084 2396 in
1100 2329 1175 2416 alijs

56 2453 190 2521 semper
216 2443 247 2502 et
268 2435 387 2519 ubique
401 2437 602 2504 necessarios
616 2437 710 2504 nobis
726 2437 938 2504 exhibuerunt
953 2438 1129 2506 famulatus
1143 2445 1176 2506 et

55 2549 231 2628 aceeptos3
249 2563 307 2630 pro
323 2551 424 2611 morte
439 2565 566 2629 quoque
590 2547 778 2613 Sebastiani
793 2545 903 2612 fratris
919 2547 1060 2631 ipsorum
1076 2547 1174 2613 inter·

56 2653 159 2736 empti
185 2653 220 2717 iu
246 2653 487 2737 expugnatione
504 2653 603 2720 osstn
627 2653 729 2721 nostri
753 2653 932 2720 Jsuriensis
958 2673 1015 2739 per
1030 2639 1173 2721 homines

52 2758 132 2825 dieti
158 2759 258 2843 Regis
281 2761 410 2830 Boemie
436 2761 657 2830 fraudulenter
683 2763 851 2848 occupati3
868 2763 1044 2849 predictam
1060 2763 1173 2832 villam

52 2867 137 2935 Wos
153 2887 229 2933 oum
247 2868 441 2936 utilitatibus
457 2872 524 2937 suis
540 2877 573 2935 ot
590 2871 802 2958 pertinenoijs
811 2871 957 2957 Nyoolao
973 2877 1005 2938 et
1013 2871 1173 2957 Myebaeli

52 2975 247 3063 (inmitibus,
272 2984 303 3043 et
327 2997 385 3062 per
412 2997 468 3045 eos
492 2978 666 3045 Benedioto
691 2985 723 3044 et
738 2977 877 3046 Emirioo
893 2979 1048 3047 fratribus
1065 3000 1173 3046 eorum

52 3084 215 3167 dedimus,
241 3085 433 3151 donauimus
450 3092 482 3151 et
496 3087 693 3152 eontulimns
707 3093 861 3172 perpetuo
875 3087 1117 3172 possidendam.
1133 3089 1171 3153 In

50 3195 146 3261 ouius
173 3193 222 3258 rei
246 3195 433 3260 memoriam
464 3201 716 3282 perpetuamque
731 3194 915 3262 firmitatem
931 3202 1098 3282 presentes
1115 3197 1172 3263 eis-

51 3302 127 3369 dem
156 3301 375 3370 eoncessimus
399 3301 526 3370 litteras
554 3301 716 3387 duppliois
741 3301 842 3386 sigilli
867 3304 968 3370 nostri
994 3305 1171 3372 munimine

49 3413 236 3478 roboratas.
257 3411 375 3475 Datum
385 3429 443 3495 per
459 3427 572 3475 manus
588 3408 718 3476 disereti
735 3411 795 3475 viri
811 3411 960 3494 Magistri
976 3411 1170 3480 Bartolomei

50 3521 215 3606 Propositi
233 3519 273 3586 de
288 3519 387 3604 Sceps
403 3520 479 3587 aule
495 3524 603 3585 nostre
616 3515 902 3606 Vise-Cancellarij
920 3521 1030 3587 dilecti
1048 3527 1079 3589 et
1094 3520 1170 3589 fide·

50 3631 91 3697 lis
117 3629 225 3696 nostri
250 3648 335 3694 anno
359 3627 487 3692 Domini
508 3625 626 3693 ΜῦΟΟο
641 3627 858 3714 ootuagesimo
875 3627 958 3694 ΠΙΙ0
972 3629 1079 3715 pridie
1094 3629 1171 3697 Idus

48 3738 215 3824 anuarij,
230 3737 330 3817 Regni
346 3742 451 3802 autem
466 3735 568 3802 nostri
585 3755 672 3801 enno
689 3733 778 3804 Xlll.

182 3951 320 4018 (Erodatis
332 3951 525 4022 bb'rbbrtytna
544 3956 659 4006 namneti
672 3972 792 4008 museum
806 3953 1044 4022 ktzirstttrdban.)

514 4235 723 4250 r-—n-*t-——u
