3118 5158
579 365 739 467 ,Q

83 563 242 630 Preterea
266 563 299 631 in
324 559 421 630 siluis
445 559 488 628 ad
504 561 644 630 Domum
663 567 807 629 nostram
832 561 874 628 de
891 560 1046 650 Obychau
1072 573 1220 652 specten-

84 671 193 756 tibns,
218 678 355 758 excepta
380 668 468 738 silua
491 668 590 738 Owas
613 675 740 757 vocam,
767 676 835 737 mm
859 670 951 758 porci
977 668 1058 740 dicti
1088 673 1223 741 Comitis

85 777 240 846 Perchini
258 785 292 848 et
307 777 419 846 fratris
435 778 486 846 sni
495 830 505 866 ,
532 797 629 864 quam
645 778 748 846 eciam
767 777 963 866 populorum
979 798 1110 849 snorum
1124 802 1223 870 super

86 885 186 956 dictis
211 886 306 956 terris
322 884 593 953 commorancium
618 884 689 953 sino
708 885 823 970 aliqua
849 885 1024 954 exaccione
1039 887 1153 956 tributi
1169 912 1225 977 pa-

85 1001 229 1082 scantur,
253 1001 286 1063 et
310 993 403 1078 ligna
426 1000 495 1061 tam
509 1014 569 1081 pro
584 991 744 1079 hedificiis
769 992 949 1080 domorum,
972 1015 1071 1080 quam
1086 1017 1145 1083 pro
1161 1017 1222 1066 usn

87 1102 268 1191 recipiant,
292 1101 554 1170 contradicoione
580 1101 725 1186 qualibet
748 1120 814 1168 non
840 1103 1000 1170 obstante.
1028 1103 1112 1170 Item
1137 1110 1224 1172 tene-

87 1213 211 1280 buntur
237 1209 332 1278 nobis
360 1210 394 1276 in
410 1210 586 1278 desecensu
594 1258 605 1292 ,
630 1215 726 1294 prout
750 1208 783 1276 in
800 1209 876 1296 alijs
892 1209 1008 1278 litteris
1025 1212 1144 1282 nostris
1161 1215 1222 1281 eis-

88 1319 164 1386 dem
193 1319 354 1388 concessis
380 1317 571 1386 continetur.
597 1314 715 1386 Omnia
738 1321 848 1386 autem
874 1318 948 1386 inra
964 1325 1124 1387 terrarum
1139 1321 1221 1407 ipsa-

89 1449 161 1496 rum
177 1425 501 1514 taminlmarturinis
512 1445 610 1510 quam
626 1427 660 1494 in
676 1425 754 1511 aliis
771 1424 1001 1495 exaccionibus
1016 1434 1048 1494 et
1064 1429 1222 1515 collectis,

88 1556 150 1620 que
176 1555 234 1622 per
259 1543 378 1604 terram
392 1534 516 1603 Domus
542 1539 652 1603 nostre
677 1551 808 1602 currere
834 1541 1079 1622 consueuerunt,
1103 1535 1220 1605 (lomes

86 1643 276 1728 Percbynus
302 1649 335 1709 et
359 1643 462 1710 irater
486 1662 573 1730 snus,
597 1662 636 1709 ac
660 1660 771 1710 eorum
797 1640 932 1710 heredes
957 1643 1165 1730 obtinebunt,
1192 1652 1225 1712 et

87 1752 264 1820 collectum
288 1750 445 1838 Regiam,
476 1771 574 1834 quam
598 1749 633 1817 in
659 1751 771 1834 Regno
796 1750 867 1818 fieri
893 1750 1084 1836 contigerit,
1107 1771 1167 1821 nos
1192 1760 1223 1820 et

89 1860 212 1928 iratres
237 1858 341 1926 nostri
366 1860 426 1927 sub
443 1859 633 1927 condicione
657 1857 818 1926 libertatis
834 1861 956 1927 Domus
975 1867 1097 1948 nostre,
1124 1881 1222 1944 quam

87 1989 127 2034 ex
144 1969 261 2052 gracia
275 1965 380 2050 Regia
404 1966 613 2055 obtinuimus,
639 1967 743 2034 celin
769 1966 911 2035 futurum
937 1969 1083 2037 obtinere
1107 1969 1224 2055 poteri·

88 2097 170 2162 mus,
195 2073 260 2161 ipsi
276 2073 392 2140 Comiti
407 2074 566 2142 Percbino
593 2079 626 2141 et
642 2075 736 2141 fratri
756 2095 823 2158 suo,
849 2095 889 2141 ac
915 2095 1024 2143 eorum
1049 2075 1223 2145 heredibus

87 2184 300 2251 contulimus.
323 2181 489 2249 Adicimus
506 2181 618 2268 eciam,
649 2181 736 2267 quod
753 2182 831 2249 dicti
847 2183 961 2269 populi
976 2183 1098 2253 Domus
1114 2193 1224 2254 nostre

87 2309 148 2357 nec
175 2288 299 2359 indicio
314 2290 528 2377 Preceptoris,
552 2311 613 2358 nec
637 2290 777 2358 alicuius
794 2289 954 2359 Olficialis
971 2292 1095 2362 Domus
1116 2303 1225 2364 nostro

90 2406 203 2466 astare
228 2397 378 2483 debeant,
402 2399 462 2465 sed
487 2397 619 2466 eosdem
635 2398 750 2467 Comes
764 2399 944 2467 Perobinus
969 2406 1000 2466 et
1026 2400 1128 2468 irater
1143 2421 1221 2471 snus

89 2507 124 2572 in
141 2506 251 2574 causis
268 2507 418 2576 omnibus
434 2505 610 2590 indicabit;
635 2515 668 2574 et
701 2506 709 2522 '
738 2505 838 2592 ijdem
864 2507 995 2576 cuilibet
1019 2510 1112 2576 iuxta
1128 2529 1221 2578 suum

88 2617 240 2684 meritum
265 2616 346 2684 satis
372 2637 437 2684 nou
454 2527 732 2790 iecerintffl
757 2615 850 2683 nobis
875 2616 1086 2704 solummodo,
1110 2623 1142 2684 et
1157 2639 1223 2686 non

90 2725 204 2807 aliquo
221 2725 459 2810 Preceptornm·
476 2745 595 2810 respon
621 2743 674 2790 ere
693 2724 910 2810 personaliter
923 2725 1134 2812 tenebuntur;
1154 2747 1223 2812 pre·

88 2838 138 2898 ter
163 2851 281 2900 causas
307 2828 482 2917 bomioidij,
506 2851 588 2916 quas
613 2831 787 2920 Preceptor
811 2830 853 2898 de
878 2831 1033 2919 Ohycban
1059 2852 1223 2901 unacum

90 2939 217 3007 Gemite
242 2941 402 3008 Percbino
427 2942 482 3008 uel
507 2941 606 3009 fratre
638 2961 697 3008 suo
728 2939 904 3028 iudicabit,
937 2949 970 3008 et
1001 2939 1082 3019 duas
1109 2947 1220 3027 partes

88 3047 295 3130 indiciorum,
320 3048 353 3115 in
370 3049 487 3133 quibus
503 3067 578 3116 reus
604 3046 658 3115 nel
674 3053 847 3115 contumax
864 3047 896 3114 in
913 3043 1221 3117 buinemodi'cansis

89 3159 259 3226 conuictus
284 3154 400 3243 luerit,
425 3157 549 3225 Domus
574 3161 686 3224 nostra
711 3156 886 3244 percipiet,
917 3158 1019 3223 tercia
1044 3177 1120 3224 vero
1144 3177 1221 3242 pars

90 3265 183 3332 cedet
199 3264 317 3332 Oomiti
333 3265 493 3334 Percbino
520 3272 552 3332 et
568 3263 663 3331 fratri
688 3284 746 3331 suo
765 3264 966 3352 supradictis.
992 3262 1140 3332 Ceterum
1156 3267 1221 3332 Do·

89 3373 156 3440 mni
172 3378 285 3442 nostre
310 3381 368 3440 aut
383 3373 478 3442 nobis
495 3379 634 3457 quatuor
658 3391 785 3439 marcas
809 3372 979 3439 annuatim
996 3371 1126 3438 nomine
1143 3393 1221 3460 pen·

90 3481 194 3549 sionis
220 3482 256 3547 in
272 3481 397 3549 duobus
421 3481 580 3568 terminis,
604 3479 760 3549 videlicet
785 3477 819 3547 in
845 3478 929 3546 festo
946 3479 1058 3546 Sancti
1076 3480 1222 3568 Georgij,

91 3589 174 3657 etin
200 3588 284 3657 festo
302 3589 397 3658 Beati
412 3591 545 3657 Martini
562 3609 633 3657 cum
658 3588 800 3673 quinque
821 3587 935 3673 ‘pensis
946 3585 1149 3656 denariorum
1166 3589 1224 3655 Za-

90 3695 314 3780 grabiensium
334 3716 393 3782 pro
409 3717 520 3766 marca
543 3699 670 3765 soluere
690 3699 898 3765 tenebuntur.
924 3695 1098 3781 Preceptor
1113 3703 1220 3763 autem

90 3805 215 3874 Domus
230 3808 350 3889 nostre,
365 3813 502 3892 excepta
518 3805 683 3874 solucione
699 3803 898 3892 supradicta,
915 3824 1012 3898 super
1028 3803 1110 3888 ipsis
1126 3805 1220 3872 terris

90 3913 136 3980 nil
156 3913 233 4000 plus
256 3915 387 4000 penitus
405 3914 573 3984 obtinebit.
597 3915 681 3983 Item
697 3912 776 3980 dicti
802 3912 915 4000 populi
931 3909 1032 3978 nostri
1051 3910 1141 3977 nnllo
1158 3931 1223 3978 ser-

24 4077 25 4082 ,
90 4021 177 4090 nicio
194 4022 318 4092 Domui
337 4029 446 4091 nostre
464 4021 571 4091 debito
596 4023 829 4108 astringentur.
864 4021 899 4087 Si
914 4039 992 4089 vero
1008 4019 1087 4106 Rex,
1104 4019 1225 4107 Bonus,

25 4131 26 4134 ’
91 4131 141 4198 nel
166 4130 288 4217 aliquis
319 4131 480 4200 Baronum
512 4151 611 4218 snper
641 4131 780 4219 populos
812 4127 946 4198 Comitis
971 4127 1142 4215 Percbini,
1169 4127 1222 4194 uel

91 4259 190 4326 super
205 4239 346 4326 populos
363 4245 490 4308 nostros
515 4239 722 4308 desscensum
748 4237 880 4324 iaceret,
902 4254 986 4306 unus
1002 4243 1147 4303 nostrum
1162 4257 1220 4324 pro

91 4350 193 4416 altero
220 4348 255 4414 in
280 4347 372 4416 nullo
395 4349 557 4418 tenebitur
585 4345 800 4436 respondere3
833 4345 893 4415 sed
918 4342 1054 4430 quilibet
1079 4351 1222 4412 nostrum

90 4475 147 4540 per
173 4475 211 4523 se
226 4455 332 4544 ipsum
359 4456 569 4526 desscensnm
593 4443 808 4544 subportabit.
835 4456 905 4522 Nec
929 4452 991 4520 hoc
1014 4453 1222 4538 pretermitti-

90 4583 180 4652 mus,
215 4561 303 4650 quod
326 4583 387 4632 uos
413 4569 446 4630 et
470 4563 588 4632 fratres
615 4564 719 4632 nostri
744 4561 882 4652 predicti
909 4561 1126 4646 obligauimus
1152 4582 1221 4649 nos,

92 4669 176 4756 quod
200 4671 310 4757 siqui
333 4677 479 4742 nostrum
505 4693 564 4760 per
587 4672 713 4742 litteras
739 4671 1001 4759 predecessorum
1027 4675 1222 4753 nostrorum,

132 4807 238 4848 mosum.
254 4807 337 4850 ausc.
353 4809 424 4852 uren.
439 4809 512 4858 omn.
530 4821 568 4838 -··
589 4803 626 4852 tt.
1040 4783 1061 4848 9

1269 4647 1278 4692 l
