<?xml version="1.0" encoding="UTF-8"?>
<!DOCTYPE html PUBLIC "-//W3C//DTD XHTML 1.0 Transitional//EN"
    "http://www.w3.org/TR/xhtml1/DTD/xhtml1-transitional.dtd">
<html xmlns="http://www.w3.org/1999/xhtml" xml:lang="en" lang="en">
 <head>
  <title>
</title>
<meta http-equiv="Content-Type" content="text/html;charset=utf-8" />
  <meta name='ocr-system' content='tesseract 3.04.00' />
  <meta name='ocr-capabilities' content='ocr_page ocr_carea ocr_par ocr_line ocrx_word'/>
</head>
<body>
  <div class='ocr_page' id='page_1' title='image "./codexdiplomatic12wenzgoog_0309.png"; bbox 0 0 3124 5158; ppageno 0'>
   <div class='ocr_carea' id='block_1_1' title="bbox 590 349 746 454">
    <p class='ocr_par' dir='ltr' id='par_1_1' title="bbox 590 349 746 454">
     <span class='ocr_line' id='line_1_1' title="bbox 590 349 746 454; baseline 0 -36"><span class='ocrx_word' id='word_1_1' title='bbox 590 349 746 454; x_wconf 51' lang='lat' dir='ltr'>ger-</span> 
     </span>
    </p>
   </div>
   <div class='ocr_carea' id='block_1_2' title="bbox 98 547 1233 1710">
    <p class='ocr_par' dir='ltr' id='par_1_2' title="bbox 100 547 1233 1367">
     <span class='ocr_line' id='line_1_2' title="bbox 102 547 1232 634; baseline 0.004 -20"><span class='ocrx_word' id='word_1_2' title='bbox 102 547 216 614; x_wconf 89' lang='lat' dir='ltr'>Insula</span> <span class='ocrx_word' id='word_1_3' title='bbox 232 548 334 617; x_wconf 84' lang='lat' dir='ltr'>Beate</span> <span class='ocrx_word' id='word_1_4' title='bbox 349 547 492 632; x_wconf 79' lang='lat' dir='ltr'>Virginis</span> <span class='ocrx_word' id='word_1_5' title='bbox 508 547 612 614; x_wconf 86' lang='lat' dir='ltr'>Mario</span> <span class='ocrx_word' id='word_1_6' title='bbox 627 567 686 634; x_wconf 92' lang='lat' dir='ltr'>pro</span> <span class='ocrx_word' id='word_1_7' title='bbox 703 548 865 616; x_wconf 86' lang='lat' dir='ltr'>rniuersis</span> <span class='ocrx_word' id='word_1_8' title='bbox 880 547 1043 619; x_wconf 86' lang='lat' dir='ltr'>sororibus</span> <span class='ocrx_word' id='word_1_9' title='bbox 1060 550 1100 617; x_wconf 91' lang='lat' dir='ltr'>de</span> <span class='ocrx_word' id='word_1_10' title='bbox 1116 551 1232 619; x_wconf 88' lang='lat' dir='ltr'>eadem</span> 
     </span>
     <span class='ocr_line' id='line_1_3' title="bbox 103 652 1230 748; baseline 0.006 -30"><span class='ocrx_word' id='word_1_11' title='bbox 103 652 146 719; x_wconf 88' lang='lat' dir='ltr'>ad</span> <span class='ocrx_word' id='word_1_12' title='bbox 161 661 305 722; x_wconf 90' lang='lat' dir='ltr'>nostram</span> <span class='ocrx_word' id='word_1_13' title='bbox 322 655 538 741; x_wconf 81' lang='lat' dir='ltr'>personaliter</span> <span class='ocrx_word' id='word_1_14' title='bbox 553 656 711 723; x_wconf 89' lang='lat' dir='ltr'>accedens</span> <span class='ocrx_word' id='word_1_15' title='bbox 727 656 940 746; x_wconf 89' lang='lat' dir='ltr'>presenciam,</span> <span class='ocrx_word' id='word_1_16' title='bbox 965 655 1127 741; x_wconf 78' lang='lat' dir='ltr'><strong>quoddam</strong></span> <span class='ocrx_word' id='word_1_17' title='bbox 1143 656 1230 748; x_wconf 84' lang='lat' dir='ltr'>(lgy)</span> 
     </span>
     <span class='ocr_line' id='line_1_4' title="bbox 103 761 1233 854; baseline 0.005 -26"><span class='ocrx_word' id='word_1_18' title='bbox 103 769 251 848; x_wconf 89' lang='lat' dir='ltr'>patentes</span> <span class='ocrx_word' id='word_1_19' title='bbox 267 761 396 830; x_wconf 83' lang='lat' dir='ltr'>litteras</span> <span class='ocrx_word' id='word_1_20' title='bbox 411 761 559 830; x_wconf 85' lang='lat' dir='ltr'>Ladizlai</span> <span class='ocrx_word' id='word_1_21' title='bbox 575 762 714 830; x_wconf 90' lang='lat' dir='ltr'>illustris</span> <span class='ocrx_word' id='word_1_22' title='bbox 729 763 829 849; x_wconf 79' lang='lat' dir='ltr'>Regis</span> <span class='ocrx_word' id='word_1_23' title='bbox 846 763 990 850; x_wconf 81' lang='lat' dir='ltr'>Vngarie</span> <span class='ocrx_word' id='word_1_24' title='bbox 1010 786 1075 833; x_wconf 89' lang='lat' dir='ltr'>non</span> <span class='ocrx_word' id='word_1_25' title='bbox 1086 767 1233 854; x_wconf 88' lang='lat' dir='ltr'>abrasas,</span> 
     </span>
     <span class='ocr_line' id='line_1_5' title="bbox 102 869 1232 959; baseline 0.006 -25"><span class='ocrx_word' id='word_1_26' title='bbox 102 890 164 936; x_wconf 93' lang='lat' dir='ltr'>non</span> <span class='ocrx_word' id='word_1_27' title='bbox 181 869 401 954; x_wconf 87' lang='lat' dir='ltr'>cancellatas,</span> <span class='ocrx_word' id='word_1_28' title='bbox 427 889 491 936; x_wconf 93' lang='lat' dir='ltr'>non</span> <span class='ocrx_word' id='word_1_29' title='bbox 507 869 669 956; x_wconf 89' lang='lat' dir='ltr'>abolitas,</span> <span class='ocrx_word' id='word_1_30' title='bbox 694 889 754 936; x_wconf 87' lang='lat' dir='ltr'>nec</span> <span class='ocrx_word' id='word_1_31' title='bbox 773 869 806 936; x_wconf 92' lang='lat' dir='ltr'>in</span> <span class='ocrx_word' id='word_1_32' title='bbox 823 871 938 955; x_wconf 90' lang='lat' dir='ltr'>aliqua</span> <span class='ocrx_word' id='word_1_33' title='bbox 953 873 1004 938; x_wconf 92' lang='lat' dir='ltr'>sui</span> <span class='ocrx_word' id='word_1_34' title='bbox 1020 881 1117 959; x_wconf 90' lang='lat' dir='ltr'>parte</span> <span class='ocrx_word' id='word_1_35' title='bbox 1133 873 1232 941; x_wconf 91' lang='lat' dir='ltr'>nicia·</span> 
     </span>
     <span class='ocr_line' id='line_1_6' title="bbox 102 976 1233 1064; baseline 0.008 -24"><span class='ocrx_word' id='word_1_36' title='bbox 102 985 152 1042; x_wconf 85' lang='lat' dir='ltr'>tas</span> <span class='ocrx_word' id='word_1_37' title='bbox 169 976 263 1043; x_wconf 91' lang='lat' dir='ltr'>nobis</span> <span class='ocrx_word' id='word_1_38' title='bbox 281 977 441 1062; x_wconf 77' lang='lat' dir='ltr'>ostendit,</span> <span class='ocrx_word' id='word_1_39' title='bbox 467 997 587 1062; x_wconf 83' lang='lat' dir='ltr'>rogans</span> <span class='ocrx_word' id='word_1_40' title='bbox 613 985 645 1043; x_wconf 87' lang='lat' dir='ltr'>et</span> <span class='ocrx_word' id='word_1_41' title='bbox 664 985 778 1064; x_wconf 85' lang='lat' dir='ltr'>petens</span> <span class='ocrx_word' id='word_1_42' title='bbox 794 977 1029 1048; x_wconf 79' lang='lat' dir='ltr'>instantissime</span> <span class='ocrx_word' id='word_1_43' title='bbox 1044 981 1115 1048; x_wconf 88' lang='lat' dir='ltr'>vice</span> <span class='ocrx_word' id='word_1_44' title='bbox 1131 989 1163 1048; x_wconf 89' lang='lat' dir='ltr'>et</span> <span class='ocrx_word' id='word_1_45' title='bbox 1180 1003 1233 1049; x_wconf 95' lang='lat' dir='ltr'>no·</span> 
     </span>
     <span class='ocr_line' id='line_1_7' title="bbox 104 1083 1232 1174; baseline 0.007 -26"><span class='ocrx_word' id='word_1_46' title='bbox 104 1083 189 1151; x_wconf 89' lang='lat' dir='ltr'>mine</span> <span class='ocrx_word' id='word_1_47' title='bbox 214 1103 357 1152; x_wconf 89' lang='lat' dir='ltr'>sororum</span> <span class='ocrx_word' id='word_1_48' title='bbox 384 1085 623 1174; x_wconf 82' lang='lat' dir='ltr'>predictarum,</span> <span class='ocrx_word' id='word_1_49' title='bbox 648 1095 684 1152; x_wconf 91' lang='lat' dir='ltr'>ut</span> <span class='ocrx_word' id='word_1_50' title='bbox 709 1085 842 1154; x_wconf 89' lang='lat' dir='ltr'>casdem</span> <span class='ocrx_word' id='word_1_51' title='bbox 871 1087 998 1156; x_wconf 83' lang='lat' dir='ltr'>litteras</span> <span class='ocrx_word' id='word_1_52' title='bbox 1023 1088 1176 1174; x_wconf 78' lang='lat' dir='ltr'>rescribi,</span> <span class='ocrx_word' id='word_1_53' title='bbox 1201 1097 1232 1158; x_wconf 87' lang='lat' dir='ltr'>et</span> 
     </span>
     <span class='ocr_line' id='line_1_8' title="bbox 100 1189 1228 1281; baseline 0.005 -25"><span class='ocrx_word' id='word_1_54' title='bbox 100 1189 222 1258; x_wconf 89' lang='lat' dir='ltr'>nostris</span> <span class='ocrx_word' id='word_1_55' title='bbox 239 1193 368 1258; x_wconf 83' lang='lat' dir='ltr'>annecti</span> <span class='ocrx_word' id='word_1_56' title='bbox 385 1192 504 1260; x_wconf 82' lang='lat' dir='ltr'>litteris</span> <span class='ocrx_word' id='word_1_57' title='bbox 519 1193 711 1260; x_wconf 81' lang='lat' dir='ltr'>laceremus.</span> <span class='ocrx_word' id='word_1_58' title='bbox 735 1191 879 1271; x_wconf 80' lang='lat' dir='ltr'>Quarum</span> <span class='ocrx_word' id='word_1_59' title='bbox 895 1195 1079 1281; x_wconf 90' lang='lat' dir='ltr'>patencium</span> <span class='ocrx_word' id='word_1_60' title='bbox 1103 1197 1228 1265; x_wconf 86' lang='lat' dir='ltr'>littera-</span> 
     </span>
     <span class='ocr_line' id='line_1_9' title="bbox 100 1299 459 1367; baseline 0.006 -3"><span class='ocrx_word' id='word_1_61' title='bbox 100 1319 170 1365; x_wconf 90' lang='lat' dir='ltr'>rum</span> <span class='ocrx_word' id='word_1_62' title='bbox 188 1305 281 1366; x_wconf 91' lang='lat' dir='ltr'>tenor</span> <span class='ocrx_word' id='word_1_63' title='bbox 296 1299 373 1366; x_wconf 89' lang='lat' dir='ltr'>talis</span> <span class='ocrx_word' id='word_1_64' title='bbox 391 1307 459 1367; x_wconf 89' lang='lat' dir='ltr'>est:</span> 
     </span>
    </p>

    <p class='ocr_par' dir='ltr' id='par_1_3' title="bbox 98 1406 1229 1603">
     <span class='ocr_line' id='line_1_10' title="bbox 207 1406 1229 1498; baseline 0.007 -27"><span class='ocrx_word' id='word_1_65' title='bbox 207 1406 276 1473; x_wconf 86' lang='lat' dir='ltr'>Nos</span> <span class='ocrx_word' id='word_1_66' title='bbox 291 1407 468 1476; x_wconf 82' lang='lat' dir='ltr'>Ladizlaus</span> <span class='ocrx_word' id='word_1_67' title='bbox 492 1407 533 1473; x_wconf 92' lang='lat' dir='ltr'>D.</span> <span class='ocrx_word' id='word_1_68' title='bbox 550 1429 598 1493; x_wconf 82' lang='lat' dir='ltr'>gr.</span> <span class='ocrx_word' id='word_1_69' title='bbox 616 1409 685 1474; x_wconf 84' lang='lat' dir='ltr'>Rex</span> <span class='ocrx_word' id='word_1_70' title='bbox 699 1407 842 1492; x_wconf 85' lang='lat' dir='ltr'>Vngarie</span> <span class='ocrx_word' id='word_1_71' title='bbox 862 1411 924 1476; x_wconf 89' lang='lat' dir='ltr'>stb.</span> <span class='ocrx_word' id='word_1_72' title='bbox 945 1408 1156 1498; x_wconf 83' lang='lat' dir='ltr'>(kbvctkezilr</span> <span class='ocrx_word' id='word_1_73' title='bbox 1173 1409 1229 1478; x_wconf 93' lang='lat' dir='ltr'>IV.</span> 
     </span>
     <span class='ocr_line' id='line_1_11' title="bbox 98 1512 819 1603; baseline 0.004 -24"><span class='ocrx_word' id='word_1_74' title='bbox 98 1515 216 1582; x_wconf 75' lang='lat' dir='ltr'>Lasnlb</span> <span class='ocrx_word' id='word_1_75' title='bbox 232 1515 410 1600; x_wconf 77' lang='lat' dir='ltr'>kirtlynak</span> <span class='ocrx_word' id='word_1_76' title='bbox 428 1519 501 1586; x_wconf 82' lang='lat'>185.</span> <span class='ocrx_word' id='word_1_77' title='bbox 517 1536 560 1584; x_wconf 87' lang='lat' dir='ltr'>sz.</span> <span class='ocrx_word' id='word_1_78' title='bbox 578 1537 607 1583; x_wconf 88' lang='lat' dir='ltr'>a.</span> <span class='ocrx_word' id='word_1_79' title='bbox 625 1512 819 1603; x_wconf 81' lang='lat' dir='ltr'>okmtnya.)</span> 
     </span>
    </p>

    <p class='ocr_par' dir='ltr' id='par_1_4' title="bbox 206 1623 1227 1710">
     <span class='ocr_line' id='line_1_12' title="bbox 206 1623 1227 1710; baseline 0.004 -20"><span class='ocrx_word' id='word_1_80' title='bbox 206 1624 275 1690; x_wconf 88' lang='lat' dir='ltr'>Nos</span> <span class='ocrx_word' id='word_1_81' title='bbox 302 1623 404 1708; x_wconf 85' lang='lat' dir='ltr'>igitur</span> <span class='ocrx_word' id='word_1_82' title='bbox 420 1623 556 1708; x_wconf 81' lang='lat' dir='ltr'>predicti</span> <span class='ocrx_word' id='word_1_83' title='bbox 574 1624 685 1690; x_wconf 81' lang='lat' dir='ltr'>fratris</span> <span class='ocrx_word' id='word_1_84' title='bbox 701 1623 798 1690; x_wconf 90' lang='lat' dir='ltr'>Pauli</span> <span class='ocrx_word' id='word_1_85' title='bbox 815 1623 909 1691; x_wconf 85' lang='lat' dir='ltr'>iustis</span> <span class='ocrx_word' id='word_1_86' title='bbox 926 1623 1139 1710; x_wconf 81' lang='lat' dir='ltr'>peticionibus</span> <span class='ocrx_word' id='word_1_87' title='bbox 1156 1645 1227 1693; x_wconf 92' lang='lat' dir='ltr'>con-</span> 
     </span>
    </p>
   </div>
   <div class='ocr_carea' id='block_1_3' title="bbox 100 1729 1338 1822">
    <p class='ocr_par' dir='ltr' id='par_1_5' title="bbox 100 1729 1338 1822">
     <span class='ocr_line' id='line_1_13' title="bbox 100 1729 1338 1822; baseline 0.007 -28"><span class='ocrx_word' id='word_1_88' title='bbox 100 1729 297 1799; x_wconf 86' lang='lat' dir='ltr'>descendere</span> <span class='ocrx_word' id='word_1_89' title='bbox 322 1731 491 1817; x_wconf 88' lang='lat' dir='ltr'>cupientes</span> <span class='ocrx_word' id='word_1_90' title='bbox 515 1731 679 1817; x_wconf 86' lang='lat' dir='ltr'>predictas</span> <span class='ocrx_word' id='word_1_91' title='bbox 705 1733 834 1800; x_wconf 86' lang='lat' dir='ltr'>litteras</span> <span class='ocrx_word' id='word_1_92' title='bbox 851 1731 893 1799; x_wconf 92' lang='lat' dir='ltr'>de</span> <span class='ocrx_word' id='word_1_93' title='bbox 909 1733 1009 1802; x_wconf 88' lang='lat' dir='ltr'>uerbo</span> <span class='ocrx_word' id='word_1_94' title='bbox 1026 1733 1069 1798; x_wconf 88' lang='lat' dir='ltr'>ad</span> <span class='ocrx_word' id='word_1_95' title='bbox 1085 1735 1228 1820; x_wconf 90' lang='lat' dir='ltr'>uerbum,</span> <span class='ocrx_word' id='word_1_96' title='bbox 1331 1811 1338 1822; x_wconf 52' lang='grc'><em>,</em></span> 
     </span>
    </p>
   </div>
   <div class='ocr_carea' id='block_1_4' title="bbox 8 1839 1231 2148">
    <p class='ocr_par' dir='ltr' id='par_1_6' title="bbox 8 1839 1231 2148">
     <span class='ocr_line' id='line_1_14' title="bbox 99 1839 1231 1926; baseline 0.005 -22"><span class='ocrx_word' id='word_1_97' title='bbox 99 1859 181 1922; x_wconf 85' lang='lat' dir='ltr'>quas</span> <span class='ocrx_word' id='word_1_98' title='bbox 208 1839 339 1906; x_wconf 89' lang='lat' dir='ltr'>dicebat</span> <span class='ocrx_word' id='word_1_99' title='bbox 363 1845 495 1926; x_wconf 92' lang='lat' dir='ltr'>propter</span> <span class='ocrx_word' id='word_1_100' title='bbox 521 1846 642 1909; x_wconf 89' lang='lat' dir='ltr'>metum</span> <span class='ocrx_word' id='word_1_101' title='bbox 671 1840 933 1908; x_wconf 88' lang='lat' dir='ltr'>aduersariorum</span> <span class='ocrx_word' id='word_1_102' title='bbox 959 1841 1105 1910; x_wconf 79' lang='lat' dir='ltr'>llcclesie</span> <span class='ocrx_word' id='word_1_103' title='bbox 1130 1844 1231 1912; x_wconf 85' lang='lat' dir='ltr'>Beate</span> 
     </span>
     <span class='ocr_line' id='line_1_15' title="bbox 98 1946 1230 2036; baseline 0.004 -24"><span class='ocrx_word' id='word_1_104' title='bbox 98 1946 243 2031; x_wconf 80' lang='lat' dir='ltr'>Virginis</span> <span class='ocrx_word' id='word_1_105' title='bbox 259 1947 435 2034; x_wconf 88' lang='lat' dir='ltr'>antedictc,</span> <span class='ocrx_word' id='word_1_106' title='bbox 451 1954 484 2014; x_wconf 89' lang='lat' dir='ltr'>et</span> <span class='ocrx_word' id='word_1_107' title='bbox 493 1949 635 2014; x_wconf 80' lang='lat' dir='ltr'>maxime</span> <span class='ocrx_word' id='word_1_108' title='bbox 644 1955 777 2034; x_wconf 89' lang='lat' dir='ltr'>propter</span> <span class='ocrx_word' id='word_1_109' title='bbox 792 1949 952 2034; x_wconf 86' lang='lat' dir='ltr'>presentis</span> <span class='ocrx_word' id='word_1_110' title='bbox 970 1951 1121 2034; x_wconf 88' lang='lat' dir='ltr'>temporis</span> <span class='ocrx_word' id='word_1_111' title='bbox 1138 1971 1230 2036; x_wconf 80' lang='lat' dir='ltr'>guer-</span> 
     </span>
     <span class='ocr_line' id='line_1_16' title="bbox 8 2054 1047 2148; baseline 0.005 -29"><span class='ocrx_word' id='word_1_112' title='bbox 8 2129 13 2148; x_wconf 45' lang='grc' dir='ltr'>Ι</span> <span class='ocrx_word' id='word_1_113' title='bbox 102 2073 169 2120; x_wconf 87' lang='lat' dir='ltr'>ram</span> <span class='ocrx_word' id='word_1_114' title='bbox 187 2060 219 2122; x_wconf 90' lang='lat' dir='ltr'>et</span> <span class='ocrx_word' id='word_1_115' title='bbox 236 2054 360 2122; x_wconf 88' lang='lat' dir='ltr'>uiarum</span> <span class='ocrx_word' id='word_1_116' title='bbox 380 2055 572 2123; x_wconf 82' lang='lat' dir='ltr'>discrimina</span> <span class='ocrx_word' id='word_1_117' title='bbox 588 2056 687 2124; x_wconf 89' lang='lat' dir='ltr'>inseri</span> <span class='ocrx_word' id='word_1_118' title='bbox 700 2057 835 2125; x_wconf 86' lang='lat' dir='ltr'>fecimus</span> <span class='ocrx_word' id='word_1_119' title='bbox 855 2063 887 2125; x_wconf 87' lang='lat' dir='ltr'>ct</span> <span class='ocrx_word' id='word_1_120' title='bbox 902 2056 1047 2125; x_wconf 86' lang='lat' dir='ltr'>rescribi.</span> 
     </span>
    </p>
   </div>
   <div class='ocr_carea' id='block_1_5' title="bbox 101 2234 1229 2394">
    <p class='ocr_par' dir='ltr' id='par_1_7' title="bbox 101 2234 1229 2394">
     <span class='ocr_line' id='line_1_17' title="bbox 101 2234 1229 2314; baseline 0.004 -29"><span class='ocrx_word' id='word_1_121' title='bbox 101 2236 237 2299; x_wconf 85' lang='lat' dir='ltr'>(Eredetle</span> <span class='ocrx_word' id='word_1_122' title='bbox 261 2234 447 2303; x_wconf 76' lang='lat' dir='ltr'>bb&#39;rhtrtydn,</span> <span class='ocrx_word' id='word_1_123' title='bbox 471 2253 488 2288; x_wconf 88' lang='lat' dir='ltr'>a</span> <span class='ocrx_word' id='word_1_124' title='bbox 505 2235 597 2305; x_wconf 78' lang='lat' dir='ltr'>pecstt</span> <span class='ocrx_word' id='word_1_125' title='bbox 622 2237 769 2299; x_wconf 81' lang='lat' dir='ltr'>elvesrett,</span> <span class='ocrx_word' id='word_1_126' title='bbox 793 2254 810 2288; x_wconf 89' lang='lat' dir='ltr'>a</span> <span class='ocrx_word' id='word_1_127' title='bbox 829 2239 912 2314; x_wconf 87' lang='lat' dir='ltr'>budai</span> <span class='ocrx_word' id='word_1_128' title='bbox 936 2241 987 2289; x_wconf 87' lang='lat' dir='ltr'>kir.</span> <span class='ocrx_word' id='word_1_129' title='bbox 1007 2240 1128 2290; x_wconf 85' lang='lat' dir='ltr'>kamarai</span> <span class='ocrx_word' id='word_1_130' title='bbox 1147 2238 1229 2290; x_wconf 74' lang='lat' dir='ltr'>level-</span> 
     </span>
     <span class='ocr_line' id='line_1_18' title="bbox 297 2324 1032 2394; baseline 0.003 -18"><span class='ocrx_word' id='word_1_131' title='bbox 297 2324 402 2379; x_wconf 77' lang='lat' dir='ltr'>tdrban.</span> <span class='ocrx_word' id='word_1_132' title='bbox 426 2329 458 2380; x_wconf 87' lang='lat' dir='ltr'>V.</span> <span class='ocrx_word' id='word_1_133' title='bbox 472 2333 495 2379; x_wconf 82' lang='lat' dir='ltr'>o.</span> <span class='ocrx_word' id='word_1_134' title='bbox 510 2326 591 2393; x_wconf 78' lang='lat' dir='ltr'>Fejbr</span> <span class='ocrx_word' id='word_1_135' title='bbox 611 2327 675 2378; x_wconf 85' lang='lat' dir='ltr'>Cod.</span> <span class='ocrx_word' id='word_1_136' title='bbox 689 2328 764 2394; x_wconf 91' lang='lat' dir='ltr'>Dipl.</span> <span class='ocrx_word' id='word_1_137' title='bbox 784 2329 816 2382; x_wconf 89' lang='lat' dir='ltr'>V.</span> <span class='ocrx_word' id='word_1_138' title='bbox 830 2329 857 2382; x_wconf 82' lang='lat' dir='ltr'>k.</span> <span class='ocrx_word' id='word_1_139' title='bbox 872 2331 895 2383; x_wconf 82' lang='lat'>3.</span> <span class='ocrx_word' id='word_1_140' title='bbox 912 2345 933 2379; x_wconf 93' lang='lat' dir='ltr'>r.</span> <span class='ocrx_word' id='word_1_141' title='bbox 947 2329 989 2379; x_wconf 83' lang='grc'>57.</span> <span class='ocrx_word' id='word_1_142' title='bbox 1003 2327 1032 2394; x_wconf 90' lang='lat' dir='ltr'>l.)</span> 
     </span>
    </p>
   </div>
   <div class='ocr_carea' id='block_1_6' title="bbox 558 2595 770 2605">
    <p class='ocr_par' dir='ltr' id='par_1_8' title="bbox 558 2595 770 2605">
     <span class='ocr_line' id='line_1_19' title="bbox 558 2595 770 2605; baseline 0 0"><span class='ocrx_word' id='word_1_143' title='bbox 558 2595 770 2605; x_wconf 61' lang='lat' dir='ltr'>-u———-—.</span> 
     </span>
    </p>
   </div>
   <div class='ocr_carea' id='block_1_7' title="bbox 629 2950 704 3018">
    <p class='ocr_par' dir='ltr' id='par_1_9' title="bbox 629 2950 704 3018">
     <span class='ocr_line' id='line_1_20' title="bbox 629 2950 704 3018; baseline 0.027 -2"><span class='ocrx_word' id='word_1_144' title='bbox 629 2950 704 3018; x_wconf 85' lang='lat' dir='ltr'>lsr.</span> 
     </span>
    </p>
   </div>
   <div class='ocr_carea' id='block_1_8' title="bbox 99 3149 1228 3433">
    <p class='ocr_par' dir='ltr' id='par_1_10' title="bbox 99 3149 1228 3433">
     <span class='ocr_line' id='line_1_21' title="bbox 99 3149 1228 3240; baseline 0.002 -27"><span class='ocrx_word' id='word_1_145' title='bbox 99 3152 193 3214; x_wconf 64' lang='lat' dir='ltr'>licite</span> <span class='ocrx_word' id='word_1_146' title='bbox 204 3151 377 3216; x_wconf 78' lang='lat' dir='ltr'>raddorrmlc</span> <span class='ocrx_word' id='word_1_147' title='bbox 392 3149 662 3236; x_wconf 75' lang='lat' dir='ltr'>dr‘zortpadplcncle,</span> <span class='ocrx_word' id='word_1_148' title='bbox 685 3153 768 3240; x_wconf 80' lang='lat' dir='ltr'>bopp</span> <span class='ocrx_word' id='word_1_149' title='bbox 792 3153 847 3219; x_wconf 82' lang='lat' dir='ltr'>Oai</span> <span class='ocrx_word' id='word_1_150' title='bbox 862 3153 1091 3239; x_wconf 78' lang='lat' dir='ltr'>nemzctac&#39;pbcli</span> <span class='ocrx_word' id='word_1_151' title='bbox 1105 3153 1228 3218; x_wconf 74' lang='lat' dir='ltr'>Morica</span> 
     </span>
     <span class='ocr_line' id='line_1_22' title="bbox 99 3257 1227 3345; baseline 0 -23"><span class='ocrx_word' id='word_1_152' title='bbox 99 3267 211 3323; x_wconf 83' lang='lat' dir='ltr'>comest</span> <span class='ocrx_word' id='word_1_153' title='bbox 227 3279 267 3322; x_wconf 77' lang='lat' dir='ltr'>aa</span> <span class='ocrx_word' id='word_1_154' title='bbox 281 3257 385 3322; x_wconf 74' lang='lat' dir='ltr'>cicala</span> <span class='ocrx_word' id='word_1_155' title='bbox 405 3258 523 3345; x_wconf 71' lang='lat' dir='ltr'>primeca</span> <span class='ocrx_word' id='word_1_156' title='bbox 542 3268 667 3323; x_wconf 81' lang='lat' dir='ltr'>szcrzctt</span> <span class='ocrx_word' id='word_1_157' title='bbox 697 3259 852 3325; x_wconf 77' lang='lat' dir='ltr'>chtretelc</span> <span class='ocrx_word' id='word_1_158' title='bbox 871 3259 1037 3325; x_wconf 81' lang='lat' dir='ltr'>birtolrbora</span> <span class='ocrx_word' id='word_1_159' title='bbox 1062 3260 1227 3326; x_wconf 83' lang='lat' dir='ltr'>atatudlta.</span> 
     </span>
     <span class='ocr_line' id='line_1_23' title="bbox 555 3365 777 3433; baseline 0 -3"><span class='ocrx_word' id='word_1_160' title='bbox 555 3366 652 3432; x_wconf 78' lang='lat'><strong><em>1279.</em></strong></span> <span class='ocrx_word' id='word_1_161' title='bbox 674 3365 777 3433; x_wconf 68' lang='lat' dir='ltr'>tanti.</span> 
     </span>
    </p>
   </div>
   <div class='ocr_carea' id='block_1_9' title="bbox 86 3561 1230 4618">
    <p class='ocr_par' dir='ltr' id='par_1_11' title="bbox 86 3561 1230 4618">
     <span class='ocr_line' id='line_1_24' title="bbox 207 3561 1229 3652; baseline 0.002 -23"><span class='ocrx_word' id='word_1_162' title='bbox 207 3561 276 3629; x_wconf 87' lang='lat' dir='ltr'>Nos</span> <span class='ocrx_word' id='word_1_163' title='bbox 299 3561 449 3630; x_wconf 89' lang='lat' dir='ltr'>Matheus</span> <span class='ocrx_word' id='word_1_164' title='bbox 473 3563 660 3649; x_wconf 90' lang='lat' dir='ltr'>Palatinus,</span> <span class='ocrx_word' id='word_1_165' title='bbox 687 3564 801 3630; x_wconf 82' lang='lat' dir='ltr'>Comes</span> <span class='ocrx_word' id='word_1_166' title='bbox 833 3563 1069 3650; x_wconf 84' lang='lat' dir='ltr'>Symigiensis,</span> <span class='ocrx_word' id='word_1_167' title='bbox 1107 3565 1229 3652; x_wconf 85' lang='lat' dir='ltr'>Supru·</span> 
     </span>
     <span class='ocr_line' id='line_1_25' title="bbox 86 3669 1229 3756; baseline 0 -17"><span class='ocrx_word' id='word_1_168' title='bbox 86 3669 224 3739; x_wconf 83' lang='lat' dir='ltr'>¹niensis</span> <span class='ocrx_word' id='word_1_169' title='bbox 248 3677 280 3738; x_wconf 85' lang='lat' dir='ltr'>ct</span> <span class='ocrx_word' id='word_1_170' title='bbox 304 3669 411 3737; x_wconf 78' lang='lat' dir='ltr'>ludex</span> <span class='ocrx_word' id='word_1_171' title='bbox 437 3670 653 3738; x_wconf 77' lang='lat' dir='ltr'>Cumanorum</span> <span class='ocrx_word' id='word_1_172' title='bbox 679 3669 899 3754; x_wconf 82' lang='lat' dir='ltr'>significamus</span> <span class='ocrx_word' id='word_1_173' title='bbox 924 3671 1086 3741; x_wconf 81' lang='lat' dir='ltr'>uniuersis</span> <span class='ocrx_word' id='word_1_174' title='bbox 1112 3672 1229 3756; x_wconf 86' lang='lat' dir='ltr'>quibus</span> 
     </span>
     <span class='ocr_line' id='line_1_26' title="bbox 97 3777 1230 3866; baseline 0.002 -21"><span class='ocrx_word' id='word_1_175' title='bbox 97 3777 235 3864; x_wconf 86' lang='lat' dir='ltr'>expedit</span> <span class='ocrx_word' id='word_1_176' title='bbox 249 3777 452 3864; x_wconf 83' lang='lat' dir='ltr'>presencium</span> <span class='ocrx_word' id='word_1_177' title='bbox 469 3797 527 3863; x_wconf 88' lang='lat' dir='ltr'>per</span> <span class='ocrx_word' id='word_1_178' title='bbox 542 3786 707 3866; x_wconf 87' lang='lat' dir='ltr'>tenorem,</span> <span class='ocrx_word' id='word_1_179' title='bbox 749 3779 835 3862; x_wconf 87' lang='lat' dir='ltr'>quod</span> <span class='ocrx_word' id='word_1_180' title='bbox 861 3799 933 3846; x_wconf 93' lang='lat' dir='ltr'>cum</span> <span class='ocrx_word' id='word_1_181' title='bbox 952 3778 1101 3847; x_wconf 91' lang='lat' dir='ltr'>dominus</span> <span class='ocrx_word' id='word_1_182' title='bbox 1119 3786 1230 3847; x_wconf 88' lang='lat' dir='ltr'>noster</span> 
     </span>
     <span class='ocr_line' id='line_1_27' title="bbox 96 3884 1229 3980; baseline -0.001 -25"><span class='ocrx_word' id='word_1_183' title='bbox 96 3889 169 3955; x_wconf 83' lang='lat' dir='ltr'>Rex</span> <span class='ocrx_word' id='word_1_184' title='bbox 184 3887 220 3951; x_wconf 92' lang='lat' dir='ltr'>in</span> <span class='ocrx_word' id='word_1_185' title='bbox 236 3884 440 3980; x_wconf 79' lang='lat' dir='ltr'>suislitteris</span> <span class='ocrx_word' id='word_1_186' title='bbox 458 3886 552 3954; x_wconf 91' lang='lat' dir='ltr'>nobis</span> <span class='ocrx_word' id='word_1_187' title='bbox 569 3885 695 3954; x_wconf 90' lang='lat' dir='ltr'>dederit</span> <span class='ocrx_word' id='word_1_188' title='bbox 710 3885 744 3952; x_wconf 91' lang='lat' dir='ltr'>in</span> <span class='ocrx_word' id='word_1_189' title='bbox 760 3886 923 3954; x_wconf 87' lang='lat' dir='ltr'>mandatis</span> <span class='ocrx_word' id='word_1_190' title='bbox 933 3940 943 3975; x_wconf 94' lang='lat'>,</span> <span class='ocrx_word' id='word_1_191' title='bbox 967 3894 1003 3954; x_wconf 90' lang='lat' dir='ltr'>vt</span> <span class='ocrx_word' id='word_1_192' title='bbox 1027 3907 1085 3955; x_wconf 91' lang='lat' dir='ltr'>nos</span> <span class='ocrx_word' id='word_1_193' title='bbox 1111 3891 1229 3954; x_wconf 87' lang='lat' dir='ltr'>terram</span> 
     </span>
     <span class='ocr_line' id='line_1_28' title="bbox 97 3989 1228 4080; baseline -0.001 -19"><span class='ocrx_word' id='word_1_194' title='bbox 97 3993 302 4061; x_wconf 81' lang='lat' dir='ltr'>Touthtelnk</span> <span class='ocrx_word' id='word_1_195' title='bbox 318 4000 478 4080; x_wconf 88' lang='lat' dir='ltr'>uocatam,</span> <span class='ocrx_word' id='word_1_196' title='bbox 504 4012 601 4076; x_wconf 88' lang='lat' dir='ltr'>quam</span> <span class='ocrx_word' id='word_1_197' title='bbox 621 3989 736 4061; x_wconf 79' lang='lat' dir='ltr'>Comes</span> <span class='ocrx_word' id='word_1_198' title='bbox 752 3994 926 4063; x_wconf 87' lang='lat' dir='ltr'>Mauricius</span> <span class='ocrx_word' id='word_1_199' title='bbox 942 3995 984 4064; x_wconf 90' lang='lat' dir='ltr'>de</span> <span class='ocrx_word' id='word_1_200' title='bbox 999 4013 1118 4078; x_wconf 84' lang='lat' dir='ltr'>genere</span> <span class='ocrx_word' id='word_1_201' title='bbox 1134 3994 1191 4061; x_wconf 88' lang='lat' dir='ltr'>Osl</span> <span class='ocrx_word' id='word_1_202' title='bbox 1207 4014 1228 4060; x_wconf 91' lang='lat' dir='ltr'>a</span> 
     </span>
     <span class='ocr_line' id='line_1_29' title="bbox 96 4099 1228 4187; baseline 0.003 -21"><span class='ocrx_word' id='word_1_203' title='bbox 96 4099 264 4168; x_wconf 90' lang='lat' dir='ltr'>nobilibus</span> <span class='ocrx_word' id='word_1_204' title='bbox 281 4099 322 4165; x_wconf 88' lang='lat' dir='ltr'>de</span> <span class='ocrx_word' id='word_1_205' title='bbox 339 4100 473 4186; x_wconf 86' lang='lat' dir='ltr'>Kereky</span> <span class='ocrx_word' id='word_1_206' title='bbox 482 4152 492 4187; x_wconf 96' lang='lat'>,</span> <span class='ocrx_word' id='word_1_207' title='bbox 517 4109 613 4186; x_wconf 90' lang='lat' dir='ltr'>prout</span> <span class='ocrx_word' id='word_1_208' title='bbox 638 4101 672 4167; x_wconf 92' lang='lat' dir='ltr'>in</span> <span class='ocrx_word' id='word_1_209' title='bbox 697 4101 813 4169; x_wconf 88' lang='lat' dir='ltr'>litteris</span> <span class='ocrx_word' id='word_1_210' title='bbox 829 4101 972 4170; x_wconf 89' lang='lat' dir='ltr'>eiusdem</span> <span class='ocrx_word' id='word_1_211' title='bbox 989 4099 1110 4168; x_wconf 91' lang='lat' dir='ltr'>domini</span> <span class='ocrx_word' id='word_1_212' title='bbox 1125 4101 1228 4168; x_wconf 86' lang='lat' dir='ltr'>nostri</span> 
     </span>
     <span class='ocr_line' id='line_1_30' title="bbox 96 4206 1228 4295; baseline 0 -19"><span class='ocrx_word' id='word_1_213' title='bbox 96 4209 201 4294; x_wconf 82' lang='lat' dir='ltr'>Regis</span> <span class='ocrx_word' id='word_1_214' title='bbox 219 4207 360 4275; x_wconf 89' lang='lat' dir='ltr'>uidimus</span> <span class='ocrx_word' id='word_1_215' title='bbox 376 4206 543 4292; x_wconf 87' lang='lat' dir='ltr'>contineri,</span> <span class='ocrx_word' id='word_1_216' title='bbox 568 4207 676 4292; x_wconf 88' lang='lat' dir='ltr'>precio</span> <span class='ocrx_word' id='word_1_217' title='bbox 694 4217 957 4295; x_wconf 88' lang='lat' dir='ltr'>comparauerat,</span> <span class='ocrx_word' id='word_1_218' title='bbox 983 4209 1088 4278; x_wconf 90' lang='lat' dir='ltr'>eidem</span> <span class='ocrx_word' id='word_1_219' title='bbox 1109 4215 1228 4276; x_wconf 87' lang='lat' dir='ltr'>statue·</span> 
     </span>
     <span class='ocr_line' id='line_1_31' title="bbox 95 4315 1228 4404; baseline 0.001 -22"><span class='ocrx_word' id='word_1_220' title='bbox 95 4335 207 4384; x_wconf 90' lang='lat' dir='ltr'>remus</span> <span class='ocrx_word' id='word_1_221' title='bbox 233 4335 340 4382; x_wconf 88' lang='lat' dir='ltr'>coram</span> <span class='ocrx_word' id='word_1_222' title='bbox 367 4315 597 4384; x_wconf 88' lang='lat' dir='ltr'>commetaneis</span> <span class='ocrx_word' id='word_1_223' title='bbox 622 4322 654 4380; x_wconf 92' lang='lat' dir='ltr'>et</span> <span class='ocrx_word' id='word_1_224' title='bbox 678 4315 794 4383; x_wconf 87' lang='lat' dir='ltr'>vicinis</span> <span class='ocrx_word' id='word_1_225' title='bbox 813 4316 1064 4404; x_wconf 88' lang='lat' dir='ltr'>possidendam,</span> <span class='ocrx_word' id='word_1_226' title='bbox 1103 4319 1131 4385; x_wconf 93' lang='lat' dir='ltr'>si</span> <span class='ocrx_word' id='word_1_227' title='bbox 1162 4337 1228 4384; x_wconf 92' lang='lat' dir='ltr'>non</span> 
     </span>
     <span class='ocr_line' id='line_1_32' title="bbox 95 4420 1225 4508; baseline 0.003 -20"><span class='ocrx_word' id='word_1_228' title='bbox 95 4421 196 4490; x_wconf 85' lang='lat' dir='ltr'>fuerit</span> <span class='ocrx_word' id='word_1_229' title='bbox 212 4420 456 4489; x_wconf 84' lang='lat' dir='ltr'>contradictum.</span> <span class='ocrx_word' id='word_1_230' title='bbox 490 4421 583 4488; x_wconf 89' lang='lat' dir='ltr'>Vnde</span> <span class='ocrx_word' id='word_1_231' title='bbox 601 4440 661 4488; x_wconf 91' lang='lat' dir='ltr'>nos</span> <span class='ocrx_word' id='word_1_232' title='bbox 683 4420 788 4508; x_wconf 84' lang='lat' dir='ltr'>ipsam</span> <span class='ocrx_word' id='word_1_233' title='bbox 805 4428 924 4490; x_wconf 86' lang='lat' dir='ltr'>terram</span> <span class='ocrx_word' id='word_1_234' title='bbox 941 4424 1117 4492; x_wconf 79' lang='lat' dir='ltr'>&#39;Pothtelulr</span> <span class='ocrx_word' id='word_1_235' title='bbox 1132 4443 1225 4491; x_wconf 87' lang='lat' dir='ltr'>voca·</span> 
     </span>
     <span class='ocr_line' id='line_1_33' title="bbox 95 4529 1228 4618; baseline 0.003 -23"><span class='ocrx_word' id='word_1_236' title='bbox 95 4537 165 4596; x_wconf 89' lang='lat' dir='ltr'>tam</span> <span class='ocrx_word' id='word_1_237' title='bbox 190 4549 302 4595; x_wconf 86' lang='lat' dir='ltr'>coram</span> <span class='ocrx_word' id='word_1_238' title='bbox 328 4529 560 4596; x_wconf 89' lang='lat' dir='ltr'>commetancis</span> <span class='ocrx_word' id='word_1_239' title='bbox 585 4535 617 4594; x_wconf 90' lang='lat' dir='ltr'>et</span> <span class='ocrx_word' id='word_1_240' title='bbox 636 4529 752 4596; x_wconf 85' lang='lat' dir='ltr'>vicinis</span> <span class='ocrx_word' id='word_1_241' title='bbox 769 4533 859 4598; x_wconf 91' lang='lat' dir='ltr'>nullo</span> <span class='ocrx_word' id='word_1_242' title='bbox 877 4531 1114 4600; x_wconf 88' lang='lat' dir='ltr'>contradictore</span> <span class='ocrx_word' id='word_1_243' title='bbox 1129 4551 1228 4618; x_wconf 89' lang='lat' dir='ltr'>appa·</span> 
     </span>
    </p>
   </div>
   <div class='ocr_carea' id='block_1_10' title="bbox 94 4632 1229 4728">
    <p class='ocr_par' dir='ltr' id='par_1_12' title="bbox 94 4632 1229 4728">
     <span class='ocr_line' id='line_1_34' title="bbox 94 4632 1229 4728; baseline 0.004 -24"><span class='ocrx_word' id='word_1_244' title='bbox 94 4643 190 4704; x_wconf 87' lang='lat' dir='ltr'>rente</span> <span class='ocrx_word' id='word_1_245' title='bbox 206 4637 268 4702; x_wconf 88' lang='lat' dir='ltr'>sub</span> <span class='ocrx_word' id='word_1_246' title='bbox 282 4634 375 4704; x_wconf 88' lang='lat' dir='ltr'>metis</span> <span class='ocrx_word' id='word_1_247' title='bbox 392 4643 424 4702; x_wconf 88' lang='lat' dir='ltr'>et</span> <span class='ocrx_word' id='word_1_248' title='bbox 438 4633 584 4703; x_wconf 90' lang='lat' dir='ltr'>terminis</span> <span class='ocrx_word' id='word_1_249' title='bbox 599 4632 743 4720; x_wconf 90' lang='lat' dir='ltr'>antiquis</span> <span class='ocrx_word' id='word_1_250' title='bbox 759 4637 932 4706; x_wconf 87' lang='lat' dir='ltr'>statuimus</span> <span class='ocrx_word' id='word_1_251' title='bbox 947 4637 1095 4728; x_wconf 88' lang='lat' dir='ltr'>predicto</span> <span class='ocrx_word' id='word_1_252' title='bbox 1111 4637 1229 4712; x_wconf 78' lang='lat' dir='ltr'>coniti</span> 
     </span>
    </p>
   </div>
   <div class='ocr_carea' id='block_1_11' title="bbox 0 0 1566 5158">
    <p class='ocr_par' dir='ltr' id='par_1_13' title="bbox 0 0 1566 5158">
     <span class='ocr_line' id='line_1_35' title="bbox 0 0 1566 5158; baseline 0 2"><span class='ocrx_word' id='word_1_253' title='bbox 0 0 1566 5158; x_wconf 95' lang='lat' dir='ltr'> </span> 
     </span>
    </p>
   </div>
  </div>
 </body>
</html>
