3138 5164
602 246 762 374 gru..

113 465 280 538 Arbeueee
309 487 405 550 quam
421 467 588 534 Norenses
611 485 722 550 ,eoram
738 465 832 534 nobis
864 467 1087 553 prenominato
1111 467 1243 552 Pasqua

114 575 156 644 da
170 573 347 642 Varicasae
367 573 480 658 judice
505 573 625 641 arbitro
651 580 856 658 sacramento
878 574 1073 657 jurauerunt
1098 575 1141 642 ad
1166 578 1245 644 San-

114 692 169 753 cta
192 684 256 751 Dei
282 681 466 766 Euangelia
499 701 597 768 super
622 680 740 746 librum
766 679 946 766 predictum
977 700 1090 768 pacem
1116 690 1149 749 et
1173 704 1245 750 con·

115 789 272 878 cordiam,
299 809 339 856 ac
362 791 563 856 sentenciam
586 794 749 876 nostram,
785 795 817 854 et
841 789 950 856 omnia
975 797 1007 856 ct
1037 789 1167 873 singula
1196 811 1245 858 sa-

116 903 284 966 cramenta
308 902 342 964 et
365 905 463 984 pacta
492 897 639 984 antiqua,
670 897 771 983 plene·
797 894 967 966 attondere
992 903 1024 961 et
1046 897 1245 980 obser-uere,

116 1011 151 1073 et
182 1006 290 1074 faeere
323 1005 493 1072 obseruari
509 995 555 1070 ‘et
584 1001 709 1071 attendi
740 1025 799 1091 per
831 1002 1008 1090 Ciuitates,
1040 1010 1071 1069 et
1102 1002 1247 1072 Commu-

116 1114 174 1180 nia
189 1122 221 1180 et
236 1111 395 1197 Diuisum,
411 1119 443 1178 et
459 1111 492 1178 in
509 1111 599 1179 nullo
616 1111 840 1178 contrauenire
856 1112 915 1178 sub
933 1131 1019 1196 pena
1037 1112 1069 1177 bl
1085 1111 1242 1178 librarum

115 1215 447 1307 secundumjformam
472 1217 705 1304 compromissi.
723 1217 827 1303 Super
844 1219 935 1285 cuius
951 1225 1062 1286 nostre
1079 1218 1244 1288 arbitralis

115 1327 320 1394 diffinicioue
350 1325 499 1394 Nobilem
525 1325 629 1394 virum
657 1324 838 1394 (luidonem
866 1326 906 1392 dc
943 1326 1118 1394 Varieassa
1143 1325 1245 1394 ciuem

116 1435 310 1504 laurensem
336 1434 563 1501 constituimus
595 1437 628 1500 ct
644 1432 793 1500 dedimus
809 1433 843 1500 in
859 1431 1062 1502 Prostaldum
1079 1431 1247 1502 adomnia
1346 1473 1349 1486 ·

117 1544 343 1628 suprascripta
358 1541 469 1608 taliter
485 1534 738 1628 percompleudi.

228 1649 270 1715 lit
283 1669 343 1733 ego
359 1650 603 1735 prenominatus
621 1647 780 1715 (luidotua
799 1648 840 1714 de
857 1647 1040 1730 Varieasse,
1057 1647 1246 1716 Pr'estaldus

118 1776 219 1844 super
227 1755 290 1824 hoe
300 1757 501 1840 constitutus,
520 1757 628 1823 omnia
645 1775 708 1839 que
725 1755 875 1840 superius
892 1761 966 1820 sunt
981 1773 1146 1842 expressa,
1164 1775 1242 1823 vcra

120 1885 194 1933 esse
203 1863 357 1934 testificor
368 1864 401 1929 in
411 1864 517 1931 salute
529 1865 636 1930 anime
648 1883 716 1928 mee
727 1883 835 1928 coram
850 1862 902 1930 his
913 1861 1081 1930 Nobilibus
1097 1863 1174 1930 uiris
1189 1863 1245 1929 Ja-

121 1972 189 2060 dre,
205 1972 330 2040 vocatis
347 1981 379 2040 et
395 1973 519 2055 rogatis
544 1971 699 2039 testibus:
726 1971 833 2038 Densa
850 1967 890 2037 de
905 1969 1064 2056 Fafogna,
1081 1969 1246 2038 Friderico

121 2079 466 2165 quondamorisogoni
478 2077 651 2165 delinara,
667 2083 699 2145 'et
714 2077 818 2145 Paulo
835 2075 877 2142 de
893 2078 1048 2163 B0racbc,
1070 2077 1245 2146 Thomasio

120 2188 262 2274 Penazo,
284 2186 445 2255 Damiano
471 2185 512 2252 de
528 2184 678 2269 Slorado,
696 2184 824 2251 Prodde
841 2183 881 2250 de
899 2185 991 2270 Cosa,
1008 2185 1126 2252 Barthe
1143 2205 1242 2269 quon·
1316 2227 1319 2233 -

122 2295 198 2360 dam
215 2293 391 2378 Grisogoni
407 2294 447 2361 de
464 2295 584 2379 Mauro,
601 2293 813 2360 Jadrcnsibus
829 2271 954 2360 ciuib'ue
971 2301 1002 2359 ct
1017 2292 1103 2377 alijs.

230 2403 301 2486 Ego
326 2401 457 2483 Pasqua
483 2398 524 2466 de
550 2401 722 2467 Varicassc
743 2399 983 2484 suprascriptus
1000 2399 1100 2469 Iudex
1115 2400 1247 2468 Arbiter

123 2509 210 2576 iuter
225 2509 390 2576 Arbcuses
407 2515 439 2575 et
454 2507 626 2575 Norenses
642 2527 773 2573 manum
790 2508 874 2576 misi.

232 2617 303 2700 Ego
319 2615 421 2683 Stane
437 2615 478 2682 de
490 2613 663 2683 Varioussc
680 2613 881 2680 examinator
897 2633 1027 2680 manum
1044 2635 1148 2681 meam
1165 2615 1250 2684 misi.

233 2725 304 2808 Ego
329 2724 489 2790 Henricus
513 2721 678 2808 imperiali
704 2722 895 2788 auctoritate
920 2721 1074 2790 Notarius
1099 2729 1132 2790 ct
1147 2722 1252 2790 Judex

123 2832 260 2899 Juratus
276 2829 327 2896 his
343 2829 494 2918 interlui3
510 2837 543 2898 ct
557 2837 690 2915 rogatus
706 2829 822 2917 scripsi
838 2837 870 2896 et
885 2830 1046 2898 roboraui.

125 3028 252 3097 (Lucius,
273 3029 307 3081 de
327 3029 423 3095 Regno
445 3027 599 3080 Dalmatiae
624 3035 651 3081 et
664 3027 808 3081 crovatiae
820 3029 882 3080 libri
895 3041 950 3089 sex,
965 3027 1033 3080 Becc
1049 3030 1123 3080 rute.
1147 3031 1205 3080 ΠΒ.
1221 3028 1250 3094 l.)

587 3317 800 3330 *-

654 3741 732 3809 298.

323 3939 415 4006 Troo
429 3941 525 4005 varos
541 3941 743 4008 cccccccccc
758 3937 954 4008 calcatam.
973 3939 1070 4008 1284.

239 4135 304 4202 Dic
314 4133 486 4201 Dominico
496 4132 569 4200 XV.
587 4133 736 4204 Octobris
752 4137 796 4201 Μο
813 4136 876 4202 00⁰
891 4135 1032 4202 LXXX⁰
1049 4141 1173 4223 quarto,
1184 4153 1258 4202 con-

129 4239 279 4326 gregatis
305 4237 487 4328 Judicibus,
514 4239 729 4328 Conciliarijs,
752 4249 784 4308 et
808 4243 954 4326 pluribus
980 4242 1056 4326 alijs
1072 4243 1254 4310 hominibus

131 4347 320 4416 volentibus
346 4349 458 4415 venire
483 4346 516 4413 in
531 4347 643 4434 platea
659 4347 811 4434 Tragurij
829 4347 918 4416 faeta
933 4349 992 4416 fuit
1010 4350 1131 4418 eleccio
1148 4350 1257 4418 Oonsi-

131 4453 303 4523 liariomm
320 4451 454 4538 Consilii
473 4455 642 4544 presentis,
659 4454 745 4524 datis
760 4455 942 4542 quindecim
970 4457 1259 4543 ballottis,septem

130 4559 270 4648 seriptis
281 4566 396 4628 electo
411 4580 476 4629 non
491 4561 632 4651 scriptis,
649 4583 738 4631 more
753 4564 858 4632 solito.
876 4561 939 4642 oui
957 4563 1141 4650 Consiliarij
1161 4563 1258 4633 electi

180 4693 286 4735 norun.
301 4681 384 4736 nura.
399 4693 470 4737 man.
484 4701 528 4721 -
544 4695 653 4738 amnon.
677 4689 714 4740 ¹⁷.
799 4658 803 4664 ⁵
1061 4674 1104 4742 27
