3140 5150
853 341 920 414 ,134

804 431 964 443 n—-u--u-

316 541 350 606 in
367 541 456 624 Bury
481 535 632 605 dixerunt
655 558 691 605 se
715 537 844 625 habere,
869 545 901 605 et
926 557 999 606 esse
1023 535 1157 607 mixtam
1182 559 1254 606 cum
1275 546 1364 606 terra
1380 542 1449 606 Ma-

318 649 410 734 gistri
429 646 588 734 Stephani
604 668 663 732 per
678 668 736 714 uos
753 648 884 732 collata,
912 647 1064 714 dederint
1080 654 1113 715 et
1125 646 1319 716 tradiderint
1342 649 1450 715 eidem

318 759 474 842 Magistro
499 753 666 840 Stephano
691 754 786 821 titulo
812 753 1064 839 permutationis
1090 753 1137 821 ita
1163 754 1335 839 uidelicet,
1361 755 1451 838 quod

320 866 476 950 Magister
501 863 683 949 Stephanus
712 861 838 929 dederit
863 869 896 928 et
918 863 1140 946 assignauerit
1167 864 1215 930 eis
1241 863 1274 929 in
1300 883 1451 930 concam-

320 975 408 1040 bium
432 979 516 1040 terre
542 991 652 1040 eorum
678 972 838 1056 quasdam
864 980 970 1040 terras
986 973 1118 1040 Mohala
1143 979 1176 1040 et
1192 971 1375 1038 Wolkoueh
1396 995 1454 1040 uo·

321 1087 422 1168 catas,
445 1102 508 1165 que
524 1081 674 1148 dicuntur
700 1100 774 1148 esse
789 1081 980 1166 populorum
998 1079 1105 1148 Castri
1122 1080 1221 1148 uestri
1248 1079 1395 1165 predicti,
1420 1087 1453 1147 et

320 1190 354 1253 in
370 1189 512 1272 quadam
529 1196 617 1255 terra
633 1189 749 1272 Tayna
764 1196 882 1255 vocata
908 1189 1131 1273 assignauerit
1148 1187 1251 1254 eciam
1268 1190 1316 1256 eis
1334 1197 1455 1256 terram

320 1298 408 1363 Elka
432 1302 465 1363 et
492 1295 640 1382 Thywan
665 1297 858 1383 populorum
883 1298 990 1364 Castri
1015 1298 1174 1382 predicti;
1199 1303 1232 1363 et
1256 1298 1336 1382 quia
1361 1304 1452 1363 terra

317 1405 530 1488 jobagiouum
548 1405 656 1472 Castri
681 1403 879 1490 prefatorum
900 1406 1014 1472 melior
1031 1411 1064 1472 et
1080 1404 1190 1473 ulilior
1207 1413 1276 1474 erat
1292 1403 1388 1470 terris
1405 1405 1453 1470 eis

321 1515 356 1579 in
372 1512 593 1582 concambium
612 1514 814 1601 assignatis,
839 1514 995 1598 Magister
1012 1515 1196 1600 Stephanus
1216 1515 1250 1581 in
1265 1531 1452 1598 recompen-

322 1621 483 1690 sacionem
501 1620 706 1688 melioritatis
734 1629 818 1688 terre
843 1641 952 1689 eorum
978 1621 1131 1690 soluisset
1146 1623 1193 1688 eis
1211 1620 1452 1705 quinquaginta

323 1749 460 1815 marcas,
484 1750 565 1813 quas
590 1730 689 1816 ijdem
711 1731 905 1814 jobagiones
929 1730 1036 1797 Castri
1060 1729 1262 1797 affirmarunt
1279 1731 1321 1796 ab
1338 1730 1451 1796 eodem

323 1839 480 1921 Magistro
504 1839 671 1926 Stephano
697 1859 732 1905 se
755 1838 902 1925 plenarie
926 1838 1100 1924 recepisse.
1135 1839 1218 1904 Item
1243 1838 1359 1903 Comes
1374 1837 1451 1902 Ala·

261 2023 266 2032 ι
324 1946 436 2012 darius
462 1967 520 2031 pro
546 1968 581 2014 se
610 1954 642 2013 et
668 1948 834 2032 Stephano
863 1947 1032 2034 filiosuo,
1066 1947 1155 2014 Luca
1180 1953 1212 2013 et
1237 1945 1367 2012 Zochou
1392 1945 1449 2028 filij

324 2054 456 2121 Joanka
481 2055 522 2120 de
537 2055 695 2142 Thayna,
720 2055 854 2139 Egidius
881 2057 968 2122 filius
993 2057 1078 2122 Bala
1102 2075 1159 2138 pro
1176 2074 1211 2121 se
1236 2060 1269 2119 et
1293 2073 1352 2137 pro
1370 2052 1451 2118 Chu-

325 2161 485 2246 murthan,
512 2163 635 2230 Paulus
652 2165 738 2233 filius
754 2165 853 2232 Waro
869 2165 910 2231 de
924 2165 1090 2232 Kelechen
1114 2185 1174 2250 pro
1191 2164 1335 2250 Mykoue
1351 2161 1451 2228 fratre

325 2291 383 2336 suo
392 2323 401 2357 ‚
426 2270 601 2359 Thyuodor
625 2273 710 2339 filius
727 2273 863 2340 Jambur
887 2294 946 2358 pro
963 2293 999 2340 se
1023 2280 1054 2339 et
1070 2293 1129 2358 pro
1146 2273 1252 2338 Bense
1270 2270 1336 2338 filio
1352 2270 1450 2355 Bene,

325 2381 442 2446 Petrus
453 2379 538 2448 tilius
555 2381 652 2467 Mysk
663 2378 1005 2466 dePodlusanprose,
1023 2401 1082 2466 pro
1093 2381 1189 2446 Petro
1209 2386 1241 2445 et
1256 2380 1360 2446 Paulo
1376 2377 1451 2463 filijs

325 2487 430 2574 Sysh,
447 2487 542 2554 Stefk
558 2489 645 2556 filius
662 2486 880 2575 Bozychapro
897 2509 932 2555 se
942 2539 951 2572 ,
976 2510 1035 2574 pro
1052 2487 1136 2554 Sebe
1156 2495 1188 2554 et
1203 2485 1359 2554 Marcello
1376 2484 1452 2568 filijs

326 2596 442 2679 Enese,
467 2595 623 2662 Nicolaus
643 2596 730 2663 filius
746 2595 855 2662 Endre
875 2595 915 2661 de
930 2597 1007 2681 Zeg,
1032 2594 1201 2663 Barnabas
1217 2593 1302 2660 filins
1318 2592 1452 2675 Thome,

326 2702 486 2790 Rombud,
512 2703 654 2770 Mcrwch
670 2703 755 2770 filius
772 2705 938 2771 Mortunus
963 2703 1003 2769 de
1019 2703 1147 2770 Korsan
1172 2723 1230 2788 pro
1247 2720 1283 2768 se
1308 2707 1342 2766 et
1361 2707 1453 2786 patre
1565 2717 1566 2806 {

327 2829 384 2878 suo
401 2812 577 2900 Mauricio,
602 2813 702 2879 fratre
726 2835 785 2880 suo
810 2814 976 2900 Albeuch,
1000 2832 1059 2898 pro
1085 2812 1185 2879 fratre
1210 2809 1314 2896 patris
1340 2807 1400 2892 sui,
1423 2813 1454 2874 et
1565 2809 1566 2856 t

327 2919 445 3006 Myhus
462 2923 502 2988 de
520 2920 703 2988 Wolkouch
718 2921 806 2986 filius
821 2921 937 2987 Pakau
953 2941 1016 3006 pro
1027 2941 1072 3007 se,
1090 2941 1147 3006 pro
1163 2923 1249 2988 Baas
1266 2920 1369 2986 fratre
1385 2940 1451 3006 suo,

327 3032 445 3097 Kasart
460 3029 547 3096 filius
563 3031 649 3095 Zata
665 3028 704 3098 de
720 3033 770 3096 Eu
787 3050 845 3116 pro
861 3050 907 3116 se,
925 3051 981 3115 pro
997 3036 1089 3116 patre
1106 3049 1164 3096 suo
1181 3037 1212 3098 et
1226 3031 1338 3115 Legen
1353 3026 1452 3094 fratre

328 3158 397 3223 suo,
416 3139 612 3222 jobagioues
639 3137 785 3206 eiusdem
802 3137 909 3206 (rastri
932 3137 1033 3204 uestri
1049 3137 1230 3206 Borsiensis
1248 3137 1292 3204 ad
1308 3143 1451 3202 nostram

328 3245 518 3313 accedentes
543 3245 766 3332 presenciam,
802 3245 985 3338 huiusmodi
1009 3245 1269 3330 permutaciones
1295 3253 1451 3312 terrarum
1524 3323 1526 3332 Ι

327 3355 546 3438 predictarum
571 3355 652 3421 inter
669 3355 862 3438 Magistrum
879 3352 1077 3438 Stephanum
1095 3361 1126 3420 et
1136 3353 1333 3438 jobagicnes
1349 3349 1450 3420 Castri

329 3465 429 3532 uestri
454 3467 604 3550 superius
636 3465 829 3547 nominatos,
861 3461 1002 3529 confessi
1034 3469 1110 3529 sunt
1134 3463 1180 3529 eis
1195 3461 1398 3548 presentibus
1422 3467 1449 3526 et

330 3573 609 3640 consencientibus
627 3572 829 3640 esse'sactas.
855 3572 977 3638 Datum
993 3572 1093 3638 tercio
1110 3571 1184 3638 idus
1201 3569 1360 3640 Octobris.

329 3751 387 3822 (IV.
401 3751 497 3807 Ldszld
511 3751 660 3820 hirr'tlynsk
674 3755 786 3807 rate-ki
809 3750 972 3819 megcrbsitb'
994 3749 1242 3820 privilegiumdbdl,
1265 3755 1332 3805 mint
1344 3749 1448 3805 ientebb

822 3845 865 3894 ut.
878 3859 915 3895 sz.
928 3842 965 3908 a.)
