3124 5158
836 883 909 952 185.

318 1089 340 1152 1
344 1087 379 1150 V.
397 1087 512 1154 Lcsztc
527 1087 638 1172 kirtly
663 1085 790 1171 hciyben
815 1091 937 1173 hopyjo
953 1086 1082 1151 Mocion
1099 1083 1258 1150 comcsoek
1273 1086 1431 1168 happened·

383 1199 462 1281 nycit
481 1219 502 1258 o
522 1195 711 1280 mystico-ipati
730 1197 956 1282 opdozozcirdo
972 1197 1132 1260 szdmdro.
1160 1197 1257 1258 1279.
1275 1192 1372 1257 toust.

425 1390 491 1459 Nos
524 1389 701 1458 Ledizlaus
727 1392 792 1458 Dei
817 1387 1026 1475 gracia'Rex
1053 1389 1197 1474 Vngarie
1222 1388 1431 1471 significamus

317 1495 432 1581 quibus
463 1495 594 1584 expedit
622 1503 733 1565 tenore
756 1499 959 1583 presencium
984 1497 1165 1583 uniuersis,
1200 1495 1287 1580 quod
1312 1493 1432 1561 domins

318 1603 499 1691 Elyzabcth
520 1604 697 1671 karissima
722 1624 811 1672 soror
826 1611 938 1673 nostre
953 1623 1011 1691 por
1028 1605 1185 1671 Comitem
1201 1605 1329 1670 Petrum
1344 1601 1432 1669 offici-

316 1712 402 1780 alem
419 1732 512 1778 suum
529 1711 710 1780 destinauit
734 1713 829 1780 nobis
847 1718 997 1798 petentes
1013 1714 1140 1780 litteras
1157 1709 1343 1796 Monasterij
1361 1709 1432 1776 (ion-

317 1825 433 1886 uentus
450 1821 662 1888 Verediensis
688 1839 785 1907 super
810 1819 1021 1888 ordinacione
1048 1827 1079 1884 et
1104 1821 1215 1901 legato
1231 1818 1431 1902 qurerumdsm

317 1927 560 2012 possessionum
577 1937 609 1998 ct
625 1929 793 1997 cuiusdam
813 1935 899 1996 terre
915 1929 1050 1996 Comitis
1061 1926 1208 2012 Moryani
1220 1927 1278 2012 filij
1291 1926 1431 2008 Monuni,

321 2033 425 2102 Anias
452 2036 622 2124 videlicet,
662 2037 842 2104 qurholrn
871 2045 904 2104 ot
928 2038 1032 2103 Koxol
1057 2043 1243 2102 vocatarum
1270 2033 1432 2114 coniectas,

320 2151 435 2228 petens
452 2165 472 2210 a
487 2145 580 2213 nobis
597 2165 669 2211 oum
685 2145 855 2230 instancia,
872 2151 908 2210 ut
924 2146 1013 2230 ipsas
1030 2151 1118 2210 retes
1134 2144 1266 2236 haltere,
1283 2149 1314 2208 et
1324 2140 1432 2207 nostris

317 2253 502 2337 petentibus
526 2253 643 2323 litteris
672 2254 878 2338 dignaremur
903 2254 1103 2320 confirmare.
1143 2248 1286 2326 Quarum
1314 2247 1432 2334 quiden

318 2363 502 2447 potenciam
518 2361 698 2428 litterarum
718 2367 810 2428 tenor
829 2360 905 2427 talis
921 2367 991 2428 est:

427 2470 708 2538 Excellentissimo
735 2471 864 2538 domino
891 2491 950 2537 suo
971 2469 1125 2535 Lediziao
1142 2470 1204 2535 stb.
1232 2463 1432 2554 (koretkezik

319 2597 340 2642 a
365 2577 479 2646 veredi
504 2578 716 2646 konventnek
741 2579 869 2646 Moritn
887 2597 994 2645 comes
1019 2577 1263 2665 bagyomtnyttt
1288 2575 1432 2658 tergyozt

321 2689 396 2754 184.
413 2705 457 2751 sz.
474 2705 504 2750 a.
522 2683 716 2772 okmenye.)

425 2793 492 2859 Nos
516 2792 626 2877 itaque
651 2794 869 2880 peticionibus
895 2793 997 2877 ipsius
1023 2794 1152 2860 domine
1169 2788 1432 2876 Elyuabetkeris·

318 2901 400 2966 sime
416 2900 535 2967 sororis
559 2908 667 2968 nostro
692 2901 840 2968 inclinati
857 2901 961 2968 dictas
976 2907 1126 2987 potentes
1141 2901 1267 2966 litteras
1283 2898 1323 2967 de
1340 2899 1432 2964 uerbo

319 3009 362 3075 ed
378 3008 512 3075 uerbum
528 3009 731 3093 presentibus
747 3009 849 3077 inseri
865 3009 1014 3076 iaciendo
1029 3016 1117 3076 ratus
1133 3009 1290 3076 habentes
1306 3015 1338 3074 ct
1353 3021 1433 3070 acce·

318 3123 393 3201 ptos
409 3117 602 3185 auctoritate
618 3118 821 3204 presencium
842 3118 1077 3184 confirmemus.
1098 3118 1217 3184 Datum
1235 3115 1266 3180 in
1279 3113 1433 3198 Soeyksou

212 3265 215 3272 -
319 3241 404 3289 enno
420 3225 549 3290 Domini
565 3227 610 3291 Μο
626 3223 691 3292 00⁰
707 3224 940 3310 octuagesimo.

534 3403 568 3468 (A
591 3406 674 3457 budoi
695 3402 1006 3471 ktptelsnnsk186.sz.
1023 3423 1046 3456 a.
1062 3403 1231 3468 ntirettbol.)

701 3967 710 3986 ⁸
842 3958 917 4024 186.

320 4135 349 4204 A
367 4139 465 4204 hodsi
479 4140 639 4226 kdptalon
665 4142 771 4225 (itirjo
795 4138 855 4204 IV.
873 4139 987 4206 Lciszlo
1002 4140 1177 4224 leircilynoio
1188 4103 1191 4110 Ι
1202 4139 1332 4203 Moriere
1348 4155 1436 4201 conus

442 4249 679 4333 haqyomcinycit
699 4253 884 4331 coeperint&
902 4249 1083 4332 oleorcinydt.
1102 4247 1198 4312 1279.
1216 4247 1319 4310 torui.

426 4407 495 4473 Nos
521 4407 703 4493 Capitulum
728 4408 890 4475 Budcnsis
915 4407 1061 4474 Ecclesic
1091 4405 1312 4497 significamus
1331 4399 1438 4488 quibus

321 4511 454 4598 expedit
469 4512 629 4580 uniuersis
645 4514 847 4598 presencium
864 4533 922 4599 per
938 4519 1092 4596 tenorem,
1110 4510 1195 4596 quod
1211 4511 1378 4596 religiosus
1393 4507 1437 4574 nir

322 4617 424 4686 freter
441 4617 563 4685 Paulus
580 4618 763 4688 Conuersus
789 4619 829 4687 de
844 4619 964 4687 Ordine
980 4619 1130 4686 Fratrum
1146 4618 1388 4686 Prodicutorum
1403 4615 1438 4680 de
