3126 5150
732 294 770 355 21

167 505 248 550 rum¹
261 483 409 552 eiusdem
434 481 599 567 quandam
626 491 748 551 terram
765 481 871 552 Casiri
896 482 1000 552 nostri
1020 481 1228 551 Zaladiensis
1245 482 1308 547 Ke-

171 590 289 658 rechen
316 599 465 659 uocatam
483 592 546 676 ipsi
562 593 720 676 Magistro
738 593 840 678 0ng
865 601 896 661 et
921 593 989 660 suis
1015 592 1188 658 heredibus
1215 589 1307 657 berc-

169 699 316 782 dumque
332 717 463 765 suorum
490 701 732 768 suecessoribus
754 700 912 783 dedimus,
937 698 1129 765 donauimus
1148 677 1182 766 'et
1198 705 1307 764 contu·

173 805 271 872 limus
298 804 369 872 iure
402 813 558 891 perpetuo
592 806 822 892 possidendam
851 809 922 876 sine
947 806 1027 874 iuris
1053 804 1307 892 preiudiciorum

172 911 261 999 (tgy)
278 913 436 994 aliorum,
461 921 493 979 et
517 913 657 980 eundem
684 914 937 1000 incorporalem
963 913 1203 1002 possessionem
1221 911 1308 978 dicte

169 1026 256 1086 terre
272 1040 331 1106 per
346 1017 499 1102 Egidium
524 1017 565 1084 de
581 1020 676 1104 Royk
693 1021 855 1088 bominem
881 1029 1027 1090 nostrum
1044 1023 1104 1088 sub
1120 1019 1305 1086 testimonio

172 1129 357 1194 Gonuentus
382 1127 591 1194 Zaladiensis
617 1128 707 1194 nullo
735 1127 973 1196 contradictore
993 1127 1151 1195 existente
1168 1127 1306 1194 fecimus

172 1234 342 1320 introduci,
359 1243 455 1320 prout
470 1233 504 1299 id
520 1235 553 1299 in
569 1234 686 1302 litteris
704 1233 849 1303 eiusdem
865 1235 1050 1302 Oonnentus
1067 1233 1209 1300 uidimus
1228 1253 1303 1300 con·
1367 1292 1369 1296 ,

172 1341 278 1409 lineri.
302 1343 387 1410 Mete
404 1342 505 1408 eciam
523 1342 610 1408 dicte
627 1349 722 1428 terre,
749 1343 833 1410 sicut
858 1343 891 1409 in
907 1343 1029 1410 litteris
1044 1343 1111 1408 iam
1127 1341 1204 1408 dicti
1221 1342 1304 1408 Con·

172 1458 288 1516 uentus
305 1450 506 1536 continetur,
530 1451 591 1516 boc
607 1451 720 1517 ordine
747 1451 968 1536 distinguntur
985 1475 992 1516 :
1017 1451 1125 1517 Prime
1141 1448 1204 1514 due
1219 1455 1305 1514 mete

171 1557 330 1641 incipiunt
355 1578 376 1623 a
402 1565 496 1642 parte
522 1558 695 1643 aquilonis,
721 1566 753 1625 et
778 1561 824 1626 ibi
850 1567 924 1626 sunt
949 1557 1012 1624 duc
1037 1565 1120 1624 mete
1146 1556 1253 1640 posite
1268 1554 1304 1620 in

167 1666 331 1752 plicibus,
354 1687 417 1748 que
442 1667 574 1749 quidem
599 1674 682 1732 mete
707 1675 864 1752 separant
889 1667 930 1734 de
955 1666 1036 1732 uilla
1061 1665 1152 1750 Ong;
1185 1663 1304 1732 deinde

171 1773 263 1838 uadit
278 1791 394 1840 uersus
410 1773 589 1858 meridiem,
617 1781 649 1840 et
665 1774 709 1840 ibi
726 1783 803 1842 sunt
819 1771 882 1842 due
897 1780 982 1840 mete
998 1775 1032 1839 iu
1047 1773 1161 1855 terris;
1186 1770 1304 1838 deinde

172 1880 265 1946 uadit
281 1901 396 1948 versus
413 1879 612 1947 occidentem
629 1879 672 1946 ad
689 1882 853 1964 quandam
869 1883 968 1964 uiam,
993 1887 1025 1947 et
1044 1885 1120 1944 sunt
1138 1879 1202 1945 due
1218 1885 1303 1946 mete

172 1987 330 2073 interris,
355 2007 492 2070 quarum
509 2007 575 2053 vna
591 1995 640 2054 cst
665 1989 708 2054 ab
724 2009 789 2056 una
809 1987 990 2074 pauculo,
1013 1985 1082 2053 alia
1098 2007 1173 2054 uero
1199 1989 1241 2053 ab
1258 1989 1305 2054 al-

167 2100 262 2180 tera;
285 2093 404 2161 deinde
421 2093 514 2160 tradit
529 2115 645 2161 uersus
662 2096 831 2163 meridiem
847 2099 881 2162 in
898 2098 1012 2164 eadem
1028 2093 1092 2180 uia,
1119 2103 1151 2160 et
1165 2095 1210 2160 ibi
1226 2101 1304 2160 sunt

167 2200 234 2266 dne
250 2207 335 2267 mete
351 2201 383 2266 in
403 2202 517 2284 terris;
543 2200 660 2268 deinde
678 2201 879 2287 protenditur
896 2222 1009 2271 uersus
1026 2205 1182 2269 orientem
1199 2221 1302 2284 usque

167 2309 214 2376 ad
230 2307 465 2392 longitudinem
482 2308 579 2374 unius
596 2311 729 2395 yugeris
746 2308 887 2377 adduas
903 2317 1005 2377 metas
1022 2316 1158 2392 terreas,
1183 2307 1303 2375 deinde

168 2414 374 2501 progreditur
400 2433 513 2480 uersus
539 2415 706 2482 meridiem
733 2415 776 2482 ad
792 2436 946 2499 magnam
964 2417 1090 2499 siluam,
1117 2423 1149 2482 et
1165 2413 1208 2478 ibi
1226 2422 1303 2482 sunt

170 2522 232 2588 due
247 2527 342 2604 meto,
368 2541 433 2586 una
456 2519 490 2584 in
515 2519 603 2587 silua
627 2520 660 2585 in
687 2522 776 2606 ligno
793 2522 879 2607 pomi
890 2573 899 2606 ,
937 2521 1005 2588 alia
1026 2528 1118 2587 extra
1134 2521 1251 2587 siluam
1267 2521 1303 2588 in

169 2637 276 2711 torra3
302 2625 420 2693 deinde
437 2626 531 2692 uadit
555 2626 670 2694 iterum
696 2647 810 2696 uersus
827 2629 987 2697 orientem
1013 2629 1056 2694 ad
1073 2629 1236 2713 quandam
1253 2651 1301 2696 ar-

169 2735 278 2803 borem
305 2735 412 2819 pomi,
438 2731 556 2800 deinde
572 2735 664 2800 uadit
688 2736 722 2801 in
738 2737 793 2802 uie
821 2736 854 2800 iu
876 2735 981 2802 medio
1008 2756 1126 2818 magne
1152 2736 1244 2819 silue,
1268 2745 1301 2803 et

168 2841 316 2928 peruenit
341 2840 485 2907 adduas
512 2849 617 2909 metas
633 2843 774 2929 ylicum,
799 2865 860 2925 qne
886 2843 1016 2926 quidem
1041 2851 1125 2910 mete
1146 2851 1301 2928 separant

169 2950 209 3014 de
225 2949 307 3014 villa
323 2949 469 3032 Bsguta3
494 2947 612 3014 deinde
637 2947 728 3015 uadit
752 2970 865 3017 uersus
893 2952 1097 3020 occidentem
1126 2951 1159 3015 in
1185 2951 1298 3016 eadem

170 3059 202 3122 in
227 3057 314 3123 silua
340 3054 384 3118 ad
411 3054 574 3137 quandam
600 3075 754 3138 maguam
780 3059 926 3124 arborem
952 3059 1057 3144 ylicis,
1082 3079 1143 3142 que
1169 3058 1299 3140 quidem

165 3167 263 3231 arbor
277 3161 420 3250 {separat
445 3163 593 3230 similiter
620 3163 661 3230 de
676 3165 759 3230 uilla
774 3165 921 3248 Bageia,
948 3171 980 3230 et
1001 3165 1041 3230 de
1059 3166 1139 3230 nilla
1156 3166 1297 3250 Gurlsc3

169 3270 284 3336 deinde
309 3269 510 3354 protenditur
541 3289 655 3337 uersus
680 3272 884 3356 aquilonem,
916 3279 948 3337 et
974 3275 1121 3356 peruenit
1148 3272 1190 3336 ad
1216 3274 1299 3338 duae

167 3384 269 3442 metas
295 3384 439 3459 terreas;
465 3376 582 3442 deinde
609 3377 701 3443 uadit
725 3397 839 3444 uersus
856 3377 1075 3460 occidentem,
1103 3385 1134 3442 et
1160 3377 1205 3442 ibi
1222 3385 1298 3444 sunt

166 3484 230 3548 due
246 3488 330 3549 mete
346 3483 452 3567 posite
468 3483 502 3547 in
519 3486 634 3570 terris,
659 3479 723 3567 quo
739 3483 867 3568 quidem
884 3491 969 3552 mete
988 3491 1144 3570 separant
1161 3486 1201 3550 dc
1218 3485 1298 3552 uilla

167 3589 271 3672 Royk.
295 3590 340 3655 Ut
356 3587 456 3671 igitur
473 3589 568 3656 huius
586 3590 634 3656 rei
655 3592 757 3656 series
783 3594 881 3659 robur
906 3593 1051 3658 obtineat
1076 3601 1231 3678 perpetue
1246 3595 1295 3659 tir-

166 3697 310 3780 mitatis,
335 3705 366 3762 et
392 3716 433 3761 ue
458 3717 613 3782 processu
641 3705 818 3783 temporum
843 3720 901 3785 per
927 3699 1110 3784 quempiam
1136 3701 1238 3784 possit
1263 3701 1298 3766 in

167 3803 292 3868 irritum
309 3805 466 3888 reuocari,
493 3812 551 3871 aut
566 3804 774 3887 aliquetenus
792 3805 908 3874 debeat
924 3809 1105 3892 retractarj,
1130 3815 1298 3890 presentes
1369 3821 1383 3843 “

166 3909 385 3977 concessimus
420 3910 546 3978 litteras
583 3911 724 3999 duplicis
751 3913 851 3998 sigilli
876 3912 980 3980 nostri
1005 3911 1178 3979 munimine
1205 3917 1297 3980 robo-

166 4025 262 4084 ratas.
288 4017 410 4082 Datum
426 4037 485 4100 per
501 4038 616 4086 manus
632 4019 782 4102 Magistri
799 4019 966 4088 Benedicti
985 4021 1172 4088 Orodiensis
1188 4021 1297 4088 Eccle-

165 4125 212 4190 sie
237 4125 417 4208 Propositt,
443 4127 518 4192 aule
543 4135 653 4196 nostre
681 4128 970 4211 Vise-Cancellarij
999 4129 1110 4198 dilecti
1136 4137 1167 4196 et
1192 4127 1296 4197 tidelis

167 4231 268 4297 nostri
284 4251 371 4298 anno
386 4232 518 4300 Domini
536 4234 706 4302 millesimo
724 4235 893 4302 OG⁰LXX⁰
910 4235 1020 4318 tercio,
1039 4237 1164 4304 decimo
1182 4237 1294 4304 kalen·

166 4337 226 4403 das
242 4335 403 4424 Octobris,
428 4342 532 4424 Regni
549 4351 656 4410 autem
673 4344 777 4412 nostri
794 4365 880 4411 anno
898 4344 1010 4429 primo.
1042 4345 1295 4414 Venerabilibus

166 4445 314 4527 patribus
331 4445 496 4532 Stephano
513 4446 684 4518 Colocensi
710 4458 742 4517 et
757 4451 906 4520 Johanne
922 4453 1110 4538 Spalateusi
1127 4454 1294 4538 Arcbiepi-

164 4551 292 4636 scopis,
317 4553 488 4638 lamperto
504 4557 670 4646 Agriensi,
695 4559 759 4627 Job
783 4557 1134 4643 Quinqueeoolesiensi,
1160 4559 1294 4641 Bryecio
1421 4555 1422 4558 ’
