3146 5166
614 307 772 406 Q

128 496 270 581 miensis,
287 495 363 562 aule
380 502 488 562 nostre
507 494 701 583 cancellarij
729 497 833 564 tidelis
859 499 980 584 uostri3
1006 465 1104 570 annot
1120 502 1252 569 Domini

125 606 300 670 millesimo
317 603 537 672 ducentesimo
553 605 777 688 nonagesimo.

124 818 264 884 (Ersdetie
276 816 453 884 bdrhrirtydm
468 819 581 885 melyrdl
595 834 612 870 n
625 815 717 886 uirga·
730 819 791 872 adid
801 818 1030 886 selyemzsindrou
1040 823 1151 888 ruggocc
1162 823 1256 894 pectit

356 909 485 961 elveesett
496 927 503 972 ;
516 925 534 962 a
546 909 599 962 kir.
614 909 697 960 budai
710 910 825 962 humei
837 907 1028 976 lerdltlrban.)

589 1203 799 1216 *n-

653 1778 732 1848 384.

123 1975 148 2040 I
150 1962 186 2042 V.
204 1975 327 2044 Miloldo
337 1981 434 2063 pdpo
458 1977 636 2046 Lambertet
662 2003 684 2044 α
699 1979 877 2048 minoritdk
892 1981 1090 2061 azeurobol,
1112 1981 1254 2048 kiueceai

474 2087 582 2174 oeplcc'
592 2087 790 2174 pilcpblcnck.
818 2087 918 2153 1290.

235 2297 395 2367 bircolcus
420 2299 601 2385 Episcopus
633 2320 746 2369 servus
777 2319 943 2370 servorum
975 2301 1036 2368 Dei
1047 2351 1057 2388 ,
1077 2298 1256 2367 venerabili

129 2402 224 2472 fratri
240 2404 412 2474 Lamberto
438 2407 602 2492 Episcopo
626 2408 782 2493 veglensi
814 2407 954 2476 salntem
985 2413 1018 2474 et
1032 2407 1255 2492 Apostoliocm

123 2511 395 2581 benedictionem.
412 2513 558 2581 Vacante
574 2514 695 2582 dudum
710 2514 865 2598 Vegleusi
887 2512 1040 2582 Ecclesia
1054 2532 1115 2600 per
1130 2514 1254 2581 obitum

123 2619 213 2686 bone
228 2619 382 2686 memorie
398 2620 516 2687 Marini
533 2621 706 2706 veglensis
716 2621 883 2708 Episcopi,
900 2620 964 2716 due
979 2619 1112 2688 inerunt
1127 2619 1256 2688 electio

122 2745 185 2792 nes
203 2725 414 2795 acanoniois
436 2727 539 2814 ipsius
555 2728 724 2814 Ecclesie,
749 2749 815 2796 uua
847 2725 1008 2796 videlicet
1030 2727 1071 2792 de
1086 2727 1188 2795 fratre
1203 2725 1257 2794 Jo-

122 2832 237 2899 hanne
252 2833 293 2899 de
308 2833 415 2918 Vegla
431 2836 599 2921 lliuorum,
624 2844 657 2903 et
673 2837 779 2904 altera
796 2834 837 2902 de
852 2833 953 2902 fratre
968 2834 1129 2901 Zacharia
1146 2833 1257 2901 Predi-

123 2948 275 3007 catorum
291 2939 426 3006 fratrum
444 2939 613 3026 ordinum,
631 2941 665 3008 in
682 2941 847 3010 discordia
863 2940 1035 3008 celebrate.
1064 2939 1258 3008 Huiusmodi

121 3067 204 3114 vero
222 3047 417 3115 electionum
432 3049 561 3134 negotio
577 3049 621 3117 ad
640 3047 756 3142 Sedem
775 3047 999 3134 Apostolicam
1010 3045 1172 3134 devoluto,
1183 3065 1257 3112 cum

121 3153 207 3222 dicti
238 3153 341 3222 Eleoti
370 3155 457 3222 infru
495 3161 624 3242 tempus
670 3175 692 3223 a
737 3155 808 3224 iure
854 3159 1028 3240 statutum,
1075 3158 1108 3219 ot
1157 3151 1255 3217 etiam

121 3261 264 3348 posted
280 3263 416 3329 eandem
432 3262 550 3330 Sedem
567 3261 723 3329 accedere
746 3282 811 3329 non
833 3266 982 3330 curarent
997 3281 1056 3346 pro
1072 3257 1256 3324 huiusmodi

122 3368 323 3438 electionum
338 3389 468 3440 suarum
484 3371 615 3454 negotio
632 3369 869 3457 prosequendo,
887 3388 947 3437 nos
964 3369 1053 3454 ipsos
1069 3365 1104 3432 in
1119 3365 1256 3433 audien-

121 3478 174 3544 tia
191 3479 326 3562 publica
340 3477 433 3545 citari
459 3478 616 3564 lecimus,
646 3487 682 3545 ut
697 3477 740 3544 ad
756 3475 1016 3564 prosequendum
1048 3477 1109 3560 ius,
1125 3474 1154 3541 si
1170 3471 1257 3556 quod

122 3583 223 3652 eisin
241 3584 451 3652 electionibus
465 3583 651 3664 huiusmodi
662 3587 885 3669 competebat,
914 3589 1002 3651 certo
1017 3582 1154 3649 termino
1170 3599 1256 3648 com·

121 3699 302 3778 parerent:
328 3699 361 3757 ct
392 3691 519 3759 demum
535 3711 606 3759 cum
640 3691 751 3760 nullus
767 3691 896 3758 illorum
923 3689 966 3755 ad
982 3688 1041 3754 bec
1071 3705 1256 3771 comparere

121 3807 267 3880 curaret,
289 3800 570 3886 pronuntiavimus
585 3800 675 3886 ipsos
690 3821 712 3867 a
728 3800 797 3868 iure
805 3852 816 3887 ,
836 3799 866 3866 si
883 3793 971 3882 quod
987 3795 1033 3863 eis
1049 3796 1256 3880 competebat

120 3927 168 3974 er
185 3906 309 3976 eisdem
324 3907 548 3994 electionibus,
565 3906 732 3977 cecidisse.
743 3907 871 3990 Deinde
886 3914 972 3992 vcro',
991 3921 1033 3968 ne
1049 3901 1138 3968 dicta
1147 3901 1257 3969 Eccle-

120 4018 181 4085 sia
195 4015 329 4082 ulterius
345 4014 514 4083 viduitatis
544 4014 750 4084 incommoda
775 4015 978 4101 deploraret,
1009 4016 1042 4078 et
1069 4007 1110 4074 de
1125 4017 1259 4094 pastore

120 4123 258 4209 ydoneo
274 4123 445 4209 providere
461 4124 628 4212 volentes,
648 4122 692 4190 ad
708 4143 881 4209 personam
899 4125 999 4204 tuam,
1017 4137 1142 4186 morum
1158 4115 1256 4182 hone·

121 4235 215 4296 state
232 4228 392 4315 decoram,
408 4231 589 4297 litterarum
615 4229 754 4298 scientia
776 4228 937 4314 preditam
947 4279 957 4314 ,
983 4224 1018 4293 in
1033 4221 1258 4310 spiritualibus

121 4333 311 4422 providam,
329 4335 363 4400 in
379 4337 615 4422 temporalibus
642 4335 909 4422 circumspectam
917 4385 927 4421 ,
954 4353 994 4400 ac
1010 4331 1085 4400 aliis
1101 4329 1254 4397 virtutum

120 4440 223 4508 donis
238 4442 467 4526 multipliciter
496 4444 773 4528 commendatam,
805 4440 982 4510 direximus
1020 4435 1131 4506 oculos
1148 4441 1257 4500 nostro

120 4549 268 4633 mentre
304 4547 394 4616 illam
410 4547 480 4618 lore
495 4551 667 4637 perutilem
686 4551 730 4618 ad
754 4549 858 4636 ipsius
874 4545 1020 4615 Ecclesie
1045 4543 1191 4628 regimen
1206 4561 1258 4609 ar·

172 4683 276 4724 norun.
293 4683 377 4723 nouo.
395 4683 465 4721 uror.
481 4695 525 4708 --
541 4686 650 4722 nrrnou.
668 4679 704 4723 1⁷.
1054 4655 1097 4726 34
