3140 5150
594 255 753 379 -ιιι-

99 469 183 539 ehin
201 471 516 560 fliiusMaroellipro
532 492 567 540 se
584 479 616 540 et
633 493 691 557 pro
708 473 862 541 Marcello
879 478 972 558 patre
988 495 1066 556 suo;
1082 473 1240 542 Martinus

102 581 196 648 tilius
214 580 315 666 Dyde
331 587 363 648 et
378 583 472 648 Ruhu
488 582 573 648 filius
600 579 758 665 Pugeuoh
775 581 816 647 de
840 581 1006 668 Purbuse3
1030 582 1122 667 Moys
1139 590 1171 649 et
1187 584 1241 648 Ni-

103 690 224 758 colaus
241 690 299 775 filij
313 690 448 758 Fureusi
464 711 523 776 pro
539 707 575 758 se
585 695 617 756 et
632 708 690 774 pro
701 689 809 756 Pousn
827 689 928 757 fratre
947 708 1068 777 eorum,
1088 691 1239 775 jobugio·

103 817 166 864 nes
188 798 290 866 uestri
301 799 341 866 de
353 797 511 883 Chukau,
529 796 716 865 diothardus
726 796 812 866 filius
829 797 963 884 Samira,
981 799 1146 866 Romanus
1158 797 1243 864 filius

100 906 240 995 Ondns,
267 913 298 974 et
323 906 407 974 Jnrk
431 905 519 973 filius
534 903 670 973 Adriani
697 904 737 972 de
763 904 847 972 villa
871 904 1051 990 Kysiolnd,
1075 905 1243 973 Dendalus

104 1014 198 1083 iilius
232 1015 397 1099 Chundus,
421 1013 535 1080 Almus
561 1013 648 1081 filius
675 1014 801 1096 Pousa,
827 1013 1013 1100 Stephanus
1038 1014 1123 1081 filius
1150 1012 1242 1082 chod

103 1144 167 1208 pro
185 1143 223 1191 se
241 1129 275 1192 et
289 1143 347 1210 pro
363 1124 456 1209 Moys
472 1122 574 1188 fratre
589 1141 648 1190 suo
666 1121 709 1188 de
724 1121 809 1187 villu
824 1120 1033 1207 Jobegsuluu,
1051 1121 1105 1207 qui
1122 1142 1157 1189 se
1171 1121 1240 1188 ilie·

104 1253 183 1298 rum
202 1237 363 1297 terrerum
379 1235 659 1296 eornmstuneneos
684 1248 757 1298 esse
777 1229 940 1315 dicebant,
965 1248 1158 1296 eonsensum
1174 1249 1244 1314 pre-

103 1343 253 1408 buerunt
268 1346 301 1406 et
316 1359 478 1406 esensum.
495 1336 588 1415 Quod
604 1343 639 1402 ut
655 1343 759 1406 ratum
776 1337 829 1422 sit,
847 1355 981 1421 presens
997 1339 1153 1423 seriptum
1169 1356 1243 1403 eou-

107 1449 372 1516 tuiimusnostro
383 1446 494 1532 sigillo
504 1447 753 1530 communitum
772 1445 928 1530 Magistro
939 1445 1065 1512 Thomu
1076 1446 1243 1532 Proposito

108 1557 264 1624 Eoolesie
280 1562 400 1642 nostre,
425 1553 568 1622 Oiiuerio
586 1555 736 1640 (iuniore,
761 1552 917 1621 Custodia
936 1560 1082 1641 uuounte,
1105 1555 1245 1641 Symone

107 1666 250 1732 Deeuno
277 1664 511 1749 existentibus;
545 1683 631 1730 anuo
650 1662 760 1748 greoie
784 1661 896 1729 M⁰OO⁰
921 1661 1163 1746 septuagesimo
1194 1681 1243 1727 se·

106 1775 225 1858 ptimo.
253 1837 258 1845 ,

105 1955 251 2018 (Eredotie
265 1969 283 2004 ι
296 1954 387 2020 Rumy
400 1949 495 2006 esuldd
507 1949 704 2016 ienditdrdbsn,
723 1948 856 2004 misoiutu
875 1967 892 2002 ιι
905 1967 1018 2018 magysr
1031 1949 1170 2002 academie
1183 1948 1244 2002 isde-

488 2045 551 2096 irati
571 2040 839 2110 gydjtemdnydbsn.)

646 2667 716 2736 125.

114 2867 144 2934 A
174 2869 316 2955 zciprddi
344 2869 569 2955 iedptolauouk
596 2866 732 2933 dodon
756 2891 856 2934 eomes
881 2871 912 2934 do
936 2869 1096 2936 Brooieite'
1114 2867 1249 2958 Hydrpy

245 2978 335 3042 kozri
351 2977 552 3043 birtolceserdt
567 2979 723 3062 tdrppozd
738 2977 1009 3064 dieonyodplevele.
1027 2981 1124 3043 1277.

222 3176 295 3243 Nos
312 3173 500 3260 Capitulum
525 3174 671 3242 Euolesie
690 3176 923 3261 Zagrabiensis
943 3175 1164 3260 signifieunrus
1179 3179 1248 3244 vni·

111 3285 224 3353 uersis
239 3285 358 3369 quibus
375 3283 507 3369 expedit
523 3284 724 3368 presencium
750 3303 808 3369 per
834 3291 989 3370 tenorem,
1017 3283 1103 3368 quod
1124 3283 1247 3354 Gemite

111 3393 255 3462 Gerdnn
272 3391 340 3458 filio
358 3391 492 3460 Gerdnn
516 3410 588 3458 oum
614 3390 788 3459 Wllrunluo
814 3391 917 3460 fratre
942 3391 1087 3460 eiusdem
1113 3402 1249 3480 aperte

109 3524 188 3588 vna,
215 3522 259 3568 ex
275 3501 380 3568 ultera
398 3519 475 3567 vero
501 3500 640 3586 Georgio
665 3501 732 3566 filio
753 3501 905 3587 Brauioh,
928 3522 1001 3568 oum
1026 3502 1130 3579 Muris,
1156 3502 1247 3589 Fyie,

110 3612 207 3698 Selk,
226 3611 300 3696 Ete,
317 3608 446 3674 Prohun
464 3615 496 3675 et
512 3609 607 3675 Pows
623 3605 776 3674 iratribus
794 3607 1248 3695 snisoorumnobispersono·

108 3719 185 3785 liter
196 3714 393 3803 constitutis,
411 3713 512 3802 ijdem
523 3713 825 3783 retuleruntieoisse
836 3715 903 3781 tole
913 3718 1137 3785 eoueumbium
1150 3737 1247 3805 super

110 3825 314 3909 quibusdam
330 3823 474 3909 ipsorum
491 3824 754 3909 possessionibus
770 3823 853 3889 iuter
869 3822 976 3910 ipsos;
995 3825 1149 3893 videlieet
1160 3829 1246 3910 quod

109 3935 220 4001 dietus
239 3930 414 4018 Georgius,
439 3939 471 3996 et
490 3931 610 3998 fratres
638 3929 688 3998 sui
712 3931 938 4016 prenominati,
964 3937 1083 4000 terram
1103 3935 1248 4018 ipsorum

111 4045 145 4109 iu
162 4043 276 4128 eapite
291 4039 382 4124 fluuij
409 4040 501 4107 Lonu
526 4041 741 4128 existentem,
765 4061 837 4108 oum
857 4048 964 4108 oestro
981 4041 1015 4107 iu
1032 4041 1147 4108 eadem
1163 4050 1249 4108 terre

114 4149 282 4230 existenti,
307 4157 344 4216 et·
355 4149 504 4216 omnibus
521 4148 597 4234 aiijs
621 4147 819 4215 utilitatibus
836 4155 868 4216 et
883 4148 1091 4235 pertinenoijs
1106 4149 1249 4217 eiusdem

113 4265 199 4326 terre
216 4256 385 4324 dedissent
416 4263 448 4324 et
478 4257 692 4324 eontulissent
722 4255 878 4342 predictis
910 4255 1027 4324 comiti
1059 4255 1193 4324 Gurdun
1219 4265 1250 4325 et

113 4366 297 4433 Wliruziao
314 4363 407 4430 fratri
425 4365 580 4452 eiusdem,
599 4371 631 4432 ot
648 4385 705 4451 per
721 4385 776 4433 eos
801 4365 868 4432 suis
889 4363 1062 4434 heredibus
1078 4363 1257 4432 heroden·

114 4493 177 4559 qne
193 4473 442 4542 suecessoribus
457 4473 527 4542 iure
543 4482 699 4562 perpetuo
713 4474 957 4563 possidendum,
985 4476 1046 4544 sub
1071 4473 1190 4541 eisdem
1208 4473 1247 4539 si-

116 4581 189 4666 guis
207 4589 241 4649 et
258 4581 418 4667 terminis,
443 4584 649 4668 quibusoam
669 4585 826 4652 haetenus
852 4583 1079 4670 possederunt.
1103 4583 1141 4650 Iu
1157 4583 1250 4650 ouius
