3140 5150
630 976 703 1047 148.

87 1194 117 1260 A
134 1195 236 1260 bacci
250 1194 476 1280 kdptalortnalc
502 1195 763 1282 br'aorryaeiqlcucle
772 1245 783 1278 ,
807 1199 889 1282 boqy
911 1221 932 1262 a
947 1198 1138 1284 ayeilazc'qeta'
1148 1222 1222 1286 pre-

89 1305 233 1369 montrc'lc
259 1306 377 1388 cpdp'c
402 1326 442 1368 uz
468 1307 571 1369 ottoni
595 1304 905 1370 domokosrendt'clret
930 1331 951 1370 a
977 1309 1081 1373 romei
1101 1307 1223 1373 sztbctl

486 1409 713 1498 bepoccezolta.
736 1415 831 1480 1278.

206 1608 274 1673 Nos
302 1605 488 1691 Capitulum
513 1605 674 1676 Budensis
692 1607 839 1676 Ecclesia
855 1607 970 1677 damus
983 1629 1043 1694 pro
1059 1612 1222 1696 memoria,

95 1717 185 1801 quod
210 1718 259 1782 uir
285 1717 459 1801 religiosus
486 1717 587 1782 frater
613 1719 772 1784 llartinus
788 1717 896 1784 dictus
913 1720 1025 1786 Abbas
1043 1720 1084 1822 de
1101 1718 1222 1786 Ordine

93 1826 445 1894 Premonstmtensium
470 1825 504 1891 in
529 1825 678 1893 Ecclesia
703 1826 813 1893 Sancti
839 1827 1007 1895 Michaelis
1025 1827 1224 1912 Archangeli

91 1935 130 1999 dc
148 1934 262 2001 Insula
277 1935 440 2018 Leporum
457 1952 669 2020 commorans,
693 1954 758 2000 una
777 1955 846 2000 cum
864 1933 1056 2018 quibusdam
1068 1934 1222 2000 fratribus

89 2045 161 2110 suis
177 2042 221 2108 ad
238 2049 381 2109 nostram
400 2041 616 2126 personaliter
643 2041 829 2110 accedendo
855 2045 1069 2130 presenciam,
1095 2043 1223 2110 nominc
1247 2034 1248 2038 ’

90 2171 150 2216 suo
179 2157 212 2217 et
234 2149 370 2214 fratrum
398 2170 528 2214 suorum
555 2157 753 2235 protestatus
780 2158 848 2235 est,
874 2149 959 2234 quod
985 2172 1056 2218 cum
1082 2170 1221 2234 nupera

91 2257 339 2340 grauaminibus
358 2265 389 2324 et
406 2257 532 2342 iniurijs
550 2257 652 2326 illatis
669 2265 701 2324 et
716 2258 898 2325 inferendis
914 2279 971 2344 per
986 2259 1220 2345 Predicatores,
1318 2287 1324 2301 ·

89 2369 145 2450 qui
162 2373 238 2432 sunt
254 2373 477 2452 procuratores
495 2373 681 2434 sanctarum
702 2366 900 2434 monealium
917 2367 958 2433 de
975 2368 1088 2434 eadem
1103 2367 1222 2463 insula,

90 2476 297 2560 appellasset
322 2473 364 2539 ad
389 2475 505 2542 Sedem
533 2477 752 2561 Apostolicam
773 2475 981 2560 solempniter
997 2483 1029 2543 et
1044 2476 1077 2541 in
1094 2474 1222 2559 scriptis

90 2582 224 2651 nomine
239 2603 298 2650 suo
315 2589 347 2648 et
359 2583 543 2650 Conuentus
554 2585 615 2670 sui,
633 2584 783 2668 ponendo
795 2604 840 2669 se,
863 2583 1106 2650 etOonuentnm
1117 2603 1221 2669 suum,

90 2710 132 2755 ac
148 2691 260 2756 omnia
276 2709 337 2755 sua
353 2690 412 2755 sub
428 2689 632 2775 proteccione
658 2691 752 2758 Sedis
778 2691 975 2778 Apostolice,
1002 2689 1222 2776 pupplioando

90 2799 354 2886 appellationem
370 2818 460 2864 suam
476 2803 543 2864 tam
561 2797 645 2884 apud
661 2799 914 2882 strigoniensem
925 2798 1106 2880 ecclesiam,
1124 2817 1222 2880 quam

87 2904 181 2990 apud
198 2903 284 2971 alias
302 2906 465 2990 ccclesias,
489 2907 551 2992 ipsi
577 2905 800 2973 Predicatores
816 2907 849 2972 in
866 2915 1082 2992 contemptum
1099 2912 1130 2970 et
1146 2907 1222 2970 irre·

89 3015 276 3080 uerenciam
294 3013 482 3099 Apostolice
499 3015 595 3080 Sedis
621 3013 704 3081 feria
721 3021 837 3099 quarta
852 3016 1001 3101 proxima
1017 3019 1090 3098 post
1105 3013 1222 3078 Resur-

87 3122 273 3188 rcccioncm
291 3121 422 3188 Domini
440 3122 547 3190 missis
563 3121 693 3188 famulis
704 3123 785 3208 suis,
802 3123 1029 3208 potencialiter
1039 3120 1223 3204 serultores,

88 3232 164 3296 siue
181 3228 323 3295 seruicia
340 3229 418 3296 dicti
437 3230 575 3296 Abbalis
591 3237 623 3296 et
639 3229 827 3297 conuentus
847 3231 896 3296 sui
913 3233 1112 3311 exercentes,
1141 3225 1222 3293 iece-

86 3344 168 3403 runt
184 3338 358 3405 crvdeliter
376 3345 407 3403 ct
424 3339 574 3406 atrociter
590 3337 624 3403 in
641 3339 868 3406 contumeliam
885 3339 1028 3422 ipsorum
1050 3332 1223 3416 uerberari,

86 3445 299 3512 uestimentis
317 3452 349 3511 et
363 3445 459 3513 rebus
476 3446 552 3529 alijs
572 3445 754 3530 spoliantes
774 3445 921 3529 eosdem,
945 3444 1105 3527 quendam
1120 3443 1222 3510 eciam
1240 3445 1242 3452 '

85 3572 130 3618 ex
160 3552 209 3618 eis
235 3552 380 3620 letaliter
404 3553 621 3620 uulnerantes.
644 3555 681 3620 ln
702 3554 844 3621 crastino
860 3559 968 3620 autem
985 3552 1130 3621 eiusdem
1148 3553 1222 3640 diei,

85 3661 153 3727 hoc
171 3669 222 3728 est
237 3661 354 3745 quinta
379 3662 462 3728 feria
486 3664 634 3748 proxima
652 3661 752 3747 ijdem
769 3662 885 3728 famuli
901 3660 1059 3728 dictorum
1076 3661 1222 3726 Predica·

84 3779 211 3852 torum,
235 3769 411 3854 assumptis
432 3771 579 3855 pluribus
600 3770 824 3854 complicibus,
850 3769 891 3836 de
907 3769 1061 3834 mandato
1078 3766 1221 3834 domino-

83 3897 163 3943 rum
192 3896 324 3944 suorum
356 3897 428 3945 oum
454 3877 598 3964 gladijs‚
629 3883 662 3944 et
686 3875 844 3963 fustibus,
869 3897 908 3942 ac
925 3877 1048 3944 lanceis
1063 3875 1223 3940 irruerunt

83 4004 195 4070 super
209 3991 338 4071 portam
356 3985 508 4071 ipsorum,
532 3992 564 4050 et
580 3984 716 4051 eandem
741 3991 867 4071 portam
884 3983 1088 4068 confringere
1104 4001 1220 4050 conan-

81 4109 149 4187 tes,
182 4098 417 4180 attemptantes
444 4093 616 4162 extrahere
640 4093 816 4162 scruitores
835 4093 974 4160 Abbatis
990 4099 1022 4159 et
1038 4091 1223 4160 Oonucntus

82 4207 127 4272 ‹le
145 4203 314 4291 claustro,
338 4209 369 4272 et
393 4203 505 4290 peiora
529 4201 689 4288 prioribus
714 4201 747 4268 in
772 4201 920 4288 personis
946 4203 1088 4288 ipsorum
1115 4199 1223 4268 lacere

82 4313 310 4384 conabuntur.
335 4310 440 4398 Super
455 4312 580 4396 quihus,
609 4330 705 4394 quum
724 4311 767 4378 ad
786 4309 981 4397 peticionem
997 4309 1099 4396 ipsius
1116 4310 1223 4378 Abba-

79 4427 127 4491 tis
157 4429 197 4490 et
220 4421 357 4487 fratrum
384 4441 514 4486 suornm
542 4417 623 4487 duras
640 4440 805 4506 personas,
839 4417 993 4488 videlicet
1024 4418 1222 4505 presbiteros

79 4529 184 4600 chori
212 4529 317 4595 nostri
338 4529 541 4596 misissemus
557 4529 599 4593 ad
616 4526 810 4612 ridendum3
836 4525 936 4612 ijdem
952 4525 1123 4613 presbiteri
1141 4524 1221 4590 redi-

78 4648 183 4714 entes
219 4637 265 4704 ad
298 4657 357 4702 nos
374 4636 569 4718 retulerunt,
602 4635 686 4718 quod
712 4636 790 4701 dicti
817 4633 1040 4703 Predicatores
1066 4633 1223 4736 derebus

569 4749 575 4760 “
999 4746 1062 4808 14*
