3124 5158
896 349 1054 450 gea

414 547 506 613 iuxta
533 546 694 628 quoddam
714 544 782 632 fuls,
800 547 886 632 quod
901 546 1019 612 dicitnr
1033 545 1198 630 gradinin,
1215 544 1302 628 quod
1317 545 1416 611 eciam
1431 543 1506 608 curn'l

414 654 454 721 de
478 655 576 722 fluuio
600 655 794 739 Morchuna,
819 655 895 723 inde
920 653 963 721 ad
986 654 1119 722 fluuium
1143 655 1234 719 Zaua
1258 655 1350 720 iuxta
1374 651 1505 719 terminos

414 764 551 829 liliorum
580 763 755 847 Benedicti,
781 769 814 828 et
830 783 886 849 per
903 765 1007 848 ipsam
1023 781 1141 845 aquam
1157 761 1250 827 Zaua
1263 759 1367 828 teudit
1382 759 1505 844 superius

413 872 456 936 ad
472 867 679 956 occidentem,
695 879 727 936 et
742 871 809 937 exit
824 871 940 937 iterum
966 869 1010 935 sd
1026 869 1228 953 aquilonem,
1244 875 1276 934 et
1292 888 1418 954 semper
1433 867 1506 932 uenit

412 979 446 1045 in
470 979 553 1045 silua
578 980 610 1044 in
635 979 817 1063 quantitate
841 984 874 1044 et
890 977 999 1064 spacio
1015 984 1098 1043 terre
1114 977 1257 1044 exterius
1274 975 1467 1058 continentis,
1481 981 1504 1038 el

412 1087 561 1171 peruenit
576 1085 619 1152 ad
633 1085 765 1153 fluuium
780 1088 945 1170 Murzuna,
961 1085 1161 1170 transitoque
1175 1085 1246 1170 ipso
1264 1085 1364 1152 flnuio
1375 1085 1505 1151 llnmuna

291 1202 295 1212 '
413 1196 505 1262 uadit
522 1195 643 1262 directe
660 1215 773 1262 uersus
790 1194 926 1260 eandem
942 1195 1086 1280 plagam,
1095 1201 1128 1260 et
1144 1194 1212 1260 exit
1227 1196 1261 1262 in
1277 1193 1437 1278 quandam
1451 1192 1504 1258 ual-

412 1303 486 1384 lem,
510 1303 543 1369 in
568 1323 632 1387 qua
653 1309 701 1370 est
716 1301 1079 1388 Gramachnykpotoka,
1097 1309 1128 1368 et
1143 1322 1202 1388 per
1217 1303 1326 1388 ipsum
1342 1300 1436 1388 potok
1451 1320 1506 1385 per·

412 1409 500 1476 uenit
525 1407 568 1476 ad
594 1419 688 1497 caput
714 1412 873 1498 eiusdem;
895 1411 970 1477 inde
986 1409 1153 1478 descendit
1169 1411 1212 1476 sd
1229 1411 1325 1479 berch
1341 1415 1373 1477 et
1388 1409 1467 1477 cadit
1480 1409 1505 1472 in

412 1517 573 1600 quandam
589 1519 683 1604 viam,
699 1527 730 1586 et
744 1539 803 1605 per
818 1523 921 1604 ipsam
942 1517 1029 1586 viam
1046 1519 1196 1606 peruenit
1212 1519 1258 1585 ad
1273 1520 1397 1586 kalisto
1410 1537 1505 1602 supra·

412 1623 530 1692 dtctum
554 1627 665 1712 ibique
681 1629 879 1694 terminatur.
895 1628 934 1694 In
949 1629 1041 1695 cuius
1055 1649 1112 1714 rey
1128 1627 1315 1695 memoriam
1331 1628 1505 1694 firmitatem·

412 1753 473 1817 que
497 1740 684 1821 perpetuam
701 1745 866 1822 presentes
891 1737 1063 1824 sepedictis
1087 1736 1165 1822 filijs
1180 1737 1288 1804 Zoboo
1305 1734 1503 1803 concessimus

411 1843 534 1910 litteras
551 1843 652 1927 sigilli
667 1844 769 1912 nostri
785 1843 959 1912 munimine
975 1845 1152 1912 roboratas.
1178 1846 1298 1911 Datum
1315 1862 1398 1911 anuo
1415 1841 1505 1927 grado

411 1951 584 2020 millesime
600 1952 668 2020 00⁰
682 1954 834 2019 Lxxxr.

409 2148 548 2216 (Eredetle
568 2148 744 2220 bethsayda,
765 2151 880 2219 melyrlll
902 2169 919 2204 a
939 2151 1035 2220 peccet
1058 2152 1117 2205 mdr
1129 2152 1265 2222 lehnllott
1278 2167 1390 2206 anema.
1402 2165 1506 2202 mmcnm

788 2235 794 2246 ’
846 2241 1084 2312 henirattdrdbsn.)

928 3069 1004 3137 204.

404 3269 435 3336 A
459 3273 594 3337 thorota
617 3271 809 3336 konocntack
831 3271 1104 3357 bizonysdyleoclc,
1126 3271 1210 3355 kopp
1232 3267 1440 3354 Vadosfduoi
1454 3262 1504 3329 Pdl

476 3377 579 3445 Vodos
593 3387 672 3443 acolt
680 3378 804 3464 fdldjdt
820 3378 946 3461 Eadre,
963 3379 1079 3464 Moyse
1088 3378 1208 3462 fldaak
1223 3377 1343 3442 eladio.
1361 3376 1453 3439 1280.

510 3575 655 3643 Andreas
684 3573 894 3643 miseracione
919 3574 1040 3642 Diuina
1064 3575 1249 3662 Prepositur
1276 3585 1309 3642 ct
1333 3577 1503 3643 conuentus

404 3683 548 3750 Ecclesie
572 3682 612 3749 de
632 3682 759 3749 Chorna
790 3683 937 3749 omnibns
962 3683 995 3748 in
1013 3683 1138 3750 Christo
1155 3684 1368 3768 credentibus,
1382 3683 1422 3748 ad
1436 3696 1505 3764 quos

408 3798 576 3877 presentes
593 3789 782 3857 deuenerint
796 3791 933 3858 salutem
948 3790 981 3856 in
1003 3811 1050 3877 eo,
1069 3793 1123 3876 qui
1140 3793 1287 3858 omnibus
1299 3791 1358 3856 dat
1370 3790 1503 3856 eduam.

404 3899 457 3966 Ad
487 3901 707 3966 uniuersorum
733 3899 885 3967 noticiam
916 3901 1029 3966 harum
1060 3901 1143 3966 serie
1167 3901 1315 3967 uolumus
1340 3898 1504 3984 peruenire,

403 4008 488 4091 quod
513 4005 634 4073 Paulus
660 4007 745 4074 filius
771 4008 882 4073 Buben
900 4008 939 4074 de
955 4007 1037 4074 uilla
1052 4006 1253 4074 Vadosfolua
1266 4007 1310 4073 sb
1326 4027 1390 4073 nna
1405 4010 1503 4091 parte,

402 4115 552 4184 Andreas
566 4115 653 4184 filins
669 4117 786 4200 Moyse
800 4137 841 4183 ex
856 4118 962 4184 altera
987 4137 1093 4182 coram
1109 4115 1202 4183 nobis
1218 4117 1427 4202 personaliter
1442 4133 1505 4178 con·

402 4223 525 4309 stituti;
552 4224 638 4291 idem
663 4225 784 4291 Paulus
809 4225 970 4309 quandam
992 4223 1229 4311 possessionem
1247 4244 1339 4290 suam
1356 4225 1389 4290 in
1404 4221 1503 4288 mdcm

402 4337 489 4399 terra
504 4331 612 4399 Vodos
628 4334 827 4420 existentem,
846 4333 887 4398 dc
903 4353 967 4416 qua
983 4333 1188 4419 possessione
1203 4331 1317 4417 viginti
1328 4334 1445 4418 jugera
1454 4337 1505 4396 ter·

401 4459 508 4505 rarum
534 4442 715 4528 arabilium,
740 4462 801 4528 qne
826 4441 951 4527 prefato
975 4440 1104 4508 Andree
1128 4448 1160 4506 et
1176 4441 1323 4524 cognatis
1339 4440 1405 4506 suis
1420 4441 1502 4503 iuxta

401 4545 635 4613 continenciam
651 4548 828 4615 litterarum
847 4548 969 4614 domini
990 4548 1147 4634 Stephani
1162 4549 1399 4634 predecessoris
1414 4542 1503 4612 nostri

402 4651 561 4734 Prepositi
576 4654 773 4743 uendiderat,
784 4655 910 4724 sicutin
921 4657 1042 4722 eisdem
1052 4655 1179 4742 plenius
1196 4657 1416 4742 exprimuntur
1425 4647 1502 4741 (igy)
