3080 5160
821 307 980 416 me

341 529 426 580 mnm
442 507 653 580 consideratis
669 511 793 579 meritis
810 529 1031 598 personarum,
1046 531 1110 597 que
1136 513 1224 579 tanto
1248 511 1468 596 congruerent

339 619 427 688 oneri
441 627 474 687 et
488 619 613 707 honori,
629 619 663 686 in
678 625 711 686 te
726 625 803 686 tunc
819 618 1017 686 Canonicum
1033 617 1368 686 Gatharensemsnum
1379 616 1466 687 dire·

338 734 454 796 xerunt
469 746 668 811 consensum,
683 733 716 794 et
731 727 876 813 prelatus
892 726 973 793 Zeta
989 747 1047 794 suc
1063 733 1095 793 et
1109 726 1253 794 eiusdem
1269 727 1319 792 sui
1337 727 1467 812 college

340 836 470 904 nomine
489 843 521 903 te
545 836 578 902 in
594 835 677 902 dicto
694 834 843 922 Capitulc
858 833 893 900 in
909 835 1156 902 Antibarensem
1171 835 1463 920 Archiepiscopum

339 944 532 1032 postulando
549 945 656 1032 elegit,
671 949 704 1011 et
719 943 870 1027 eligendo
886 944 983 1010 etiam
993 943 1178 1030 postulavit.
1190 945 1289 1012 Porro
1301 964 1374 1012 cnm
1391 964 1467 1031 pre-

339 1053 398 1119 lati
404 1051 585 1140 Capitulum
596 1052 783 1120 electionem
795 1050 979 1119 huiusmodi
989 1059 1206 1138 presentatam
1216 1053 1310 1120 nobis
1321 1061 1468 1138 exparte

338 1159 480 1246 ipsorum
498 1161 718 1248 postulassent
741 1159 906 1227 humiliter
931 1160 1122 1240 confirmari,
1139 1168 1174 1228 tu
1195 1159 1306 1245 lugere
1322 1161 1460 1247 cupiens

338 1265 532 1354 presidentis
556 1289 649 1352 onus,
674 1267 746 1354 iuri,
771 1266 801 1334 si
816 1267 902 1352 quod
917 1267 975 1334 tibi
991 1288 1031 1335 ex
1047 1267 1202 1336 electione
1217 1265 1402 1336 huiusmodi
1419 1266 1463 1334 de

338 1386 372 1445 te
380 1379 541 1447 celebrata
556 1378 769 1464 competebat,
784 1379 819 1444 in
835 1377 986 1444 manibus
1001 1377 1196 1444 venerabilis
1222 1375 1333 1444 fratris
1357 1375 1465 1444 nostri

337 1486 491 1574 Episcopi
505 1485 712 1570 Albanensis,
722 1485 774 1552 cui
784 1485 845 1553 hoc
855 1485 1038 1572 specialiter
1052 1485 1276 1571 commisimus,
1288 1489 1404 1572 sponte
1420 1503 1461 1551 ac

338 1593 440 1663 libere
455 1593 638 1678 resignasti.
672 1593 740 1662 Nos
755 1592 866 1678 itaque
881 1593 1065 1662 huiusmodi
1080 1594 1298 1678 resignatione
1313 1600 1458 1678 recepte,

339 1702 380 1770 de
393 1702 523 1789 salubri,
536 1707 732 1788 uttenemur,
743 1700 928 1787 provisione
944 1702 1046 1788 ipsius
1061 1702 1206 1769 Ecclesie
1216 1703 1408 1786 cogitantes,
1427 1707 1465 1766 nt

338 1813 408 1881 eius
423 1811 546 1878 diutine
562 1809 730 1878 viduitatis
746 1811 895 1877 lacrimas
911 1809 995 1878 dono
1011 1809 1118 1878 votive
1142 1809 1375 1878 consolationis
1399 1811 1463 1878 sic·

337 1940 493 2007 caremus,
519 1919 624 2006 ipsius
647 1939 706 2005 per
730 1937 929 2004 consequens
945 1917 1123 2005 dispendiis
1139 1923 1355 2005 occurrentes,
1380 1918 1416 1984 in
1431 1922 1465 1985 tc

337 2030 442 2096 uinum
457 2027 577 2116 utique,
591 2034 625 2095 nt
640 2027 742 2094 habet
757 2027 894 2094 assertio
909 2027 1082 2114 iidedigna,
1100 2026 1260 2094 munditia
1274 2027 1342 2094 vite
1358 2031 1465 2093 etmo-

337 2157 406 2204 rum
421 2136 583 2222 gravitate
598 2135 807 2220 laudabilem,
823 2137 857 2202 in
874 2135 1100 2222 spiritualibus
1115 2133 1283 2220 providum
1300 2139 1460 2221 ettempo·

337 2247 460 2313 ralibus
476 2243 755 2332 circumspectum,
786 2242 1011 2333 dilectumque,
1028 2243 1092 2311 tuis
1108 2243 1314 2328 exigentibus
1339 2243 1459 2310 meritis

337 2351 505 2422 carissimo
529 2355 565 2422 in
589 2353 717 2421 Christo
737 2353 805 2421 lilio
820 2360 931 2422 nostro
955 2401 989 2420 ..
1008 2404 1015 2418 .
1041 2353 1122 2438 Regi
1138 2353 1250 2422 Serbie
1267 2351 1406 2440 Illustri,
1423 2371 1462 2418 ac

338 2460 433 2531 Olero
449 2469 481 2530 et
497 2463 614 2549 populo
628 2461 837 2530 Antibarensi
853 2469 1022 2549 acceptum
1036 2461 1212 2532 direximus
1222 2461 1335 2530 oculos
1344 2460 1462 2528 mentis

336 2579 453 2639 nostre.
471 2569 674 2660 Quapropter
688 2577 867 2657 sperantes,
884 2571 970 2656 quod
987 2571 1133 2658 predicta
1157 2569 1308 2639 Ecclesia
1331 2575 1461 2637 auctore

335 2681 472 2748 Domino
488 2685 542 2746 tne
556 2679 798 2766 gubometionis
813 2679 991 2748 ministerio
1007 2679 1222 2764 spiritualiter
1238 2684 1272 2746 et
1296 2685 1458 2765 tempora·

334 2789 407 2856 liter
422 2787 517 2856 donis
531 2792 639 2872 optate
654 2785 878 2872 prosperitatis
894 2785 1060 2874 gaudebit,
1079 2793 1111 2852 te
1128 2785 1170 2853 de
1185 2785 1322 2853 trabum
1336 2792 1458 2853 nostro

335 2915 404 2964 rum
429 2893 564 2964 consilio
589 2891 693 2962 eidem
717 2891 863 2962 Ecclesia
884 2893 1091 2962 Antibarensi
1116 2894 1150 2961 in
1165 2894 1453 2982 Archiepiscopnn

336 3002 531 3090 prefecimus
546 3011 580 3070 et
594 3007 766 3089 pastorem,
782 3001 905 3086 tibique
920 3000 1124 3090 postmodum
1142 3001 1280 3071 lecimus
1295 3023 1354 3090 per
1368 3023 1461 3072 vene-

334 3113 471 3180 rabilem
486 3111 620 3178 fratrem
635 3115 777 3178 nostrum
802 3158 836 3178 ..
854 3159 862 3177 .
885 3110 1081 3197 Episcopum
1096 3109 1316 3180 Tusculanum
1341 3133 1457 3180 munus

334 3220 586 3288 consecrationis
601 3218 752 3305 impendi.
769 3215 929 3296 Quocirca
944 3219 1143 3288 fraternitati
1165 3227 1220 3287 tue
1243 3241 1302 3308 pen
1326 3221 1461 3309 Aposto

335 3331 397 3398 lico
412 3329 532 3417 scripta
546 3329 747 3415 mandamus,
762 3335 918 3412 quatenns
942 3328 1124 3397 huiusmodi
1148 3331 1255 3397 coeris
1282 3331 1457 3398 iniunctum

334 3439 394 3507 tibi
409 3461 430 3506 a
444 3439 582 3508 Domino
599 3438 809 3506 ministerium
825 3438 1007 3524 suscipiens
1017 3445 1211 3526 reverenter,
1223 3437 1457 3525 adpredictam

333 3545 513 3616 Ecclesiam
541 3547 790 3616 Antiborensem
814 3548 847 3612 in
871 3546 1054 3614 bumilitate
1078 3546 1208 3634 spiritns
1232 3555 1266 3615 te
1282 3545 1457 3614 transferre

334 3671 495 3744 procures,
512 3660 543 3722 et
558 3675 690 3739 gregem
706 3653 935 3724 tibi'creditum
951 3657 1000 3722 sic
1014 3675 1132 3742 pascas
1147 3675 1295 3723 sermone
1312 3661 1345 3722 et
1360 3673 1455 3742 opere

332 3785 372 3833 ac
388 3765 547 3850 exemplo,
564 3771 594 3830 et
611 3763 728 3830 dietam
743 3763 925 3831 Ecclesiam
939 3764 1190 3832 Antibarensem
1205 3783 1358 3850 sponsam
1368 3771 1452 3830 tuam

333 3893 448 3940 ornare
470 3871 627 3940 varietate
643 3872 805 3958 virtutum,
822 3877 854 3938 et
869 3891 990 3957 augere
1005 3871 1138 3940 studeas
1164 3873 1353 3940 muneribus
1374 3873 1452 3938 celc-

331 3981 435 4049 stibus
451 3986 483 4046 et
500 3979 642 4066 terrenis,
664 3979 749 4062 quod
773 4001 815 4049 ex
839 3980 900 4046 hoc
915 3987 947 4046 et
962 3979 1036 4046 aliis
1052 3979 1117 4046 tuis
1133 3980 1198 4065 piis
1215 3979 1397 4046 actionibus
1413 3975 1453 4044 cd

333 4099 444 4157 eterna
458 4090 665 4156 tabernacula
680 4089 835 4156 merearis
850 4089 958 4156 vocari
981 4089 1016 4154 in
1043 4095 1187 4156 extremo
1213 4087 1362 4154 examine
1389 4105 1455 4153 cnm

334 4197 457 4265 electis.
473 4199 593 4267 Datum
608 4196 695 4282 apud
715 4197 857 4263 Mentem
873 4195 1065 4264 Eiasconem
1084 4195 1127 4262 X.
1147 4193 1311 4264 kalendas
1330 4196 1456 4262 Decen-

333 4304 410 4390 bris,
426 4304 636 4372 Pontificatus
652 4305 754 4372 nostri
771 4325 858 4372 anne
874 4306 1028 4373 secundo.

439 4412 477 4479 In
495 4432 522 4480 e.
538 4435 580 4480 m.
597 4411 722 4481 dilectis
738 4414 815 4484 liliis
839 4465 846 4481 .
865 4465 872 4482 .
891 4464 900 4482 .
922 4414 1165 4483 Archidiaccno
1182 4424 1214 4482 et
1230 4411 1379 4500 capitulo
1395 4413 1456 4478 An-

333 4519 502 4607 tiborensi,
517 4523 637 4609 populo
654 4524 808 4592 Civitatis
821 4525 1047 4594 Antibarensis
1073 4532 1105 4592 et
1123 4524 1285 4594 universis
1301 4523 1455 4607 Suffraga-
