3138 5164
681 310 745 379 441

144 515 181 574 et
196 506 305 592 Regni
322 506 423 574 nostri
449 507 483 572 iu
499 503 647 590 eeraioijs‘
667 509 775 574 varios
801 507 928 572 laboras
960 502 1128 570 solleroius
1144 501 1278 588 pertulit

145 623 180 681 et
195 634 392 700 erumpnas;
409 614 512 682 eniam
539 612 641 680 maria
651 609 905 698 transfretando,
921 618 953 680 et
969 612 1002 678 in
1018 611 1197 678 Romanam
1215 612 1276 677 Cu·

146 723 231 788 riam
249 721 456 804 frequencius
472 721 591 788 nostris
607 722 641 787 iu
657 721 824 805 obsequijs
841 717 1041 788 transeundo
1067 736 1107 785 ae
1123 737 1189 784 uua
1205 738 1275 802 pre·

144 829 259 896 sertim
274 829 346 896 uioe
360 829 428 896 suis
445 828 585 915 proprijs
611 829 792 914 sumptibus
808 826 963 914 expensis
973 825 1097 894 ooroins
1112 823 1177 892 sibi
1193 844 1275 894 corn·

144 937 252 1004 missa
267 955 396 1022 semper
427 935 586 1004 inuiolata
610 935 644 1002 iu
668 955 742 1004 rore
756 934 834 1003 fidei
850 933 977 1003 sedulis
1009 931 1174 1016 obsequiis
1190 949 1276 999 eom·

143 1042 316 1129 probauit:
331 1063 392 1110 uos
410 1041 621 1111 celsitudinis
647 1042 748 1128 Regia
777 1042 819 1109 de
835 1043 949 1126 grania
970 1039 1109 1126 liberali,
1129 1039 1276 1107 uolentes

144 1151 251 1235 ipsius
267 1150 416 1233 Magistri
441 1149 535 1216 Pauli
550 1149 714 1236 Propositi
747 1147 956 1216 dauoeionem
988 1153 1021 1214 et
1036 1145 1132 1214 iidem
1149 1146 1277 1232 largitis

145 1258 318 1344 benedoijs
331 1259 505 1344 ampliare,
524 1256 693 1326 intendere
709 1265 751 1344 et,
769 1264 805 1325 ut
821 1257 978 1343 congruit,
998 1274 1173 1341 repensare
1189 1254 1276 1323 daru-

144 1385 225 1452 pna,
243 1384 305 1449 que
322 1365 465 1450 pertulit,
483 1365 633 1451 plurima,
648 1366 770 1453 nostris
787 1364 955 1450 obsequijs
980 1363 1185 1449 mancipatus
1218 1359 1276 1430 (lo-

146 1493 232 1540 rone
246 1491 303 1557 per
319 1472 428 1538 obiees
445 1477 478 1537 et
492 1471 651 1556 rebelles3
675 1471 759 1539 duas
775 1471 881 1539 eidem
897 1469 993 1538 villas
1008 1471 1129 1555 Regias
1145 1471 1277 1554 liberas,

144 1599 232 1662 quas
262 1578 408 1663 hospites
439 1579 543 1662 Regni
575 1577 677 1646 nostri
708 1579 872 1664 ineoluut,
905 1577 1057 1645 videlieet
1086 1577 1229 1663 Nempty
1245 1581 1278 1642 et

147 1685 290 1772 Thouty,
305 1707 409 1773 prope
426 1686 574 1771 Corpoua
589 1685 782 1753 constitutas
804 1685 845 1752 ab
862 1704 928 1751 una
942 1691 1036 1771 parte
1051 1685 1166 1770 paneis
1181 1684 1276 1750 iuter·

144 1790 268 1877 medijs
283 1792 383 1878 villis,
401 1795 443 1860 ab
459 1791 526 1860 alia
551 1811 630 1858 uero
646 1811 746 1878 prope
772 1791 887 1858 villam
913 1789 1058 1876 Capituli
1077 1789 1274 1875 strigonien-

143 1899 203 1981 sis,
218 1896 382 1965 Zebheleb
399 1905 560 1983 uoeatam,
575 1898 715 1985 positas,
739 1899 921 1965 eollooatas
931 1903 964 1963 te
981 1896 1062 1966 sitas
1072 1917 1173 1986 supra
1189 1898 1276 1964 viam

146 2023 311 2091 magnam,
326 2023 392 2087 qua
406 2003 470 2071 itur
493 2003 529 2070 iu
544 2004 696 2071 Zebueob
712 2006 804 2070 Baua
830 2001 1135 2092 (Selmeezbtnya),
1156 2004 1209 2073 uel
1225 2025 1275 2071 ar·

145 2113 239 2196 genti
255 2109 410 2196 fodinam,
425 2110 475 2179 sio
489 2121 650 2194 uocatam,
666 2131 738 2179 oum
763 2109 895 2196 telonio,
928 2111 981 2190 uel
997 2113 1116 2178 tributo
1133 2111 1228 2178 solito
1244 2119 1276 2177 et

145 2219 269 2287 usitato
298 2217 436 2304 Regali,
470 2217 557 2301 quod
572 2218 606 2284 in
638 2217 720 2304 ipsis
751 2216 840 2303 exigi
871 2219 1040 2287 eonsueuit
1071 2219 1277 2305 abantiquo,

146 2331 320 2411 exemptas
337 2332 369 2393 et
385 2333 540 2412 exceptas
556 2347 578 2393 a
592 2323 818 2392 iurisdiooioue
839 2322 1010 2392 ouiuslibet
1026 2324 1162 2391 omuino
1174 2324 1276 2391 Gouri-

146 2433 201 2515 tis,
216 2431 271 2498 uel
285 2431 423 2518 Judieis,
440 2437 473 2498 et
487 2431 678 2518 speoialiter
693 2429 827 2500 comite
836 2431 938 2499 nostri
954 2429 994 2496 de
1009 2431 1131 2516 Zolunr,
1151 2431 1205 2516 qui
1218 2451 1276 2516 pro

147 2546 295 2624 tempore
312 2537 409 2606 luerit
433 2539 536 2625 Regis
552 2539 593 2607 da
607 2540 790 2607 Maiestatis
806 2538 940 2625 indulto,
964 2541 996 2605 iu
1013 2539 1159 2606 omnibus
1177 2537 1276 2605 oiuili·

147 2649 211 2713 bns
228 2651 261 2712 et
275 2644 499 2715 eriminalibur
530 2648 652 2735 eausis,
669 2653 736 2714 tam
752 2666 839 2713 nuno
870 2645 1099 2732 pendentibus,
1115 2665 1213 2730 quam
1226 2627 1276 2713 iu·

146 2753 240 2836 turis,
257 2751 390 2820 realiter
405 2760 438 2819 et
453 2759 613 2839 perpetuo
629 2753 826 2838 eximentes;
843 2753 901 2822 illo
917 2753 1019 2820 eeiam
1034 2773 1099 2820 uon
1116 2752 1276 2838 obstante,

147 2861 176 2926 si
195 2858 251 2943 qui
268 2856 352 2926 torte
367 2866 478 2927 nostre
492 2859 685 2927 serenitatis
704 2859 878 2947 priuilegia
904 2860 1094 2927 exhiberent
1112 2877 1208 2945 super
1223 2857 1277 2925 do·

146 2967 289 3033 uaeione
303 2965 521 3052 prodietarum
538 2965 707 3054 villarum,
735 2985 757 3033 a
773 2967 866 3035 nobi
897 2965 1061 3034 oonsirniii
1092 2965 1155 3033 sibi
1170 2965 1276 3048 iaota;

147 3073 231 3158 quia
246 3071 307 3139 etsi
324 3072 458 3140 endem
489 3089 549 3157 pro
564 3080 709 3158 tempore
739 3071 932 3156 quibusdam
963 3073 1216 3139 eouoesseriurua
1232 3069 1276 3137 ad

147 3176 304 3246 utendum
320 3183 354 3244 et
367 3174 557 3263 fruendum,
583 3179 820 3265 perpetualiter
834 3187 946 3247 tamen
961 3179 1055 3263 nulli,
1071 3187 1274 3265 preterquam

147 3283 309 3368 Magistro
324 3284 425 3353 Paulo
441 3285 608 3371 Proposito
625 3285 658 3352 in
673 3285 837 3372 presenti,
862 3293 895 3354 st
910 3286 988 3369 quia
1002 3291 1111 3352 nostre
1127 3287 1276 3354 Maiesta-

146 3393 193 3458 tis
208 3389 298 3459 bulle
314 3398 445 3475 propter
475 3391 618 3476 piurima
633 3391 675 3458 de
705 3391 828 3458 eisdem
855 3399 963 3477 preter
992 3399 1104 3460 nostra
1119 3393 1276 3461 mandata

146 3503 263 3565 nostre
276 3498 457 3566 teneritatis
487 3499 668 3585 peruioiose
684 3500 859 3568 commissa
877 3500 912 3565 in
927 3509 1090 3586 tempore,
1116 3501 1219 3584 nobis,
1235 3500 1277 3567 da

145 3603 357 3690 beneplacito
370 3605 476 3672 tooius
492 3606 595 3691 Regni
612 3609 734 3690 nostri,
767 3607 998 3677 mandantibus
1022 3610 1178 3692 abrogato
1210 3607 1277 3674 iue-

146 3716 225 3779 runt
241 3717 274 3777 et
288 3711 409 3796 ineiae;
425 3711 510 3779 rude
526 3713 555 3779 si
572 3733 637 3796 qua
649 3721 847 3798 apparerent
859 3729 957 3799 super
967 3733 1004 3781 eo
1015 3713 1187 3800 priuilegia
1198 3711 1276 3799 alia,

146 3817 208 3883 illa
223 3815 352 3900 penitus
367 3817 481 3885 inania
496 3829 529 3887 et
546 3819 675 3886 uiribus
690 3819 902 3887 deeerneutes
931 3827 1093 3905 nauata,
1118 3819 1277 3888 eoneasri·

145 3941 232 4010 mus,
248 3921 398 3992 dedimus
413 3932 445 3993 et
461 3925 656 3994 donauimur
667 3925 748 4013 sibi,
763 3927 896 4011 suisque
919 3923 1171 4011 ‘suooessoribus
1186 3928 1277 3996 bere·

146 4032 291 4116 dumque
306 4029 479 4100 heredibus
496 4032 718 4119 et'deineeps,
734 4040 891 4119 perpetuo
908 4032 1143 4118 possidendas;
1159 4033 1276 4102 dautes

146 4136 256 4204 eidem
272 4135 408 4205 liberam
435 4137 623 4206 iaeultatern
648 4137 837 4223 alienandi,
853 4138 1035 4222 uendendi,
1055 4157 1193 4222 eumque
1208 4139 1278 4207 alia

144 4244 361 4331 possesione
371 4247 577 4332 permutandi
587 4267 660 4315 eum
670 4247 903 4331 aeclesiastica,
916 4247 970 4315 uel
979 4247 1109 4333 priuata
1124 4265 1276 4332 persona,

146 4351 339 4420 donandiue
364 4353 449 4421 iuter
471 4353 579 4438 uiuos,
596 4354 650 4421 uel
665 4353 770 4421 eniam
795 4355 831 4422 iu
845 4360 1039 4423 testamento
1063 4353 1277 4437 relinquendi,

147 4457 298 4526 Eeelesie
314 4458 516 4547 nominatim,
533 4459 588 4527 uel
603 4479 742 4546 persone
767 4459 999 4547 eoelesiastioe,
1015 4459 1043 4529 si
1059 4459 1206 4547 uoluerit,
1222 4463 1276 4528 uel

146 4564 228 4651 alijs
244 4563 429 4634 homiuibus
444 4567 498 4634 uel
527 4567 673 4654 personis
689 4569 864 4656 extraneis,
881 4567 934 4638 uel
960 4567 1032 4635 suis
1047 4567 1195 4653 agnatis,
1219 4589 1277 4638 seu
1395 4593 1398 4600 ⁴
