3138 5164
856 299 1017 398 „tse-

371 495 431 562 toti
447 493 610 580 Consilio,
626 491 713 576 qnod
728 495 974 580 ambaxatorcs,
1009 495 1064 580 qni
1081 499 1157 561 suut
1183 494 1261 561 ituri
1277 497 1319 561 ad
1335 487 1489 562 ¹(lominum

370 601 496 668 Bonum
512 621 570 686 pro
586 599 674 667 dicta
690 603 871 690 occasione,
892 602 1013 669 vadant
1028 602 1070 668 ad
1086 603 1191 687 ipsum
1209 602 1372 667 dominum
1389 602 1489 667 Comi·

370 718 454 792 tem;
473 716 505 775 et
520 706 611 774 illam
628 707 884 805 excusacionem,
900 729 998 794 quam
1014 709 1135 774 facturi
1152 715 1227 776 suut
1243 729 1352 775 coram
1368 709 1490 774 domiuo

370 816 470 901 Bauo,
486 815 608 882 faciam
628 835 735 882 eoram
752 837 800 884 eo.

477 924 557 990 Item
574 921 659 989 iacto
675 925 798 1009 partito
814 941 871 1007 per
890 921 1074 1007 predictum
1091 921 1256 989 domiuum
1274 921 1491 1008 Capitonem,

370 1030 399 1096 ai
415 1029 457 1096 ob
472 1029 533 1096 hoe
549 1029 699 1096 iacienda
716 1037 765 1096 est
781 1029 893 1112 aliqua
918 1028 1070 1096 custodia
1094 1029 1135 1093 de
1158 1026 1344 1096 bominibus
1360 1031 1412 1096 vel
1428 1031 1489 1095 aui·

371 1138 533 1221 malibus,
552 1137 677 1221 placuit
692 1137 750 1202 toti
767 1137 925 1222 Consilio,
937 1137 1020 1218 quod
1033 1135 1156 1220 illi‚qni
1173 1135 1363 1202 costodiunt
1379 1145 1489 1222 portas,

369 1265 433 1310 nou
449 1244 638 1329 permittant
655 1246 743 1311 exire
759 1245 862 1311 bonas
878 1243 1028 1310 dominos
1044 1249 1137 1310 extra
1167 1251 1306 1328 terram,
1330 1265 1389 1310 seu
1405 1254 1487 1310 extra

368 1369 509 1416 ianuam.

368 1549 632 1614 (Luciucmemoric
651 1549 809 1600 storicbedi
835 1547 983 1600 Trau121.
1006 1549 1024 1599 l.
1044 1547 1067 1596 A
1090 1546 1254 1631 meunyibeu
1280 1548 1316 1598 itt
1341 1544 1484 1598 tebbsecrs

369 1639 539 1704 „praedictus
553 1638 676 1688 dominus
688 1639 867 1704 Capitanans“
884 1636 1144 1696 emlittetik,Lucius
1156 1634 1203 1700 igy
1214 1633 1284 1686 subl:
1298 1635 1334 1696 ,il
1349 1638 1482 1700 capitnnio.

369 1730 417 1778 che
431 1742 478 1779 era
490 1727 605 1780 all’hora
620 1733 649 1780 iu
663 1728 740 1779 luceo
764 1727 806 1778 del
825 1729 950 1788 Podestn,
973 1727 993 1777 il
1007 1727 1052 1776 eui
1072 1741 1151 1775 nome
1173 1737 1227 1774 nou
1254 1722 1412 1790 s'esprime.“
1428 1726 1480 1786 sib,

825 2013 1036 2021 m*-

808 2585 811 2594 ·
887 2547 963 2618 338.

365 2750 423 2815 IV.
440 2749 554 2814 Lanato
567 2693 680 2835 cisely
700 2773 740 2814 aa
758 2755 945 2838 eszleryomi
960 2753 1077 2838 eqyaoz
1085 2745 1287 2836 jobbeiqycit,
1315 2745 1472 2813 calomen

427 2880 448 2920 a
462 2857 679 2938 ozadcbiclcc,
705 2862 884 2943 megenlisiti
898 2863 972 2945 regi
987 2856 1304 2926 eaubudolmca'kbuss.
1322 2856 1413 2921 1288.

467 3050 641 3120 Ladinlaus
671 3053 736 3120 Dei
767 3055 879 3135 gracia
910 3054 1096 3140 Hungarie,
1127 3050 1312 3132 Dalmacic‚
1342 3048 1473 3128 Croacie,

361 3163 470 3243 Rome,
486 3159 610 3246 Seruio,
628 3157 779 3246 Gallicis,
796 3162 996 3250 Lodomerie,
1014 3157 1473 3246 Oumauie,Bulgariequellex

361 3267 510 3334 omnibus
538 3265 657 3334 Christi
687 3267 844 3356 fidelibus,
876 3276 1060 3354 presentem
1091 3270 1249 3354 paginam
1280 3263 1472 3350 inspecturis,

357 3373 494 3442 salutem
520 3374 554 3440 in
567 3379 676 3442 actore
692 3375 817 3442 salutis.
836 3373 1110 3460 Quoniam-Regia
1136 3371 1288 3440 conuenit
1321 3369 1475 3437 llaicstati

365 3481 597 3548 Sacrosauctas
613 3483 674 3548 Dei
701 3484 877 3569 Ecclesiae,
894 3483 928 3550 in
955 3463 1072 3568 quibus
1098 3482 1246 3566 queritur
1271 3486 1304 3544 at
1328 3477 1476 3546 inuenitur

360 3589 451 3656 salus
467 3595 500 3653 et
512 3589 609 3654 venia
625 3598 840 3678 pcccatorum,
857 3591 940 3658 sicut
955 3591 1031 3676 alijs
1047 3591 1176 3658 dotibus
1193 3597 1224 3654 et
1249 3587 1414 3672 beneticijs
1429 3585 1477 3652 sti·

359 3714 439 3780 pare
455 3695 695 3764 munificencius
712 3698 886 3780 (locaticia,
902 3697 951 3766 sic
967 3700 1069 3765 eciam
1084 3697 1118 3762 in
1128 3695 1178 3763 sui
1195 3695 1350 3762 libertale
1361 3713 1475 3761 conser-

359 3819 438 3869 uare
454 3803 588 3892 donata,
605 3811 640 3870 ut
655 3806 877 3890 possessiones
894 3812 925 3873 et
951 3807 1035 3873 bona
1052 3803 1201 3870 Ecclesia
1225 3811 1258 3870 et
1279 3801 1473 3888 jobagiones,

361 3907 404 3975 ad
420 3908 481 3976 Dei
497 3911 675 3978 Ecclesiam
692 3912 900 3998 pertinentes,
925 3913 1025 3978 nullis
1049 3909 1212 3978 iniuriosis
1239 3909 1408 3994 Comitum,
1422 3925 1471 3973 sen

357 4017 493 4084 aliorum
504 4024 703 4104 potentatum
722 4019 884 4088 laicalium
898 4019 1047 4086 distracti
1067 4017 1228 4084 interdum
1239 4018 1344 4084 eciam
1354 4013 1472 4082 citacio·
1537 4013 1538 4033 ¹

358 4124 463 4207 nibus,
477 4122 588 4192 litibus
603 4131 636 4192 et
646 4127 769 4210 pulsati
779 4126 904 4212 judicio
915 4127 1054 4214 debcant
1070 4125 1214 4194 indebite
1226 4123 1409 4191 molestari:
1425 4141 1470 4186 no·
1536 4131 1537 4195 l

357 4229 476 4296 bisDai
486 4250 544 4316 per
554 4232 698 4317 graciam
711 4233 745 4298 in
754 4239 881 4302 tronum
888 4233 992 4318 Regni
1002 4231 1186 4301 sublimatis
1196 4232 1388 4298 multociens
1398 4229 1470 4293 San·

356 4343 407 4402 cte
417 4337 648 4420 strigoniensis
675 4340 825 4407 Ecclesia
849 4363 871 4407 a
890 4341 1009 4408 nostris
1041 4338 1309 4426 antecessoribus,
1341 4335 1470 4402 felicium

355 4441 478 4527 Regum
496 4445 664 4531 Hungaric
681 4467 780 4534 super
810 4450 1005 4534 populorum
1035 4467 1165 4535 suorum
1199 4443 1412 4526 libertatibus,
1441 4441 1468 4504 in
1534 4443 1535 4521 l

356 4551 472 4634 quibus
489 4553 563 4637 ipsa
577 4555 700 4622 Sancta
714 4537 945 4640 strigoniensis
962 4555 1111 4622 Ecclesia
1140 4573 1263 4621 merum
1290 4559 1323 4619 ct
1347 4549 1467 4616 mixtum
