3124 5158
601 301 761 406 ms·

113 501 189 570 dem
207 504 353 588 Vegsar3
378 505 410 567 et
435 500 543 567 eundo
562 520 662 587 supra
677 497 721 566 ad
738 497 925 583 aquilonem
942 497 1035 566 iuxta
1050 503 1179 585 pratum
1197 503 1248 568 est

112 620 203 680 meta
219 616 327 678 terrea
344 628 440 694 noua,
464 609 517 676 vbi
543 613 629 674 mete
641 608 833 694 populorum
851 605 891 674 de
907 607 1009 674 Belelr
1026 607 1167 673 finaliter
1183 613 1246 674 ter·

112 720 301 807 minantur,
326 722 358 783 et
382 716 543 802 ineipiunt
567 721 653 781 mete
672 714 862 801 populorum
880 713 920 781 de
936 713 1073 801 Kosuk3
1097 720 1131 780 et
1147 721 1248 782 trans·

111 829 186 893 iens
209 825 364 911 paludem
395 823 439 890 ad
468 823 623 890 orientem
651 824 685 889 iu
710 828 797 890 terra
821 821 939 889 arabili
966 822 1000 887 in
1027 829 1137 888 monte
1156 823 1248 889 iuxta

112 935 203 1000 viam
232 935 293 1001 sub
309 933 423 1001 arbore
443 929 529 999 iliei's
546 937 620 1010 sunt
635 937 718 997 mete
735 928 867 1014 antique
884 935 917 996 et
933 950 1036 1013 ηοω
1061 929 1179 999 deinde
1195 929 1247 998 de·

113 1041 245 1110 seendit
259 1040 407 1124 inferius,
430 1044 462 1105 et
479 1037 571 1106 iuxta
585 1037 673 1106 viam
689 1045 739 1106 est
756 1045 843 1104 mota
859 1057 965 1122 noua;
991 1037 1112 1104 abhiue
1138 1036 1244 1104 eundo

113 1171 173 1236 per
188 1149 278 1215 uiam
293 1149 378 1214 iuter
394 1165 506 1214 nemus
516 1147 559 1214 ad
569 1146 753 1231 aquilonem
763 1146 931 1232 perueniet
944 1143 988 1212 ad
1004 1145 1109 1214 loonm
1126 1145 1245 1230 feneti;

113 1257 240 1325 abinde
266 1255 372 1324 eundo
397 1253 549 1321 similiter
573 1253 618 1320 ad
636 1255 822 1337 aquilonem
839 1253 1009 1339 perueniet
1024 1254 1066 1320 ed
1085 1253 1167 1321 duas
1184 1275 1247 1322 me·
1275 1263 1279 1274 ’

112 1373 167 1432 tas
184 1369 326 1444 veteres,
350 1362 405 1429 vbi
420 1381 485 1428 vna
501 1369 553 1429 est
567 1381 663 1449 noua,
688 1369 720 1429 et
736 1359 891 1428 finiuntur
906 1368 992 1428 mete
1008 1359 1246 1428 Grueiierorum

112 1473 158 1538 de
173 1471 291 1555 Dada,
321 1475 354 1536 et
379 1469 556 1554 iunguntur
581 1469 676 1536 metis
701 1469 895 1554 populorum
920 1467 962 1535 de
987 1468 1103 1552 Dada3
1128 1467 1247 1535 abhinc

111 1579 209 1648 vadit
226 1579 270 1644 ad
286 1577 457 1663 orientem,
473 1576 533 1650 sub
551 1576 666 1642 arbore
682 1575 746 1660 piri
767 1582 842 1642 sunt
857 1581 941 1643 mete
956 1575 1091 1658 antique
1100 1581 1134 1642 et
1143 1595 1248 1657 ηοω

113 1687 238 1755 dehine
254 1685 361 1767 vergit
379 1682 529 1752 similiter
543 1682 587 1750 ad
602 1682 770 1768 orientem,
794 1689 826 1750 et
844 1683 939 1750 trusit
961 1681 1065 1750 looum
1081 1682 1191 1768 lereti,
1217 1689 1249 1748 et

113 1794 208 1864 vadit
223 1794 259 1860 in
275 1792 331 1859 uia
345 1811 469 1878 parum,
495 1811 590 1874 quam
615 1789 779 1856 transiens
806 1790 953 1858 aseendit
977 1789 1021 1856 ad
1036 1789 1247 1858 monticulum

113 1899 343 1983 adorientem,
365 1897 421 1964 vbi
446 1902 521 1962 snut
548 1903 631 1962 mete
655 1897 788 1979 antique
809 1903 842 1964 et
857 1917 961 1982 ηοω
986 1897 1106 1964 abhine
1132 1916 1247 1983 parum

112 2005 224 2075 eundo
250 2004 344 2074 iuxta
358 2007 445 2074 viam
462 2012 535 2072 sunt
550 2011 635 2071 mete
651 2005 787 2088 antiqua
812 2011 843 2072 et
858 2025 953 2087 noua,
976 2006 1032 2073 vbi
1047 2011 1131 2072 mete
1147 2026 1247 2092 popu-

113 2119 221 2184 lorum
249 2115 291 2182 de
310 2115 407 2182 Dads
421 2114 594 2201 finiuntur,
621 2120 652 2181 et
669 2115 813 2200 iungitur
828 2115 922 2183 metis
938 2114 1173 2183 Cruoiferorum
1189 2113 1246 2179 ite·

113 2230 208 2308 rato;
232 2223 352 2291 abhino
368 2222 493 2290 aceedit
509 2243 621 2292 versus
637 2223 810 2311 orientem,
833 2225 887 2291 vbi
914 2231 990 2292 suut
1013 2229 1099 2291 mete
1115 2222 1248 2308 antique

114 2341 148 2398 et
163 2351 272 2417 ηοω
296 2337 329 2398 et
345 2331 394 2397 sie
409 2337 495 2397 mete
511 2329 745 2398 Oruoiferorum
762 2330 927 2419 finiuntur,
951 2339 983 2398 et
1008 2330 1122 2417 iueipit
1138 2335 1249 2397 tenere

115 2445 224 2507 metas
241 2459 313 2505 eum
329 2444 418 2504 terra
433 2437 580 2522 Belyud3
598 2445 631 2505 et
645 2437 751 2506 eundo
768 2455 881 2507 versus
896 2439 1063 2507 meridiem
1080 2445 1155 2506 sunt
1165 2443 1249 2504 mete
1304 2517 1306 2522 ,

115 2548 255 2631 antique
272 2553 304 2612 et
320 2567 425 2630 ηοω
450 2545 569 2613 abhine
585 2545 691 2614 eundo
708 2544 751 2612 ad
768 2545 965 2616 ooeidentem
992 2553 1068 2614 suut
1092 2546 1146 2614 vie
1161 2546 1247 2613 anti·

61 2697 68 2703 -
113 2675 182 2739 que
198 2661 233 2720 et
247 2675 353 2738 ηοω
378 2651 494 2720 dehine
511 2653 618 2720 eundo
636 2653 678 2720 ad
693 2653 861 2721 meridiem
885 2674 945 2739 per
963 2655 1052 2722 uiam
1072 2658 1148 2721 sunt
1164 2659 1248 2718 mete

116 2764 259 2846 antiqua
276 2767 308 2827 et
322 2781 429 2846 ηοω
450 2761 572 2828 abhine
591 2761 736 2828 declinat
751 2761 795 2829 ad
811 2763 977 2846 orientem,
1002 2763 1058 2829 vbi
1075 2766 1151 2828 sunt
1166 2765 1250 2826 mete

115 2869 258 2952 antiqua
273 2875 307 2935 et
321 2887 426 2954 ηοω
448 2867 524 2936 iude
545 2866 726 2953 proeedeus
752 2887 864 2936 versus
889 2867 1056 2935 meridiem
1074 2873 1150 2949 sunt
1165 2873 1250 2934 mete

115 2977 257 3061 antiqua
274 2982 307 3044 ot
321 2995 407 3042 noua
416 3025 426 3062 ,
451 2980 483 3043 et
503 2974 551 3042 sie
567 2981 651 3042 mete
666 2981 750 3044 terre
766 2975 894 3063 Belyud
909 2973 1072 3060 finiuntur,
1090 2983 1121 3043 et
1137 2974 1251 3060 inoipit

115 3090 232 3152 tenere
249 3088 353 3150 metas
369 3101 442 3148 eum
459 3081 631 3176 Proposito
647 3079 687 3148 de
701 3081 934 3150 Bukensumlio
956 3079 1248 3167 (Bakonsomlyo);

115 3190 242 3259 abhinc
257 3189 364 3274 vergit
379 3208 492 3256 versus
518 3187 683 3256 meridiem
707 3209 766 3275 per
790 3191 961 3258 continuas
977 3197 1081 3258 metes
1097 3190 1250 3272 antiquas

117 3306 152 3364 et
166 3316 286 3382 nouas,
310 3302 343 3361 et
357 3294 507 3380 peruenit
522 3294 566 3362 ad
582 3301 684 3363 metas
700 3299 885 3381 angulares,
909 3296 963 3364 vbi
983 3302 1033 3364 est
1049 3302 1136 3364 meta
1147 3315 1249 3382 noua,

118 3405 220 3471 etsie
237 3409 321 3471 mete
338 3403 499 3488 Prepoeiti
526 3399 566 3469 de
591 3403 833 3472 Bukensumlou
858 3403 1009 3470 liniuntur
1024 3411 1058 3472 et
1072 3404 1251 3488 iunguntur

117 3510 220 3576 metis
236 3510 394 3577 nubilium
412 3509 452 3577 de
468 3509 557 3593 Vzd;
581 3508 700 3578 abhiuo
715 3509 894 3596 procedens
913 3511 957 3578 ad
978 3510 1144 3578 meridiem
1160 3513 1266 3578 iuxta*

118 3617 278 3703 paludem
303 3625 379 3686 sunt
404 3625 490 3686 meto
513 3616 650 3702 antiqua
668 3625 701 3687 et
718 3639 822 3703 ηοω
848 3619 967 3686 deinde
986 3619 1095 3686 reniet
1110 3617 1154 3684 ad
1171 3619 1250 3684 ooei·

117 3724 251 3792 dentem
277 3725 321 3794 ad
345 3725 487 3811 quinque
511 3731 617 3794 metas
642 3727 794 3810 antiquas
830 3733 862 3794 et
893 3747 988 3795 ruam
1019 3747 1156 3811 uouem3
1196 3726 1251 3792 ab·

118 3832 199 3899 hine
231 3853 345 3920 pamm
370 3832 476 3902 eundo
499 3839 576 3902 suut
594 3842 679 3902 mete
704 3836 840 3919 antiqua
867 3842 899 3902 et
918 3847 1021 3922 uoue';
1045 3833 1163 3902 deinde
1178 3851 1250 3919 pro·

117 3938 208 4008 eedit
227 3957 341 4008 versus
356 3939 544 4022 meridiem,
577 3943 633 4009 rbi
659 3949 734 4010 sunt
758 3949 844 4010 mete
868 3943 1003 4028 antique
1019 3949 1052 4010 et
1067 3961 1171 4024 noua;
1195 3939 1249 4008 de·
1281 4031 1285 4036 Ι

117 4067 208 4114 mum
234 4047 375 4116 tendens
400 4069 514 4118 versus
533 4049 745 4137 occidentem,
774 4050 830 4118 rbi
853 4057 928 4119 sunt
952 4057 1036 4119 mete
1060 4049 1197 4133 antiqua
1218 4053 1252 4116 et

117 4174 226 4239 ηοω
267 4163 300 4221 et
324 4153 401 4224 inde
425 4157 572 4241 proee'dit
595 4175 708 4226 versus
734 4157 899 4224 meridiem
914 4159 948 4224 in
965 4156 1020 4225 via
1036 4155 1080 4224 ad
1096 4163 1262 4239 magnum

118 4263 295 4349 fossatum,
321 4263 376 4330 vbi
391 4268 476 4332 mete
491 4265 648 4334 nobilium
672 4263 714 4333 de
738 4265 807 4334 Vud
824 4267 1002 4352 finiuntur,
1026 4273 1059 4334 et
1074 4265 1251 4345 iunguntur
1338 4335 1347 4350 ,

119 4369 217 4438 metis
233 4377 322 4438 terre
338 4371 480 4458 Capituli
495 4372 669 4460 Albensis‚
693 4375 750 4443 vbi
775 4380 852 4440 sunt
876 4381 942 4441 tres
968 4379 1053 4440 mete
1077 4378 1204 4437 veteres
1220 4377 1252 4435 et

118 4495 308 4562 vnamoua3
341 4478 460 4548 dehine
491 4499 549 4566 per
579 4481 737 4549 fossatum
763 4481 868 4548 eundo
893 4480 936 4546 nd
963 4478 1160 4546 oeoidentem
1174 4481 1249 4544 sunt

119 4585 185 4652 due
204 4591 292 4652 mete
306 4592 434 4654 veteres
459 4595 490 4654 et
509 4608 575 4656 rua
590 4608 697 4673 ηοω
722 4593 753 4655 et
769 4587 816 4655 sie
831 4586 979 4655 eudendo
995 4585 1039 4654 ad
1054 4585 1143 4664 uiam
1158 4583 1251 4654 redit
