3118 5158
537 355 696 454 Q

48 573 136 637 mcs;
161 549 222 618 sed
236 551 266 618 si
281 550 338 634 qni
353 549 519 617 accionem
545 550 689 633 eliqnem
714 549 836 616 hebent
860 549 913 616 vel
929 547 1051 616 hebere
1067 549 1176 616 volue-

53 659 114 724 rint
129 664 245 725 contre
259 659 368 744 ipsos;
394 677 458 723 non
483 657 569 724 elice
593 655 657 724 nisi
682 656 716 722 in
730 663 842 723 nostru
857 655 955 723 (iuria
982 655 1109 741 possint
1125 655 1179 722 vel

52 765 190 832 debeant
215 763 399 832 conuenire.
438 763 531 831 Vnde
561 762 655 830 eliud
683 763 792 831 iecere
821 782 886 829 non
912 781 1081 851 presumas
1112 762 1180 830 silo

52 870 153 940 modo.
188 873 310 938 Datum
336 869 429 938 Bnde
453 877 571 954 quarto
596 869 648 938 die
671 869 772 938 Beate
788 869 916 955 Agathe
931 869 1068 955 virginis
1093 887 1179 938 enno

62 977 190 1044 Domini
206 977 426 1048 M⁰OO⁰LXX⁰
442 977 564 1063 quinto.

54 1153 188 1224 (Fredetie
201 1153 368 1223 b'c'rhirtyin
381 1154 552 1224 megrcngiit
565 1154 743 1222 dllepotbnm
763 1170 780 1204 c
794 1150 873 1206 htrul
887 1155 939 1206 cde
950 1159 1072 1221 nyomott
1084 1150 1180 1220 pecedt

264 1247 403 1308 eirenem,
422 1263 440 1298 c
452 1248 535 1299 budei
552 1247 601 1296 kir.
616 1247 739 1296 knmcrui
752 1240 965 1310 leveltdriben.)

592 1847 644 1916 78.

58 2046 109 2110 IV.
124 2047 240 2114 Mezze
255 2048 365 2132 kirdly
390 2071 411 2110 a
427 2046 626 2132 maptulocul
648 2045 744 2110 elhalt
760 2041 854 2128 Gyele
878 2045 1022 2111 ezolcoki
1037 2042 1183 2128 ourjoot

57 2157 118 2238 ἄρῃ
143 2156 174 2219 de
199 2151 310 2218 detor
339 2154 493 2239 hadnapy
524 2150 659 2217 Scolcok
690 2151 912 2238 odrmepydbec
933 2149 1035 2236 feteo
1050 2148 1128 2218 Oeen
1152 2151 1184 2216 6⁸

61 2245 166 2325 {irmez
179 2269 322 2324 ceeezetii
333 2257 579 2364 pueztafiildeit
603 2281 624 2322 α
640 2259 728 2324 Kura
744 2256 963 2343 cemzeteepbdl
978 2257 1051 2322 calo
1066 2257 1185 2341 Pucyit

230 2365 354 2449 fiducie
371 2363 601 2430 Abruhdmcak
626 2365 872 2450 adomdcpozza.
900 2365 997 2430 1275.

160 2562 229 2628 Nos
245 2558 421 2626 Lcdizlcns
436 2559 499 2625 Dei
514 2559 625 2644 grecie
640 2555 710 2624 Rex
725 2557 893 2642 Hungerie
916 2553 1071 2624 memorie
1096 2576 1181 2624 com·

56 2667 246 2733 mundantes
272 2666 494 2750 significemus
526 2664 687 2733 rniuersis
712 2665 918 2750 presencium
944 2685 1004 2750 per
1027 2671 1185 2748 tenorem,

52 2772 138 2856 quod
153 2771 321 2861 {inspectis
347 2773 560 2841 fidelitatibus
588 2773 778 2857 etseruicijs
794 2772 931 2840 Comitis
953 2773 1096 2838 Abrcam
1121 2771 1182 2856 filij

57 2878 171 2946 Ponith
188 2878 231 2946 de
246 2899 367 2964 genere
382 2881 480 2966 Kete,
505 2900 568 2964 qne
583 2881 677 2948 nobis
695 2880 841 2947 exhibuit
857 2886 890 2947 et
905 2877 1064 2965 inpendit,
1088 2898 1186 2962 qnes-

58 2987 128 3051 dcm
154 2993 258 3055 terres
286 2987 390 3073 Gyeie
410 2985 599 3071 jobagionis
620 2987 729 3054 Cosiri
745 2983 786 3054 de
805 2986 939 3073 Zonnk,
964 2992 997 3053 et
1022 2984 1186 3052 Gabrielis

56 3091 187 3160 ditioris
202 3091 376 3161 Exercitus
400 3093 470 3161 sine
484 3093 608 3162 herede
632 3091 874 3178 decedencium,
898 3089 988 3160 enen
1012 3100 1044 3160 et
1059 3092 1185 3158 Wlmen

57 3205 190 3267 rocctcs
214 3201 250 3266 in
267 3199 431 3267 Oomitctn
447 3199 488 3268 de
503 3199 619 3266 Zonnlr
645 3201 841 3284 existentes,
865 3219 987 3268 vacuas
1013 3207 1045 3266 et
1062 3198 1187 3266 hebitu-

59 3305 179 3374 toribus
205 3306 399 3390 destitutas,
432 3309 517 3374 sicut
542 3308 633 3374 nobis
669 3329 727 3393 per
750 3307 877 3374 litterae
903 3305 1045 3392 Capituli
1071 3305 1187 3372 Wese-

61 3411 178 3480 diensis
196 3413 307 3481 extitit
323 3411 510 3499 euidenter,
528 3413 633 3480 eidem
650 3413 769 3481 Comiti
784 3413 929 3481 Abraem
939 3411 1097 3498 dedimus,
1115 3432 1188 3479 eon·

59 3519 190 3588 tulimus
207 3528 241 3589 et
256 3519 448 3588 tradidimus
464 3519 539 3604 jure
554 3530 711 3607 perpetuo
736 3521 870 3606 pacifice
895 3519 1130 3606 possidendam
1155 3527 1189 3586 et

55 3626 99 3691 ed
114 3629 318 3714 corporalem
333 3627 576 3714 possessionem
595 3627 757 3696 dictarum
774 3636 934 3696 terrerum
960 3627 1066 3714 ipsum
1083 3627 1187 3694 (iomi-

60 3734 292 3828 temAbrcsm
311 3752 371 3819 per
386 3733 544 3802 Comitem
570 3733 742 3802 Nicolaum
766 3735 868 3802 filium
894 3734 991 3819 Tyba
1016 3737 1076 3802 snb
1098 3735 1192 3800 testi·

60 3841 161 3908 monio
187 3839 329 3927 predicti
349 3840 492 3928 Capituli
507 3839 642 3910 fecimus
666 3842 838 3929 introduci,
863 3842 954 3909 nullo
971 3843 1100 3927 penitus
1115 3862 1190 3909 con·

57 3949 235 4017 trudictore
259 3957 457 4036 cppcrente3
480 3957 575 4035 prout
597 3949 632 4016 in
657 3935 778 4019 litteris
804 3949 885 4017 dicti
915 3949 1059 4035 Capituli
1074 3949 1188 4014 Wcre-

57 4054 180 4126 diensis
204 4055 348 4125 vidimus
365 4056 533 4125 contineri.
557 4056 734 4146 Adicimus,
760 4057 846 4142 qnod
872 4057 1081 4142 presentibus
1095 4055 1190 4124 nobis

60 4164 236 4248 reportatis
250 4169 396 4230 nostrum
415 4162 539 4232 eisdem
555 4163 763 4251 priuilegium
779 4163 990 4232 conteremus.
1015 4163 1136 4228 Datum
1153 4164 1189 4230 in

58 4268 141 4354 relic
156 4269 287 4337 Zuloulr
302 4269 387 4338 ferie
404 4277 500 4338 sexte
516 4279 592 4358 post
608 4276 739 4340 octuncs
755 4271 1021 4341 Beatiiohennis
1036 4271 1192 4358 Baptiste.

60 4377 152 4445 Anno
167 4378 302 4446 Domini
317 4379 537 4448 nucum
553 4379 677 4464 quinto.

55 4537 87 4602 {L
100 4540 182 4606 laios
198 4537 345 4608 kiriiynnk
365 4543 480 4610 milri
500 4541 662 4611 megerdnitd
682 4539 825 4604 leveldde
846 4541 920 4608 meiy
938 4542 1093 4594 credetiben
1112 4557 1191 4609 meg·

109 4645 161 4682 rsn
175 4645 215 4697 gr.
230 4631 334 4698 Gynlsi
346 4633 431 4684 Leios
444 4629 598 4708 kolossvdrj
611 4627 807 4694 lereltirtbcn,
822 4629 896 4684 terli
909 4629 997 4683 Suebo
1011 4627 1135 4697 Kdroly.)

515 4791 726 4805 --=-
