3140 5150
789 253 949 354 jou

305 453 377 520 ensi
399 451 454 520 uel
478 449 672 520 offioislibus
696 449 844 520 eiusdem
866 455 1025 520 statueret
1049 448 1156 518 eidem
1173 445 1300 536 [Gomiti
1325 447 1438 518 Oehua

304 560 553 647 possidendam,
578 559 675 627 metis
700 559 793 628 nouis
819 558 913 626 iuxta
938 564 1066 626 ueteres
1090 559 1216 626 urentis.
1240 557 1309 626 Nos
1333 557 1437 644 igitur

304 669 405 753 Regio
421 665 633 736 celsitudinis
648 666 801 734 mandeto
817 671 1012 754 reuerentes,
1036 673 1072 733 ut
1090 673 1246 752 tenemur,
1264 685 1436 736 ooeurren-

305 784 365 864 tes,
389 776 552 843 bominem
568 780 714 841 nostrum
730 776 833 844 vbnm
848 774 1012 860 ydoneum
1026 793 1100 841 eum
1124 771 1237 841 eodem
1257 774 1365 843 Zeeob
1379 774 1434 842 bo·

305 883 392 950 mine
408 884 530 952 domini
547 883 645 966 Regis
664 883 808 952 misimus
828 885 869 950 ad
890 885 997 970 ipsum
1012 884 1184 968 negocium
1199 885 1436 968 exequendum.
1502 879 1514 906 '

305 991 369 1070 Qui
384 991 428 1057 ad
443 1011 503 1058 nos
520 1009 669 1059 reuersus
686 991 796 1058 retulit
813 1012 871 1076 per·
886 975 946 1058 nos
965 993 1158 1075 requisitus:
1180 991 1269 1077 quod
1285 991 1320 1058 in
1332 991 1436 1078 ipsius

305 1100 477 1184 presencia
492 1099 579 1166 idem
595 1097 691 1167 homo
707 1098 830 1166 domini
847 1101 955 1185 Regis,
981 1100 1188 1186 presentibus
1213 1108 1246 1166 et
1272 1100 1435 1169 eonsenei-

305 1207 433 1275 entibus
449 1227 488 1274 ao
504 1207 765 1291 permittentibus
785 1207 914 1274 Abbate
933 1208 1130 1292 Zaladiensi,
1156 1207 1287 1290 Bulbur
1303 1208 1435 1276 otfieiali
1543 1215 1544 1220 ’

306 1313 453 1382 eiusdem
469 1314 666 1399 Monasterij‚
691 1315 856 1402 Johanka,
873 1315 1051 1383 Laurenoio
1068 1322 1100 1382 el
1115 1315 1275 1400 Lorando‚
1303 1335 1343 1382 ae
1359 1315 1433 1402 nlijs

306 1421 534 1507 iobegionibus
550 1422 654 1508 ipsius
671 1423 816 1492 Eeolosie
832 1423 998 1491 statuisset
1014 1423 1120 1510 ipsam
1131 1431 1250 1490 terram
1267 1423 1302 1489 in
1313 1422 1433 1489 eisdem

305 1529 449 1614 antiquis
466 1529 560 1596 metis
576 1528 716 1597 elnonis
732 1529 973 1598 iuxtaeasdem
999 1531 1125 1614 erectis,
1149 1531 1299 1616 predioto
1317 1529 1433 1596 (domiti

305 1637 415 1706 Onhnu
431 1637 500 1703 inre
516 1642 670 1722 perpetuo
692 1637 932 1725 possidendam,
948 1639 1041 1705 nulla
1065 1638 1195 1724 penitus
1220 1637 1432 1706 eontradieoi·

306 1764 367 1814 one
383 1743 555 1811 mediante.
581 1743 682 1811 tinius
699 1743 830 1828 quidem
847 1751 932 1813 terre
949 1751 1105 1814 meierum
1123 1746 1295 1812 distinoeio
1322 1745 1434 1831 insipit
1543 1811 1544 1824 2

305 1856 348 1922 ab
364 1850 530 1920 subidente
545 1853 580 1918 in
595 1857 705 1920 monte
730 1873 751 1918 a
778 1852 920 1938 quedam
944 1873 1066 1938 magna
1093 1855 1209 1922 arbore
1232 1853 1321 1922 iliois
1344 1854 1432 1920 iuxta
1543 1849 1544 1932 ξ

305 1963 392 2030 uiam
409 1981 560 2046 magnam
577 1961 757 2048 existentis,
773 1961 808 2027 in
825 1967 954 2046 quaest
970 1963 1253 2048 metuanguleris3
1271 1961 1352 2029 inde
1362 1981 1430 2048 pro-
1543 1987 1544 2052 u

306 2069 393 2138 cedit
408 2068 451 2135 ad
467 2069 623 2136 orientem
638 2087 739 2154 penes
759 2065 938 2152 virgultum
963 2069 1006 2135 ub
1032 2069 1207 2154 eqnilone,
1231 2077 1263 2137 et
1287 2069 1432 2156 peruenit
1543 2057 1544 2114 l

307 2176 349 2244 ad
365 2175 445 2244 dnae
461 2184 564 2242 metas
580 2180 722 2260 terrens;
747 2174 864 2242 dehine
890 2174 1059 2242 deseendit
1084 2175 1206 2244 diroote
1233 2197 1293 2262 per
1315 2183 1429 2246 terram
1543 2183 1544 2244 f

306 2284 465 2353 arabilem
490 2285 534 2352 ad
561 2283 737 2368 orientem,
763 2290 795 2350 et
813 2283 1009 2368 pertransita
1025 2281 1166 2367 quadum
1181 2284 1314 2370 publiea
1330 2293 1430 2352 strate
1543 2335 1544 2352 i

305 2393 397 2460 uenit
412 2391 455 2457 ud
471 2391 554 2458 duas
571 2397 670 2459 metas
686 2397 810 2457 terreas
825 2391 859 2456 in
876 2390 1078 2457 extremitate
1105 2389 1204 2458 teneti
1219 2393 1429 2479 constitutas;
1543 2425 1544 2428 ¹

284 2569 288 2576 ,
305 2499 426 2569 abinde
441 2498 558 2565 inuidit
573 2499 608 2566 in
624 2518 746 2584 numus,
771 2519 835 2582 quo
852 2498 970 2564 direote
985 2499 1171 2584 protendito
1197 2499 1314 2566 incidit
1329 2501 1363 2566 in
1378 2501 1429 2566 flu·

306 2609 394 2674 nium
410 2607 503 2690 Zela,
528 2615 561 2673 et
586 2606 632 2672 ibi
658 2605 858 2673 terminatur.
890 2607 928 2672 In
955 2605 1045 2672 onius
1070 2607 1147 2674 faeti
1167 2626 1224 2674 seu
1240 2609 1427 2677 stetueionis

306 2713 494 2782 memoriam
519 2715 767 2798 firmitatemque
801 2719 988 2809 perpetuam
1017 2721 1184 2800 presentes
1212 2715 1427 2784 oonoessimns

306 2823 434 2890 litteras
465 2819 567 2906 sigilli
599 2821 708 2890 nostri
736 2819 913 2889 munimine
951 2823 1144 2909 roboratas,
1183 2843 1270 2890 anno
1300 2821 1425 2891 Domini

306 2929 523 2998 M⁰cc⁰Lxx⁰
540 2929 687 3015 septimo.

307 3109 443 3177 (Eredetie
462 3107 637 3178 bbrbdrtydn,
657 3126 674 3161 o
687 3107 764 3162 httul
783 3110 835 3162 ode
848 3115 970 3176 uyomott
987 3109 1080 3178 peesdt
1093 3111 1233 3176 oinomeli,
1252 3127 1269 3162 a
1282 3109 1363 3162 budni
1377 3108 1427 3160 kir.

710 3201 831 3253 kamarai
845 3197 1036 3265 lerelttrbau.)
1119 3209 1124 3216 '
