3080 5160
581 295 738 396 *es-s*

98 491 211 560 lesimo
236 489 454 559 ducentesimo
479 491 676 577 octagesimo
708 490 827 576 tercio,
852 491 956 578 Regni
981 497 1089 561 entem
1118 495 1221 562 nostri

100 621 187 668 anno
203 599 383 668 undecimo.

102 797 241 862 (Eredctie
259 797 464 866 bbrbsirtydn,s
486 800 570 868 iflggd
592 799 686 870 pessit
698 801 845 864 elucerettr
859 814 876 852 s
889 800 972 852 berlai
986 800 1037 852 kir.
1051 800 1176 853 kamsral
1185 801 1222 854 lo·

579 889 741 958 velts'srben.)

555 1147 768 1160 Ἥ

621 1610 696 1682 251.

43 1867 45 1874 -
95 1817 155 1884 IV.
171 1816 287 1884 Laeto
309 1813 420 1898 kirtly
431 1808 746 1901 sdsepyceradkdoelo
771 1810 948 1878 Eodrdaelr
965 1813 1029 1879 oda
1043 1813 1114 1881 tetii
1134 1811 1221 1882 Vita·

312 1923 363 2004 lle,
380 1921 511 1986 Hearilr
519 1921 639 2004 fiducie
655 1930 754 1988 besses
761 1921 886 2006 jacuit.
905 1922 1002 1987 1283.

204 2122 271 2189 Nos
295 2119 469 2188 Ladizlaus
493 2117 554 2184 Dei
570 2119 685 2202 gracia
698 2119 768 2186 Rex
785 2118 925 2204 Vngarie
941 2119 1157 2205 significamus
1174 2128 1220 2191 te·

91 2251 175 2300 nore
199 2230 402 2317 presencium
425 2227 593 2315 uniuersis,
619 2225 704 2310 quod
728 2227 762 2294 in
786 2229 947 2294 communi
963 2230 1218 2314 congregacione

94 2339 263 2406 Beronum
275 2346 307 2406 et
315 2337 478 2406 Nobilium
490 2337 592 2421 Regni
602 2339 714 2421 nostri,
725 2336 819 2404 nobis
836 2357 908 2404 cum
924 2337 1223 2408 eisdenBsronibns

91 2445 299 2529 sedentibus,
312 2446 461 2514 Andreas
477 2444 564 2512 filius
577 2445 708 2531 Chopou
727 2445 842 2514 Comes
853 2445 1083 2530 armigerorum
1099 2455 1221 2515 nostro·

90 2575 178 2642 rum,
190 2575 326 2639 surgens
342 2554 375 2622 in
390 2553 530 2620 medinm
545 2553 712 2640 proposuit
727 2553 962 2640 conquerendo,
971 2554 1059 2640 quod
1074 2553 1216 2626 lacobus

88 2663 266 2731 etVitalus
276 2663 332 2748 filij
344 2662 470 2730 Herrioi
485 2663 576 2730 balbi
592 2661 828 2748 possessionem
845 2681 938 2728 suam
954 2663 1046 2730 Paah
1069 2677 1217 2736 vocatam

87 2771 360 2839 inmiserabiliter
378 2771 622 2856 destruxissent,
650 2772 817 2856 equaoiam
842 2771 944 2858 ipsius
959 2793 1099 2841 numero
1110 2781 1219 2861 scptu·

85 2881 212 2967 aginta
235 2887 302 2950 tres
328 2889 360 2948 et
384 2879 465 2950 duos
491 2879 666 2948 destrarios
691 2881 878 2949 emissarios
903 2881 936 2948 in
965 2881 1108 2969 eisdem;
1143 2881 1221 2950 item

83 2989 314 3075 quadraginta
328 3010 445 3078 peoora
460 2990 494 3057 in
509 2989 612 3058 bobus
626 2996 657 3056 et
673 2989 705 3056 in
720 2989 840 3076 vaceis,
852 3011 891 3060 ao
902 2990 969 3059 alla
985 2994 1070 3060 bona
1086 2992 1220 3060 mobilia

83 3107 119 3166 et
138 3095 321 3166 ¹inmobilia
344 3100 379 3166 in
403 3100 478 3184 ipsa
500 3096 711 3184 possessione
735 3098 865 3184 penitus
889 3099 1075 3188 auferendo,
1092 3109 1218 3187 septem

82 3205 400 3290 iobagionibussuis
417 3207 604 3292 interfectis,
622 3211 654 3272 ct
669 3206 745 3293 alijs
763 3207 1008 3294 quampluribus
1024 3211 1213 3278 uolneratis.
1292 3239 1297 3251 ,

83 3315 217 3382 Verum
242 3315 319 3398 quia
343 3314 553 3400 querimonije
579 3322 612 3382 et
627 3315 947 3384 assercionibussuis
973 3317 1066 3384 multi
1092 3318 1133 3388 de
1158 3319 1218 3386 Ba-

78 3423 226 3492 tonibus
242 3429 274 3490 et
298 3423 472 3491 Nobilibus
496 3424 602 3509 Regni
628 3425 729 3491 nostri
754 3423 795 3490 dc
811 3425 978 3509 premissis
996 3428 1217 3495 testimoninm

82 3531 322 3620 perhibebant,
354 3517 432 3600 iicet
463 3532 600 3620 predicti
631 3533 690 3623 filij
724 3532 850 3602 Herrioi
882 3555 917 3603 se
948 3536 982 3602 in
998 3535 1073 3622 ipsa
1088 3557 1217 3623 congre·

85 3641 235 3726 gecione
252 3648 446 3727 presentare
461 3641 699 3727 neglexissent3
725 3640 839 3711 habita
865 3641 1103 3714 deliberacione
1121 3648 1220 3714 Baro·

78 3773 165 3818 num
179 3757 210 3818 ct
221 3749 385 3818 Nobilium
396 3751 499 3836 Regni
515 3752 629 3836 nostri,
648 3752 852 3821 decreulmus
868 3774 939 3821 cum
958 3755 1089 3838 eisdem,
1107 3776 1218 3825 omnes

81 3861 320 3948 possessiones
330 3860 547 3946 predictorum
557 3859 696 3927 illiorum
707 3861 846 3949 Herrioi,
863 3863 1051 3948 porcionem
1067 3864 1224 3933 uidelicet

76 3991 200 4039 eornm
211 3968 445 4055 contingentes,
455 3969 518 4055 ipsi
528 3971 644 4038 Comiti
655 3971 784 4039 Andros
794 3995 851 4059 pro
868 3974 1023 4059 dampnis
1045 3981 1079 4041 et
1094 3973 1222 4062 iniurijs

78 4079 200 4149 eidem
226 4078 378 4162 irrogatis
403 4097 573 4146 remanere
598 4078 729 4147 iusticia
753 4083 914 4166 exigente.
939 4083 1060 4152 Datum
1080 4083 1172 4152 Bude
1188 4085 1223 4151 in

78 4186 258 4258 dominica
268 4185 415 4273 proxima
425 4193 502 4255 aute
518 4187 637 4256 festum
652 4188 764 4257 Sancti
779 4189 938 4260 Johannis
954 4193 1113 4280 Baptiste.

79 4387 146 4456 (IV.
159 4381 324 4440 Lbsnldnsk
336 4403 429 4455 ngyau
441 4389 552 4442 1283-11
567 4391 627 4442 aba.
641 4405 677 4440 su.
692 4405 718 4442 u.
731 4388 893 4456 megerlisltb
907 4389 1108 4457 oliminydbbh
1120 4407 1138 4443 a
1150 4392 1224 4446 buris

454 4479 506 4534 kir.
522 4481 645 4532 leomansi
657 4477 862 4550 levblts'orsibsn.)

544 4633 754 4645 m

127 4765 241 4808 uonna.
260 4767 343 4807 nuno.
362 4766 429 4810 essu.
445 4777 488 4790 -·-
505 4767 613 4808 nunnoni.
630 4763 667 4808 1⁷.
