3140 5150
621 303 780 410 ...um

129 501 220 583 bant,
238 497 454 566 vendiderunt
471 519 580 566 coram
597 500 691 567 nobis
723 499 869 583 predicto
897 500 1072 568 Benedicto
1104 500 1216 568 Electo
1233 508 1265 567 et

130 607 201 674 suis
217 605 374 674 fratribus
391 629 449 694 pro
466 613 593 675 centum
611 615 642 674 ct
660 608 796 693 triginta
811 609 930 676 mareis
946 608 1082 692 argenti,
1101 628 1182 692 quas
1198 610 1264 692 ple-

129 717 223 782 narie
239 721 431 802 receperant
446 736 553 782 coram
570 715 673 802 nobis,
690 716 931 803 inperpetuum
949 723 980 784 et
999 716 1265 785 inremeabiliter

132 823 368 908 possidendum
386 823 519 906 pacifice
536 831 568 890 et
583 824 701 908 quiete,
721 824 811 892 nullo
832 822 1068 892 contradictore
1094 825 1264 892 existento.

131 931 209 997 ‘Pali
226 931 433 1016 obligaclone
448 930 653 1018 interposita,
679 932 766 1015 quod
790 933 818 999 si
844 953 902 1018 per
930 932 1116 1016 quempiam
1132 933 1265 999 racione

133 1037 233 1104 castri
249 1037 388 1123 predicti
403 1038 653 1108 molestarentur
668 1040 701 1105 in
717 1041 878 1126 futurum3
898 1040 962 1126 ipsi
979 1038 1165 1127 ladizlaus,
1186 1040 1264 1105 Dio-

133 1147 249 1233 nisius,
273 1147 389 1214 Choba
405 1151 438 1215 el
454 1147 546 1215 Band
558 1154 744 1215 tenerentur
754 1147 926 1234 expedirc;
943 1147 1089 1232 alioquin
1105 1147 1175 1216 sine
1190 1153 1267 1214 stre·

133 1253 205 1341 pitu
217 1254 332 1340 judicij
350 1262 507 1340 tanquam
527 1276 582 1341 per
602 1256 822 1342 calumpniam
848 1255 1115 1342 dampnarentur.
1139 1257 1182 1322 vt
1208 1254 1267 1340 igi-

133 1371 187 1429 tur
201 1363 366 1448 presentis
382 1383 441 1448 roy
458 1363 560 1431 series
585 1362 806 1449 perempniter
822 1362 928 1429 fulciri
954 1363 1072 1448 valcat,
1097 1383 1156 1430 nee
1174 1364 1208 1428 in
1224 1361 1266 1426 ir-

134 1473 232 1538 ritum
248 1470 437 1557 retractari3
462 1479 631 1558 presentes
649 1473 869 1540 concessimus
896 1471 1021 1539 litteras
1046 1469 1149 1554 sigilli
1165 1469 1268 1538 nostri

135 1579 313 1646 munimine
329 1579 510 1646 roboratas.
536 1581 656 1646 Datum
673 1600 761 1648 anno
776 1578 908 1647 Domini
924 1577 1145 1646 u⁰uo⁰Lxx⁰
1163 1582 1267 1645 sexto.

135 1688 362 1755 Bartholomeo
379 1687 548 1774 Proposito
564 1695 684 1773 nostro,
708 1688 808 1774 Myke
833 1686 975 1756 Cantore
984 1739 994 1773 ,
1012 1684 1179 1756 Felieiano
1205 1685 1266 1751 Cu-

136 1795 230 1864 stode
247 1802 279 1863 et
294 1796 461 1882 Stephano
478 1798 611 1864 Decano
631 1797 856 1866 existentibus.

136 1977 274 2043 (Eredctie
293 1972 480 2043 bllrlrr'rrtyim
498 1991 516 2028 a
539 1976 693 2031 votos-nolti
711 1975 939 2045 selyemasinoron
957 1979 1068 2044 ftlgglltt
1085 1973 1178 2043 peccet
1197 1975 1268 2028 elre-

393 2072 470 2132 szett,
488 2082 505 2120 a
524 2067 607 2120 budai
625 2068 677 2120 lrir.
691 2069 813 2121 kamaral
827 2063 1018 2134 levtltlrban.)

599 2373 812 2386 u—-—-

630 2893 632 2900 ’
664 2907 741 2977 106.

141 3109 170 3176 A
186 3107 470 3194 reticeo-selicrudri
485 3107 706 3194 kdplalaaaolc
715 3108 877 3194 jelealoee,
900 3108 980 3194 kopp
1007 3103 1077 3172 Sall
1091 3084 1274 3192 helyoeynele

465 3216 599 3282 lantocai
617 3213 828 3282 rcadcatettelr.
853 3217 952 3282 1267.

252 3412 535 3481 Excellentissimo
561 3410 702 3498 Princlpi
729 3411 860 3479 domino
886 3407 1042 3479 Ladizlao
1073 3411 1135 3478 Dei
1161 3410 1275 3496 gracia

144 3523 265 3589 Inclito
282 3521 365 3605 Regi
380 3521 551 3605 Hungarie
572 3517 704 3589 domino
721 3520 866 3604 ipsorum
900 3517 1074 3587 metuendo
1090 3517 1274 3604 Capitulum

143 3629 292 3697 Ecclesie
322 3628 478 3696 Albensis
503 3627 689 3695 oracionnm
717 3626 875 3710 suffragia
906 3626 1109 3696 denotarum.
1133 3625 1275 3694 Litteras

144 3739 261 3806 Vestro
277 3735 469 3804 serenitatis
494 3735 652 3840 noueritis
678 3755 739 3802 nos
765 3740 953 3804 reuerenter
977 3733 1140 3818 recepisse
1164 3733 1198 3798 in
1215 3733 1276 3799 hec

144 3847 260 3913 verba:

254 3951 429 4019 Ladinlaus
454 3951 516 4018 Dei
543 3949 657 4035 gracia
671 3950 739 4016 Rex
756 3948 925 4033 Hungarie
941 3949 1002 4017 slb.
1030 3943 1127 4034 (mint
1143 3943 1276 4012 lentcbb

150 4065 223 4129 101·
241 4059 441 4252 flfflgstur
456 4164 620 4232 mandatis
646 4171 678 4232 et
701 4164 866 4252 preceptis
885 4163 999 4230 Vestre
1014 4158 1205 4229 Serenitatis
1221 4159 1276 4226 ob·

146 4275 236 4345 edire
252 4275 428 4361 cupientes,
445 4279 480 4339 vt
493 4279 688 4360 teneremur,
705 4291 844 4340 unacum
861 4270 953 4340 ouen
971 4269 1012 4337 lle
1027 4269 1131 4336 Meroe
1147 4273 1179 4336 et
1195 4267 1277 4334 luan

146 4387 188 4452 ue
202 4383 301 4451 Dada
325 4379 510 4449 hominibus
541 4381 658 4447 Vestro
688 4378 882 4448 serenitatis
907 4377 1082 4446 llilraelcm
1109 4375 1277 4442 Decannm

147 4493 294 4560 Ecclesia
310 4497 438 4578 nostre,
464 4507 504 4555 ac
530 4487 687 4555 Mathiam
720 4486 894 4555 Custodem
921 4486 963 4554 de
989 4484 1103 4552 eadem
1128 4482 1277 4550 homines

146 4607 276 4668 nosnos
292 4597 335 4666 ad
352 4601 513 4687 premissa
522 4597 681 4667 mandata
692 4603 802 4667 vestra
811 4594 1002 4684 peragenda
1017 4615 1074 4683 pro
1092 4593 1279 4662 testimonio
