3118 5158
803 226 965 324 -¹.¹.2...

319 428 464 490 nostram
489 422 566 490 citet
591 419 796 505 presenciam
825 423 868 488 ad
893 419 1065 487 terminum
1089 425 1343 508 competentem,
1366 419 1440 486 faeti

319 530 445 613 seriem,
476 529 561 598 diem
596 527 765 596 citacionis
790 533 823 594 et
845 525 1029 612 terminum,
1050 545 1090 593 ac
1114 529 1249 594 uomina
1279 527 1442 594 citatorum

318 636 412 704 nobis
437 635 657 704 rescribentes.
690 638 810 704 Datum
835 634 869 702 in
885 635 986 702 Mauri
1010 631 1095 702 feria
1110 643 1206 704 sexte
1220 641 1298 721 post
1311 640 1440 702 oetam

318 747 539 812 Pentecostes.

319 925 454 988 {Bredetie
467 923 642 993 borhirtytu,
671 941 687 976 a
700 923 779 976 hscul
797 925 849 976 oda
861 929 985 990 nyomott
997 921 1088 992 peeset
1100 923 1246 986 elveszett,
1265 938 1283 975 a
1297 923 1379 974 bndai
1392 924 1440 974 kir.

717 1016 840 1067 hamensi
854 1010 1046 1080 leveltirbau.)

856 1624 909 1688 to.

318 1837 348 1904 Α
374 1840 507 1924 ehorpoi
530 1839 720 1904 koooeatnelc
736 1838 882 1923 jeleate'se
912 1839 935 1901 I
937 1837 971 1902 V.
997 1838 1112 1904 Losalo'
1136 1839 1305 1922 kimilyiroz
1331 1837 1445 1902 Neteck

493 1953 571 2011 acvtt
579 1945 716 2032 ftilduek
731 1948 943 2040 hotcirjdrdaa
960 1946 1152 2032 ta‘rpydbon.
1172 1948 1267 2012 1274.

424 2143 703 2210 Excellentissimo
728 2140 858 2210 domiuo
882 2163 940 2210 suo
959 2141 996 2209 L.
1012 2141 1075 2209 Dei
1090 2141 1202 2225 gracia
1217 2139 1344 2208 Illustri
1362 2141 1442 2222 Regi

317 2250 485 2336 Hungaric
510 2251 696 2319 Gonueutus
722 2251 844 2318 Domus
862 2248 1042 2335 Hospitalis
1068 2249 1108 2316 de
1126 2248 1257 2334 Ghurgo
1278 2247 1446 2314 oraciones

317 2359 350 2423 iu
367 2357 506 2425 Domino
523 2359 651 2426 debitas
668 2363 699 2426 et
715 2357 860 2426 denotas.
895 2356 1028 2426 Litteris
1044 2359 1162 2425 Uestre
1179 2357 1372 2434 Serenitatis
1388 2377 1446 2441 pro

317 2466 425 2532 debito
440 2471 626 2532 reuerenter
641 2464 790 2552 receptis,
813 2465 905 2532 iuxta
921 2464 1096 2533 earundem
1116 2465 1355 2532 continenciam
1371 2481 1443 2529 curn

317 2573 440 2640 Comite
472 2573 624 2641 l⁴¹arcasio
656 2574 696 2642 de
721 2575 812 2640 iuxta
827 2575 944 2639 Banna
972 2572 1104 2642 homine
1135 2580 1245 2641 uestro
1276 2571 1444 2638 hominem

316 2687 462 2748 nostrum
486 2679 638 2748 idoneum
670 2703 708 2748 aa
733 2681 864 2749 fidelem
890 2703 949 2769 pro
975 2679 1159 2749 testimonio
1184 2679 1446 2758 transmisimus;

317 2787 373 2872 qui
388 2789 592 2874 postmodum
618 2789 660 2856 ad
675 2809 734 2856 nos
752 2809 824 2856 eum
848 2788 961 2856 eodem
987 2788 1116 2856 homine
1132 2794 1242 2856 nostro
1259 2786 1385 2854 reuersi
1400 2783 1448 2849 di·

318 2903 452 2981 xerunt,
474 2897 559 2982 quod
577 2903 694 2963 terram
710 2898 836 2964 Netech
852 2903 1012 2983 uocatam,
1038 2898 1130 2963 iuxta
1145 2897 1288 2962 Dracen
1306 2893 1448 2964 existen-

317 3011 392 3088 tem,
417 3023 481 3086 que
505 3011 591 3070 terra
606 3004 741 3092 Vydislo
767 3003 948 3090 iobegionis
975 3004 1083 3072 Castri
1109 2997 1180 3071 sine
1204 3001 1325 3070 herede
1351 3001 1447 3069 dece·

318 3111 423 3178 dentis
439 3111 553 3197 fuerat,
577 3113 781 3197 presentibus
806 3113 920 3179 uicinis
938 3119 969 3180 et
995 3111 1244 3194 commetaueis,
1268 3110 1302 3176 in
1321 3109 1449 3178 eisdem

317 3217 412 3286 metis
428 3225 460 3285 et
476 3218 632 3302 terminis,
651 3221 769 3302 quibus
786 3221 871 3287 idem
888 3219 1025 3305 Vydislo
1041 3217 1145 3286 tenuit
1161 3223 1193 3285 et
1208 3217 1365 3303 possedit,
1383 3225 1451 3285 sta·

316 3326 431 3393 tuisset
456 3333 488 3393 et
503 3326 705 3410 assignasset
721 3327 839 3394 Comiti
856 3325 968 3409 Oghun
985 3327 1052 3393 titio
1069 3326 1192 3413 Buzad,
1209 3326 1301 3393 nullo
1319 3331 1456 3396 contra:

317 3435 441 3502 dictare
467 3438 633 3506 existente.
668 3435 788 3502 Datum
814 3435 845 3502 in
871 3437 997 3503 cetenis
1017 3437 1192 3502 Beatorum
1211 3433 1452 3519 Apostolorum

317 3541 404 3609 Petri
420 3549 452 3608 et
466 3542 569 3609 Pauli.

423 3653 550 3718 Kiote't:
576 3649 856 3717 Excellentissimo
888 3647 1019 3716 domino
1051 3668 1109 3716 suo
1141 3651 1176 3716 L.
1206 3647 1331 3714 Illustri
1364 3649 1453 3735 Regi

317 3758 491 3843 Hungarie.

315 3941 451 4008 (Eredetie
469 3936 650 4006 portstrrytu,
669 3938 797 4004 malyuek
819 3935 986 4006 sirpecsetje
1005 3939 1150 4004 elsesaett,
1174 3954 1190 3989 a
1210 3937 1295 3988 bndsi
1318 3937 1372 3988 kir.
1399 3940 1454 3990 ka·

738 4029 824 4078 marsi
836 4025 1016 4082 lsvttmrben.

838 4335 842 4341 -
857 4335 953 4342 ι--ιοι-
970 4332 984 4340 ι-
