3146 5166
676 1007 752 1076 395.

143 1208 208 1276 IV.
226 1207 340 1273 Lctszlo
354 1205 467 1288 kirctly
482 1205 564 1292 Epel
591 1207 745 1292 helyetpet
761 1231 800 1272 az
832 1209 1018 1293 eeztmpemi
1049 1207 1275 1294 koptolauuak

512 1315 712 1398 cicazoadjo.
730 1293 780 1380 nlo
796 1315 915 1380 ntlktl.

254 1511 322 1578 Nos
338 1509 512 1578 Ladizlaus
528 1511 591 1578 Dei
623 1511 736 1593 gracia
767 1511 836 1576 Rex
852 1509 1023 1592 Huugerie
1054 1511 1275 1596 significamus

142 1617 261 1700 quibus
276 1617 411 1703 expedit
428 1617 586 1685 uniuersis
604 1617 809 1704 presencium
819 1637 877 1702 per
889 1623 1042 1705 tenorem,
1062 1618 1150 1700 quod
1166 1638 1273 1701 quam-

141 1744 242 1808 quam
258 1745 317 1793 nos
333 1726 447 1792 villam
463 1723 554 1811 Elpei,
572 1727 642 1792 siue
657 1732 777 1791 terram
809 1745 879 1789 oum
906 1723 1012 1790 vineis
1028 1725 1224 1792 reambulari
1239 1733 1272 1794 et

139 1831 269 1898 restitui
286 1831 451 1899 datoribus
461 1832 528 1899 vini
544 1831 589 1898 ad
606 1841 750 1900 nostrum
766 1831 906 1920 olycium
917 1833 1134 1918 precepimus,
1155 1839 1273 1922 tamen,

139 1941 218 2022 quia
235 1940 381 2006 constitit
395 1940 489 2007 nobis
505 1939 682 2030 euidenter,
704 1941 790 2024 quod
820 1941 956 2008 eandem
973 1946 1111 2027 terram,
1128 1939 1197 2006 siue
1214 1942 1273 2008 vil-

138 2046 204 2112 lam
223 2067 296 2113 cum
312 2047 414 2116 vineis
430 2067 527 2134 snper
552 2045 665 2114 eadem
683 2048 915 2132 existentibus,
951 2047 1185 2116 Sereuissimus
1200 2047 1272 2113 Rex

138 2152 328 2241 Stephanus
345 2160 437 2240 pater
453 2161 564 2221 noster
578 2155 770 2222 karissimus
810 2155 921 2223 inclite
949 2155 1188 2223 recordacionis
1220 2174 1272 2220 ve-

139 2261 281 2329 nerabili
295 2261 446 2347 Capitulo
463 2261 679 2347 strigoniensi
694 2283 754 2349 pro
769 2264 911 2330 remedio
927 2263 1035 2329 amine
1051 2263 1175 2330 domini
1193 2261 1272 2328 Bele

138 2369 254 2454 Regis,
272 2370 326 2434 aui
342 2372 444 2436 nostri
459 2369 565 2437 felicis
582 2373 747 2459 memorie,
773 2373 807 2437 in
837 2377 1029 2457 perpetuam
1061 2368 1272 2440 elemosinam

139 2477 279 2543 eontulit
294 2483 327 2542 et
342 2476 486 2562 donauit,
502 2483 597 2562 prout
614 2483 705 2544 tenor
721 2477 885 2565 privilegij
918 2479 1063 2545 eiusdem
1088 2479 1190 2563 patris
1215 2500 1270 2545 no·

137 2585 205 2672 stri,
225 2603 357 2671 pernes
373 2604 446 2651 cum
461 2593 572 2655 nostro
595 2585 767 2672 priuilegio
791 2586 981 2674 confirmati,
997 2585 1200 2678 manifestius
1216 2585 1270 2654 de-

139 2693 309 2777 clarabat;
327 2712 387 2761 nos
402 2691 586 2760 huiusmodi
602 2695 656 2779 pie
673 2701 704 2761 et
719 2694 844 2762 salubri
876 2693 1057 2774 donacioni,
1074 2693 1199 2780 prefate
1215 2695 1273 2762 Ec·

137 2803 244 2869 clesie
259 2802 437 2887 per-ipsum
456 2802 664 2868 karissimum
680 2809 807 2888 patrem
831 2807 977 2870 nostrum
1003 2801 1110 2888 facte,
1128 2809 1273 2888 prestare

135 2911 288 2978 uolentes
310 2904 546 2997 (eonsensum),
572 2907 691 2975 dietam
723 2909 836 2978 villam
867 2930 925 2978 seu
954 2917 1075 2976 terram
1091 2910 1185 2998 Epel,
1200 2928 1273 2976 cum

137 3017 246 3084 vineis
262 3021 297 3082 et
312 3016 389 3102 alijs
405 3016 553 3084 omnibus
568 3016 779 3103 pertiueneijs
804 3017 882 3102 suis,
909 3039 950 3086 ex
968 3024 1057 3086 certa
1072 3017 1225 3104 sciencie,
1242 3023 1274 3084 et

137 3145 231 3192 mera
246 3123 457 3211 liberalitate,
490 3125 679 3208 reliquimus
711 3129 744 3190 et
769 3125 967 3194 restituimus
997 3123 1102 3192 eidem
1118 3123 1271 3208 Capitulo

137 3232 384 3320 possidendam,
401 3239 544 3319 eatenus,
576 3239 736 3317 quatenus
752 3233 786 3298 in
818 3233 932 3302 eodem
963 3233 1137 3318 priuilegio
1167 3233 1271 3318 patris

138 3341 242 3407 nostri
259 3340 462 3426 continetur,
480 3342 635 3428 volentes,
661 3347 697 3408 vt
713 3340 863 3408 decetero
879 3339 1016 3407 eandem
1033 3346 1162 3428 terram,
1183 3347 1215 3407 et
1230 3333 1276 3407 viss

136 3468 221 3517 neas
239 3467 339 3531 super
354 3446 427 3532 ipsa
443 3448 631 3531 existentes,
663 3446 856 3534 possideant
887 3453 919 3513 et
935 3446 1075 3513 habeant
1089 3447 1224 3532 pacifice
1243 3454 1277 3514 et

137 3557 270 3641 quiete;
288 3573 360 3620 cum
377 3555 449 3621 iura
465 3539 741 3642 Ecclesiarum,'et
756 3554 944 3642 specialiter
958 3553 1150 3638 Metropolis
1165 3553 1276 3621 Eccle-

136 3663 184 3730 sie
200 3661 449 3747 strigoniensis,
467 3662 566 3731 illesa
586 3684 781 3732 conseruare
797 3683 839 3730 ex
857 3661 965 3730 animo
980 3659 1196 3728 intendamus.
1210 3659 1275 3726 Da·

136 3781 206 3838 turn
223 3773 259 3836 in
278 3769 392 3836 Zolum
408 3768 581 3839 Dominica
612 3773 762 3857 proxima
786 3775 860 3858 post
874 3771 994 3840 testum
1018 3765 1130 3837 Sancti
1147 3765 1270 3851 Ilgidij.

229 3969 283 4036 (nx
297 3969 400 4022 eredeti
413 3965 480 4020 ullu
491 3971 586 4036 Knauz
600 3966 723 4033 Nlndor,
736 3971 854 4037 Magyar
872 3967 938 4024 Sion
953 3968 1005 4021 111.
1018 3969 1074 4020 ket.
1089 3965 1150 4017 704.
1162 3963 1191 4030 1.)
