3118 5158
702 379 744 453 67

644 475 804 486 -u———n-

146 583 326 650 fidelitates
352 590 384 648 et
402 579 568 647 meritoria
594 581 753 664 obsequia
777 601 834 648 seu
860 580 1057 668 multiplices
1077 579 1285 669 (famulatus)

144 689 299 758 Ladizlai
326 699 358 756 et
385 688 524 774 Nycolai
552 688 790 774 Magistrorum,
816 689 955 756 filiorum
982 689 1117 756 Comitis
1134 689 1286 772 Nycolai‚
1363 675 1365 678 ⁵

149 797 298 865 fidelium
314 804 507 883 nostrorum,
536 816 598 879 que
615 797 714 881 ijdem
732 796 863 864 domino
880 795 1046 881 Stephano
1064 797 1188 863 Illustri
1204 795 1287 880 Regi

149 906 333 992 Hungarie,
347 907 434 992 patri
450 911 561 971 nostro
577 904 752 972 karissimo
769 904 858 990 clare
874 903 1112 971 recordacionis
1130 902 1287 972 exhibue-

151 1021 228 1082 runt
244 1021 276 1080 et
291 1011 525 1100 inpenderunt;
551 1012 629 1096 quia
657 1033 729 1080 eum
746 1014 941 1080 Boemorum
956 1015 1035 1099 Rex,
1062 1013 1152 1099 prius
1180 1012 1284 1098 patris

147 1123 264 1207 nostri,
281 1128 314 1188 et
329 1120 534 1206 postmodum
550 1119 703 1187 inimicus
720 1127 830 1189 noster
846 1119 1007 1205 capitalis,
1026 1120 1166 1190 confinia
1181 1121 1284 1206 Regni

148 1231 252 1297 nostri
279 1229 321 1296 dc
337 1235 427 1316 parte
444 1228 635 1296 Poscniensi
660 1229 795 1296 introire
822 1230 908 1296 velle
934 1226 1110 1316 diceretur,
1139 1237 1170 1296 et
1189 1229 1234 1296 ad
1248 1227 1284 1297 id
1407 1266 1409 1270 ·

147 1339 316 1407 sciendum
353 1345 385 1405 et
408 1335 585 1404 uidendum
612 1338 701 1424 ipsos
728 1337 918 1405 Ladizlaum
943 1344 975 1404 et
1000 1338 1185 1423 Nycolaum
1210 1339 1282 1422 ipse

148 1455 244 1535 pater
268 1452 380 1513 noster
405 1467 477 1512 cum
504 1445 697 1529 quibusdam
723 1445 877 1514 fidelibus
895 1446 1068 1516 iuuenibus
1084 1446 1209 1514 Domus
1225 1465 1283 1514 rue

147 1556 392 1640 transmisisset,
408 1553 496 1620 idem
507 1555 663 1639 Magister
678 1555 856 1641 Nycolaus,
866 1574 1005 1622 vnaoum
1022 1552 1109 1620 dioto
1126 1552 1283 1620 Ladinlao

146 1664 248 1730 fratre
275 1685 353 1749 suc,
378 1669 413 1728 ut
438 1663 538 1730 solita
562 1662 728 1730 fidelitatis
754 1683 812 1730 sne
837 1683 938 1748 opera
963 1662 1162 1731 laudabilius
1192 1683 1281 1730 exer-

151 1779 248 1856 ceret,
274 1791 386 1840 casum
412 1769 524 1837 mortis
549 1792 614 1838 non
639 1769 828 1855 formidans,
853 1771 941 1838 velut
966 1771 1017 1838 leo
1040 1771 1222 1857 intrepidus
1246 1771 1280 1837 in

149 1877 292 1946 medium
311 1881 451 1945 astantis
467 1877 548 1944 aciei
564 1879 703 1963 irruens,
717 1877 889 1963 quemdam
905 1878 1044 1944 militem
1061 1878 1165 1964 ipsius
1180 1880 1281 1964 Regis

146 1989 341 2056 Boemcrum
369 1987 560 2073 captiuauit.
586 1987 723 2072 Insuper
749 2009 821 2053 cum
847 1985 978 2071 quidam
999 1986 1168 2055 Tectcniei
1192 1987 1281 2053 noui-

144 2096 199 2180 gic
216 2095 394 2163 transirent
419 2093 462 2162 ad
481 2094 684 2162 inserendum
711 2095 893 2162 hominibus
920 2093 1024 2180 ipsius
1050 2097 1153 2180 patris
1177 2097 1280 2162 nostri

146 2211 386 2290 nocumentum,
411 2203 483 2290 ipse
499 2203 675 2270 Ladizlaus
692 2210 724 2270 et
741 2203 908 2289 Nycolaua
934 2203 1063 2272 cosdem
1082 2205 1278 2288 nauigantes

145 2313 284 2380 telorum
312 2311 538 2380 uelocitatibus
568 2311 783 2399 impediendo,
813 2315 1023 2397 quamplures
1051 2309 1280 2378 interfecerunt

146 2442 188 2487 ex
206 2421 339 2488 eisdem.
364 2421 445 2485 Item
469 2418 631 2503 quendam
655 2421 866 2486 Teotonicum
892 2439 931 2485 ex
949 2422 1019 2486 acle
1045 2417 1088 2485 ad
1115 2427 1278 2487 certamen

147 2537 264 2596 contra
280 2529 370 2613 ipsos
385 2528 614 2614 procedentem
631 2531 844 2615 captiuarunt,
866 2531 967 2597 vitam
983 2528 1126 2595 ciusdem
1144 2529 1278 2616 capitali

144 2635 316 2704 sentencia
344 2636 496 2705 finiendo.
531 2637 612 2704 Item
629 2657 702 2704 cum
719 2638 804 2704 idem
818 2638 1009 2704 Boemorum
1026 2639 1095 2704 Rex
1122 2639 1155 2706 in
1181 2643 1278 2723 portu

142 2743 228 2811 Saar
256 2765 355 2830 supra
370 2743 550 2812 Mosonium
576 2750 690 2812 eontra
705 2745 843 2812 eundem
867 2753 994 2831 patrem
1009 2753 1153 2812 nostrum
1170 2752 1275 2812 trans·

142 2855 224 2918 itum
249 2851 359 2920 iacere
374 2853 539 2939 uoluisset,
565 2853 705 2940 predicti
721 2853 899 2919 Ladialaus
916 2859 948 2918 et
963 2853 1139 2940 Nycolaus,
1167 2859 1199 2919 et
1216 2853 1273 2938 alij

141 2960 257 3026 fideles
283 2960 419 3028 iuuenes
436 2960 581 3028 ciusdem
608 2961 710 3048 patris
732 2962 835 3028 nostri
855 2969 967 3029 eontra
982 2961 1100 3026 molem
1117 2960 1278 3028 exercitus

142 3068 223 3135 dicti
241 3069 342 3153 Regis
357 3069 547 3137 Boemorum
564 3069 768 3152 transmissi,
791 3089 863 3136 cum
880 3069 1036 3138 militibus
1056 3069 1158 3154 ipsius
1177 3070 1276 3153 Regis

140 3179 334 3244 Bccmornm
365 3175 551 3244 dimicando
582 3177 810 3262 laudabiliter,
841 3178 1050 3264 quamplures
1083 3197 1123 3242 cx
1154 3173 1275 3242 eisdem

141 3285 387 3352 interemerunt.
419 3284 501 3352 Item
527 3306 598 3352 eum
615 3292 757 3352 castrum
782 3292 926 3352 nostrum
945 3285 1116 3352 lauriense
1141 3303 1199 3369 per
1221 3281 1275 3350 ho·

139 3395 247 3458 mines
274 3391 352 3458 dieti
366 3393 466 3477 Regis
482 3395 675 3461 Boemorum
701 3399 833 3478 captum
861 3391 1084 3459 fraudulenter
1106 3391 1275 3476 extitisset,

139 3499 233 3567 etad
262 3499 477 3567 obsidendum
503 3501 609 3587 ipsum
634 3507 776 3568 castrum
796 3499 988 3568 Joachinum
1005 3501 1196 3583 Magistrum
1213 3500 1275 3564 Ta·

140 3609 352 3675 narnieornm
369 3615 563 3692 nostrorum,
590 3608 745 3678 dilectum
771 3614 803 3675 et
819 3608 949 3674 fidelem
965 3614 1111 3676 nostrum
1127 3606 1274 3673 transmi-

137 3717 309 3804 sissemus,
334 3716 453 3801 prefati
479 3715 654 3784 Ladizlaus
683 3723 715 3784 et
740 3717 906 3804 Nycolaus
930 3715 971 3783 de
995 3715 1193 3798 Teutonicis,
1219 3715 1275 3796 qui

134 3823 179 3889 de
199 3825 275 3910 ipso
305 3828 413 3892 castro
439 3823 620 3910 exiuerant,
646 3823 802 3910 plurimos
828 3825 958 3909 sagittis
985 3829 1017 3889 et
1042 3822 1165 3890 lanceis
1193 3820 1275 3888 occi·

136 3930 267 3996 derunt.
301 3930 381 3997 Post
404 3928 465 3994 bec
490 3949 562 3996 cum
591 3951 650 3998 nos
677 3932 822 3999 exercitu
851 3937 960 3996 nostro
987 3929 1121 4010 aliquali
1143 3947 1274 4012 congre-

134 4046 227 4123 gato,
252 4037 296 4103 ad
312 4033 567 4122 exprignandum
582 4039 689 4123 ipsum
711 4045 854 4107 castrum
874 4037 1134 4124 accessissemus,
1159 4057 1273 4122 preno-

132 4145 197 4213 tati
212 4145 393 4213 Ladizlaus
420 4153 452 4212 ct
468 4147 644 4234 Nycolaus,
674 4155 709 4215 ut
725 4148 912 4216 ferueneius
937 4166 1026 4214 more
1051 4145 1147 4213 solito
1162 4163 1273 4212 eornm

131 4252 311 4322 fidelitates
328 4262 515 4323 exercerent
541 4275 648 4322 coram
674 4261 785 4323 nostre
805 4255 986 4322 Maiestatis
1006 4254 1108 4322 oculis
1125 4253 1274 4320 laudabi-

132 4363 214 4430 liter
238 4361 449 4451 dimicarunt,
475 4362 593 4430 multos
621 4383 661 4430 ex
685 4361 908 4430 detentoribus
935 4343 1045 4449 ipsius*
1066 4363 1164 4428 castri
1190 4360 1272 4426 occi·

132 4469 257 4539 dendo.
292 4473 374 4538 Item
400 4491 474 4539 curn
500 4471 682 4558 predictum
698 4471 892 4557 Magistrum
909 4471 1104 4539 Joachinum
1131 4466 1175 4533 ad
1191 4465 1274 4533 obsi-

131 4581 280 4648 dendum
312 4587 452 4650 castrum
485 4581 675 4648 Zombothel
706 4587 875 4665 uocatum,
908 4577 995 4663 quod
1033 4575 1183 4644 similiter
1214 4593 1272 4661 per
1342 4577 1345 4584 '

130 4689 286 4756 homines
303 4691 393 4778 ipsos
413 4689 512 4774 Regis
538 4687 915 4773 Bccmienfraudulenter
941 4691 1132 4770 occupatum
1156 4680 1272 4770 inerat,

1066 4793 1111 4862 52
