3124 5158
571 373 729 478 'Q
795 339 800 346 .

91 589 156 636 non
180 568 337 656 uenirent,
362 567 395 636 in
419 569 491 656 ipso
517 571 652 656 negocio
677 591 743 638 non
758 571 912 639 obstante
926 589 1036 639 eorum
1051 569 1207 639 absencia

91 675 133 743 ad
158 675 333 744 diffinitiue
356 679 520 746 sentencie
544 679 703 746 calculum
728 679 984 766 procederemus,
999 679 1079 746 iuris
1095 685 1204 748 tamen

91 784 204 852 ordine
227 785 262 851 in
279 785 425 852 omnibus
441 785 622 855 obseruato.
640 788 704 866 Qui
719 788 752 854 in
769 807 877 854 eorum
893 787 991 856 solita
1007 789 1208 856 contumacia

90 890 315 979 perdurantes,
340 913 401 960 nec
424 893 458 960 in
474 895 546 980 ipso
562 897 699 962 termino
715 895 757 960 ad
773 903 1009 964 sacramentum
1024 894 1208 964 huiusmodi

91 999 304 1086 prestandum
329 1000 482 1088 deputato
504 1005 539 1068 in
563 1003 664 1070 nostri
684 1006 853 1090 presencia
868 1024 1056 1091 comparere
1073 1024 1206 1072 curaue·

90 1117 174 1195 runt,
189 1129 247 1195 per
262 1109 368 1196 ipsum
391 1111 583 1196 Symeonem
607 1111 751 1196 legitime
776 1131 882 1178 coram
909 1113 1001 1180 nobis
1033 1115 1205 1200 expectati.

90 1219 228 1285 Demum
251 1226 327 1304 post
352 1215 535 1284 huiusmodi
560 1220 675 1286 multos
701 1220 855 1286 terminos
880 1221 1134 1306 perhemptorios
1150 1242 1208 1308 per

89 1347 151 1395 nos
166 1326 352 1412 assignatos
368 1329 415 1395 sic
430 1327 660 1394 contumaciter
671 1329 799 1414 elapsos
809 1329 852 1394 ad
863 1335 1004 1397 nostram
1015 1329 1206 1396 accedentes

92 1433 308 1522 presenciam,
334 1433 420 1502 idem
447 1434 573 1502 scilicet
588 1436 704 1522 Myoov
718 1443 751 1504 et
766 1435 881 1504 fratres
897 1439 946 1503 sui
962 1459 983 1504 a
999 1437 1091 1504 nobis
1106 1436 1209 1504 humi-

89 1543 169 1610 liter
183 1544 360 1630 pecierunt,
378 1547 414 1609 ut
430 1543 654 1628 possessiones
668 1563 779 1611 eorum
801 1543 996 1611 hereditarie
1011 1565 1070 1630 per
1085 1546 1210 1628 aliquos

88 1653 306 1738 probosviros
317 1653 493 1738 apartibus
504 1653 625 1722 electos
637 1656 867 1720 estimarentur
882 1655 1048 1722 ambarum
1066 1655 1209 1740 parcium

90 1767 275 1849 amatores,
292 1761 421 1828 illorum
436 1762 540 1830 eciam
557 1763 780 1829 extimatorum
798 1765 929 1831 nomina
951 1764 985 1830 in
1010 1763 1128 1830 litteris
1154 1783 1208 1829 no·

88 1869 169 1936 stris
194 1870 324 1938 fuerunt
348 1869 391 1934 ad
415 1869 606 1956 peticionem
631 1871 774 1955 parcium
801 1878 974 1958 annotata,
991 1869 1161 1938 terminum
1179 1875 1210 1936 et

89 1978 197 2045 eciam
223 1977 308 2044 diem
324 1977 367 2044 ad
383 1967 488 2064 ipsam
505 1979 750 2045 extimacionem
775 1978 967 2064 laciendum,
984 1987 1015 2045 et
1031 1979 1131 2046 eciam
1157 1979 1210 2045 ho

89 2087 212 2152 minem
227 2092 371 2153 nostrum
392 2087 432 2153 de
449 2105 607 2153 consensu
623 2093 830 2172 utrarumque
845 2088 991 2174 parcium
1008 2087 1210 2154 concorditer

88 2195 242 2281 electum,
259 2193 431 2263 discretum
441 2194 591 2263 uidelicet
601 2197 706 2261 uirum
716 2198 879 2263 Vrbanum
889 2195 1090 2281 Propositum
1101 2195 1211 2262 Sancti

91 2302 228 2387 Georgij
255 2324 276 2368 a
297 2303 390 2370 nobis
406 2323 464 2388 per
478 2308 586 2388 partes
602 2303 758 2370 instanter
773 2304 917 2391 petitum,
935 2324 1042 2369 coram
1059 2325 1122 2388 quo
1139 2305 1211 2388 ipsa

90 2409 267 2477 extimacio
282 2409 352 2477 lieri
367 2409 506 2497 deberet,
523 2411 673 2476 duximus
689 2410 899 2492 dirigendum.
926 2408 989 2487 uui
1014 2431 1084 2477 cum
1105 2411 1146 2476 ad
1167 2412 1211 2476 lo-

90 2540 167 2588 cum
183 2525 217 2586 et
231 2517 318 2586 diem
332 2539 373 2594 ac
388 2517 559 2586 terminum
575 2519 617 2584 ab
633 2518 713 2604 ipsis
729 2520 873 2604 pertibus
890 2520 1025 2605 petitum
1042 2526 1074 2586 et
1090 2519 1212 2584 anobis

90 2629 298 2711 assignatum
314 2627 516 2708 accessisset,
533 2627 696 2712 predictus
713 2628 854 2711 Symeon
871 2627 1076 2694 extimatores
1092 2646 1167 2694 suos
1178 2627 1212 2693 in

90 2737 204 2804 littera
227 2741 341 2802 nostra
364 2739 529 2802 contentos
548 2737 701 2820 produxit
717 2743 751 2802 ut
767 2737 923 2820 debebat,
942 2736 999 2802 sed
1014 2735 1077 2820 ipsi
1092 2734 1212 2821 Myccv

90 2853 123 2912 et
153 2843 273 2913 fratres
298 2844 349 2912 sui
375 2845 418 2912 ad
443 2845 551 2930 ipsum
568 2846 736 2912 terminum
753 2865 813 2912 nec
829 2845 1037 2912 extimatores
1053 2863 1128 2910 suos
1143 2863 1213 2928 pro·

89 2954 264 3036 duxerunt,
292 2971 351 3019 nec
376 2953 481 3021 eciem
506 2953 567 3040 ipsi
592 2973 650 3038 per
671 2973 705 3020 se
721 2955 773 3020 uel
789 2972 847 3038 per
862 2958 1087 3038 procuratores
1103 2971 1212 3018 eorum

89 3063 123 3128 in
151 3063 226 3148 ipso
250 3062 387 3134 termino
408 3069 646 3146 conparuerunt
663 3082 722 3148 per
738 3063 828 3148 ipsos
843 3068 959 3147 sponte
975 3059 1022 3128 sie
1039 3065 1212 3144 assumpto,

89 3169 363 3256 quemadmodum
379 3170 506 3256 prefato
522 3169 661 3236 discreto
678 3169 748 3237 viro
765 3167 896 3235 Vrbano
918 3169 1085 3254 Proposito
1104 3167 1213 3234 Sancti

91 3279 228 3364 Georgij
245 3278 289 3344 ad
302 3277 363 3344 hoc
378 3278 564 3365 specialiter
580 3298 639 3363 per
655 3297 713 3346 nos
729 3278 882 3364 deputato
899 3277 1115 3344 intelleximus
1131 3277 1185 3343 rel
1202 3313 1212 3324 -

89 3397 197 3456 rente.
222 3387 314 3455 Licet
337 3393 444 3456 autem
469 3407 527 3456 nos
552 3387 659 3474 ipsum
675 3387 866 3473 Symeonem
882 3385 983 3452 filium
1000 3386 1131 3454 Comitis
1146 3386 1215 3472 My·

91 3495 222 3566 chaelis
246 3503 379 3582 propter
400 3498 637 3564 contumaciam
654 3495 868 3583 predictorum
885 3497 999 3580 Mycov
1015 3491 1166 3560 uidelicet
1183 3501 1215 3562 et

90 3606 232 3675 fratrum
256 3625 387 3673 suorum
412 3605 447 3670 in
462 3605 700 3692 possessionem
716 3599 821 3672 reru'm
837 3605 1009 3690 petitarum
1026 3623 1083 3688 pro
1100 3609 1217 3687 quarta

93 3715 228 3782 domine
252 3713 365 3780 matris
389 3731 447 3780 sue
472 3713 625 3781 inducere
648 3713 860 3800 potuissemus
875 3736 882 3798 3
899 3716 1007 3777 tamen
1024 3711 1067 3778 ad
1084 3730 1217 3796 presens

93 3820 281 3890 huiusmodi
304 3821 489 3890 missionem
515 3843 556 3888 ex
572 3842 681 3889 »causa
697 3843 760 3890 non
776 3821 927 3888 duximus
943 3819 1145 3886 faciendam:
1162 3837 1216 3885 ve·

93 3939 303 4017 rumptemen
317 3929 407 4024 ipsos
422 3929 529 3998 lllicov
543 3930 668 3997 scilicet
684 3936 716 3996 et
731 3931 848 3996 fratres
858 3947 941 4013 suos,
951 3927 1100 4011 exigente
1109 3945 1216 3993 eorum

93 4040 312 4125 contumacia,
329 4038 371 4106 de
388 4039 523 4108 consilio
540 4039 674 4108 fratrum
690 4047 873 4108 nostrorum
890 4045 955 4104 tum
967 4034 1217 4104 nobisassiden·

94 4150 182 4215 cium
206 4147 336 4234 publice
363 4149 657 4216 excommunicatos
674 4147 941 4215 denunciauimus
957 4153 989 4212 ct
1006 4143 1218 4228 decernimus,

94 4260 137 4326 ab
163 4257 315 4326 omnibus
337 4263 493 4343 tanquam
517 4261 662 4326 membra
686 4259 821 4345 precisa,
845 4276 907 4340 que
924 4255 1134 4322 fomentorum
1151 4271 1215 4318 non

96 4367 252 4434 sencinnt
267 4365 538 4454 dissplicenoiam,
549 4367 655 4435 arcius
673 4367 852 4450 euitandos,
862 4363 987 4430 tamdiu
997 4363 1098 4429 donec
1110 4381 1217 4428 coram

95 4475 194 4544 nobis
217 4475 279 4542 iuri
304 4475 481 4562 paruerint,
508 4481 539 4543 et
560 4475 600 4543 de
616 4481 801 4562 contemptu
817 4478 937 4557 nostro,
954 4491 994 4537 ac
1010 4469 1051 4536 de
1066 4466 1219 4551 expensis

95 4583 195 4652 factis
210 4583 313 4671 ipsius
330 4584 500 4669 Symeonis
516 4583 736 4654 satisfecerint
761 4585 989 4666 competenter.
1012 4581 1051 4646 In
1066 4577 1155 4643 cuius
1172 4573 1220 4642 rei

97 4693 288 4762 memoriam
311 4691 560 4778 firmitatemque
588 4699 776 4780 perpetuam
806 4695 971 4777 presentes
1002 4683 1217 4755 concessimus

141 4829 246 4926 aponum.
260 4829 343 4869 ausu.
357 4830 428 4868 ausu.
446 4841 484 4856 -
503 4829 576 4873 omn.
592 4822 628 4868 17.
1017 4797 1061 4860 20
