3140 5150
363 493 479 569 terrea,
503 502 570 568 qna
584 488 671 548 mota
696 489 827 567 separat
850 480 996 566 predicto
1021 481 1103 548 Inan
1128 503 1150 548 a
1171 487 1266 568 parte
1283 480 1472 567 occidentali,

364 615 385 659 a
399 598 493 681 parte
510 611 586 658 voro
604 589 756 656 orientali
773 588 919 674 predicto
936 585 1005 655 Lod
1021 595 1053 656 ct
1068 587 1165 655 fratri
1181 609 1260 674 suo;
1285 588 1404 656 deinde
1417 610 1474 656 rcr-

364 699 463 766 tendo
494 700 605 765 subtus
632 696 799 764 cuiusdam
825 697 992 764 monticuli
1018 717 1037 763 a
1063 705 1157 783 parte
1176 697 1372 766 occidentali
1388 695 1476 764 eundo

365 807 518 894 peruenit
533 806 577 871 ad
593 806 741 874 semitam
757 807 843 890 wlgo
859 809 1049 893 kaknsnnpa
1068 806 1174 892 dicto;
1199 807 1317 874 deinde
1332 803 1477 892 progredi-

365 924 418 982 tur
434 915 476 982 ad
492 921 618 1000 partem
636 914 844 998 orientalem,
869 915 978 999 ibique
1001 914 1194 982 terminatur
1216 916 1259 982 ad
1276 915 1413 1001 primam
1427 933 1478 979 mc-

365 1031 443 1090 tam.
468 1021 613 1100 Quarum
629 1021 761 1105 quidem
776 1021 923 1108 predicte
949 1023 1163 1108 possessionis
1189 1023 1256 1090 Scil
1282 1025 1385 1108 ipsius
1400 1021 1479 1088 Belid

370 1139 402 1198 et
417 1131 497 1197 Pete
514 1137 672 1196 metarum
689 1130 912 1196 erecciorribns
941 1137 972 1195 et
990 1131 1129 1196 aliorum
1155 1132 1396 1217 posscssionum
1420 1129 1479 1198 iuri·

373 1242 433 1305 bus
448 1237 715 1306 distinccionibus
733 1237 976 1322 sequestrandis
995 1245 1026 1303 et
1043 1239 1256 1322 distingendis
1283 1239 1482 1324 predictorum

368 1345 545 1412 vicinorum
563 1353 595 1411 ct
610 1352 904 1412 commetaneornm
929 1348 1020 1412 nullo
1037 1345 1279 1414 contradictore
1303 1353 1479 1433 apparente.

368 1455 488 1522 Datum
514 1454 674 1522 dominico
690 1455 834 1542 proximo
860 1463 934 1542 post
954 1457 1072 1522 festum
1089 1455 1208 1522 Sancte
1223 1455 1393 1525 Trinitatis
1408 1477 1479 1520 anno

370 1564 569 1649 supradicto.

371 1763 508 1828 (Eredctic
521 1757 698 1827 bdrhrirtydn,
716 1761 827 1826 melyro'l
852 1775 868 1810 n
892 1757 1022 1827 lrtptalan
1046 1761 1164 1828 pccsdtje
1177 1761 1330 1814 nbld-vbrds
1343 1761 1480 1827 selynnrnsi·

567 1849 652 1902 norun
676 1851 752 1915 sugg,
771 1849 882 1900 ubnrlci
902 1849 952 1899 kir.
969 1851 1092 1902 komarai
1106 1849 1299 1916 lavdltdrban.)

848 285 1009 389 ..Q-

1557 2559 1558 2650 l

1557 2653 1558 2726 l

910 2657 983 2726 108.

374 2857 422 2924 Az
446 2861 513 2944 apri
535 2859 759 2945 kdptalunnalr
789 2857 1053 2942 binooyodpleoclc
1065 2903 1075 2936 ‚
1107 2858 1189 2942 kopp
1213 2857 1332 2942 Popy-a'
1357 2854 1489 2922 Bencdel·

422 2968 545 3052 Fppadc’
559 2964 753 3052 Gerpelynele
777 2965 957 3050 Fppadbnn
972 2966 1038 3030 leod
1053 2963 1194 3029 directas
1208 2965 1325 3030 eludtu.
1352 2967 1414 3030 127
1417 2970 1446 3030 o'.

483 3159 642 3227 Omnibus
658 3160 776 3252 Qbristi
791 3159 942 3226 fidelibus
968 3167 1033 3226 tarn
1052 3161 1254 3246 presentibus
1270 3180 1370 3244 qnam
1386 3157 1493 3226 futuris
1557 3143 1558 3200 ἶ

376 3289 510 3354 presens
536 3268 691 3353 scriptum
718 3267 910 3354 inspecturis
938 3268 1125 3356 Capitulum
1158 3269 1304 3338 Ecclesia
1335 3268 1494 3354 Agriensis

378 3377 516 3442 salntem
543 3377 576 3442 in
602 3377 743 3442 omnium
769 3377 942 3444 saluatore.
967 3377 1019 3442 Ad
1035 3379 1259 3445 uniuersorum
1279 3379 1435 3445 noticiam
1451 3384 1493 3441 tc·

377 3502 454 3547 nore
470 3483 669 3566 presencium
694 3485 844 3549 volumus
865 3483 1051 3568 peruenire,
1077 3485 1164 3568 quod
1189 3485 1374 3552 constitutis
1393 3503 1497 3551 coram

375 3588 468 3655 nobis
484 3588 659 3655 Benedicto
677 3591 741 3655 filio
760 3588 906 3676 Gregorij
920 3590 960 3657 de
970 3593 1060 3677 Popy
1070 3593 1112 3658 ab
1132 3612 1198 3657 nna
1213 3600 1322 3678 parte3
1342 3593 1493 3675 Gregorio

376 3693 443 3762 filio
463 3695 552 3760 Petri
567 3695 608 3761 de
622 3695 758 3780 Fygnd3
777 3716 835 3781 per
860 3694 995 3762 eundem
1007 3697 1200 3780 Gregorium
1227 3698 1335 3765 extitit
1358 3700 1498 3786 proposi·
1557 3719 1558 3810 p

376 3811 454 3890 tum,
478 3803 655 3886 quodcum
673 3810 766 3888 pater
781 3803 883 3889 ipsius
901 3810 1020 3870 terram
1032 3825 1126 3870 snam
1138 3803 1371 3872 hereditariam
1388 3805 1500 3893 Fygud
1557 3811 1558 3892 l

376 3918 525 3978 vocatam
542 3909 669 3995 prelato
684 3909 861 3976 Benedioto
885 3909 1019 3977 condam
1039 3912 1256 3998 vendidisset,
1282 3913 1376 3981 ouius
1392 3914 1502 3981 vendi·

379 4019 482 4086 cionis
499 4019 601 4086 series
618 4040 675 4104 per·
691 4019 899 4105 priuilegium
919 4029 1063 4088 nostrum
1080 4021 1173 4090 nobis
1193 4023 1301 4106 patuit
1317 4024 1502 4105 euidentcr;
1557 4003 1558 4080 ἒ

378 4135 410 4192 et
424 4127 632 4213 postmodum
651 4125 858 4193 medietatem
876 4129 1019 4195 eiusdem
1032 4135 1117 4197 terre
1134 4129 1219 4198 idern
1235 4131 1433 4200 Benedictus
1449 4153 1499 4218 pa·

378 4234 418 4298 tri
435 4231 865 4301 suoiternmvendidisset:
897 4255 983 4300 nunc
1009 4233 1146 4304 eandem
1162 4239 1383 4325 medietatem,
1418 4242 1505 4324 quin·

377 4341 534 4425 quaginta
551 4339 701 4410 videlicet
722 4349 752 4408 et
772 4341 907 4408 duarum
932 4343 1080 4411 vlnerum
1105 4345 1139 4412 in
1163 4347 1339 4416 latitudine
1366 4350 1502 4416 existen·
1557 4351 1558 4410 l

377 4456 442 4514 tem
458 4449 698 4516 reuendidissct
713 4450 774 4536 ipsi
791 4450 968 4517 Benedicto
990 4472 1049 4537 pro
1064 4459 1203 4535 quatuor
1215 4458 1333 4524 marcis
1351 4463 1383 4523 et
1403 4455 1509 4524 media

378 4557 419 4620 ab
436 4557 508 4644 ipso
525 4556 672 4642 plenarie
688 4557 835 4644 receptis,
860 4558 920 4626 sibi
939 4561 1070 4646 suisque
1083 4561 1267 4650 heredibus,
1290 4563 1508 4648 heredumque
