3126 5150
811 254 832 316 6

261 453 322 520 hoo
337 451 409 520 dari
436 452 642 537 priuilegium
669 451 837 519 faciemus.
872 451 991 515 Datum
1009 449 1090 514 Albe
1116 451 1149 514 in
1166 448 1284 533 rigitia
1299 449 1397 516 Nati-

263 561 376 628 uitatis
393 563 495 629 Beatc
512 559 659 644 Virginis
677 580 762 627 anno
779 559 908 626 Domini
926 557 1144 624 M⁰CO⁰LXX⁰
1162 556 1314 624 secundo.

263 741 399 806 (Eredetia
413 738 586 806 biirhrirtyriu,
612 741 740 806 mclynck
763 757 794 792 az
817 741 936 807 okmany
960 738 1192 806 hatararryomott
1215 736 1398 806 pacsetjana·

371 829 513 896 gyobbe'rra
526 829 583 883 mair
596 828 738 894 lomeillott,
765 847 782 881 a
795 832 877 882 budai
891 833 942 882 kir.
957 833 1081 882 kamarai
1095 825 1287 890 lovcltrirban.)

722 1101 935 1110 ψ...-

814 1471 846 1536 5.

266 1673 323 1738 IV.
350 1675 464 1738 Ldsztc
488 1673 661 1757 kr'rrilynuk
680 1694 844 1758 paromoen
872 1697 893 1736 o
916 1673 1015 1737 hedai
1036 1675 1245 1758 prr'poatiroz,
1270 1674 1351 1756 hoqy
1376 1693 1398 1735 a

267 1783 473 1869 boldoyariyos
498 1805 631 1867 asszony
650 1784 784 1866 aziyetriru
807 1783 873 1845 inuri
898 1783 1088 1867 opritczrilrrrt
1107 1781 1255 1866 br'zoayos
1280 1779 1398 1844 saultoit

612 1891 779 1956 hirtolcdlro
795 1893 926 1956 ilrtosao.
954 1895 1049 1957 1272.

376 2088 412 2151 L.
430 2087 491 2152 Dci
508 2086 621 2170 gracia
638 2077 709 2153 Rex'
725 2087 895 2171 Hrrngaric
910 2087 997 2153 fideii
1020 2107 1077 2154 suo
1093 2091 1132 2156 Α.
1151 2086 1320 2172 Proposito
1337 2087 1396 2152 Bu-

269 2195 364 2263 densi
382 2198 521 2261 salutem
547 2201 579 2261 ct
595 2196 749 2278 graciam.
776 2195 855 2261 Cum
873 2195 1067 2264 karissimus
1093 2204 1185 2283 pater
1201 2201 1311 2262 noster
1327 2197 1395 2260 Rex

270 2303 453 2388 Stephanus
480 2301 532 2387 pic
558 2303 711 2369 memorie
737 2324 847 2370 ornnes
873 2306 987 2370 vineas
1014 2305 1109 2389 Gyan
1135 2311 1167 2369 ct
1193 2303 1312 2369 Rubini
1337 2303 1394 2386 filij

270 2412 425 2496 Serperes
442 2413 562 2477 oinium
573 2411 852 2500 Strigonicnsium,
865 2415 919 2496 qui
936 2412 1091 2479 heredum
1107 2419 1255 2480 carentes
1272 2409 1393 2476 solacio

272 2520 504 2604 decesserunt,
530 2519 564 2584 in
586 2519 744 2586 territorio
769 2519 851 2585 uille
876 2526 907 2585 ct
922 2520 1066 2586 ciuitatis
1083 2519 1317 2604 Strigoniensis
1335 2515 1397 2582 cxi-

271 2632 404 2707 stentes,
421 2626 607 2693 karissimis
625 2627 745 2693 nostris
765 2629 930 2694 sororibus
947 2628 989 2694 dc
1005 2629 1119 2694 Insula
1134 2628 1236 2694 Beate
1251 2624 1396 2709 Virginis

269 2741 428 2819 perpetuo
454 2735 627 2802 contulerit
653 2735 878 2819 possidendas,
911 2743 1005 2822 prout
1030 2739 1063 2802 in
1089 2734 1205 2803 litteris
1231 2734 1397 2800 karissimi

271 2842 373 2928 patris
389 2845 491 2910 nostri
518 2843 658 2910 uidimus
685 2845 852 2930 contineri,
876 2845 1027 2910 fidelitati
1045 2851 1098 2910 tue
1123 2841 1239 2907 damus
1266 2843 1398 2908 firmiter

270 2951 305 3015 in
331 2951 511 3033 mandatis3
547 2958 706 3032 quatenus
733 2959 971 3036 procuratorem
1007 2972 1152 3018 sororum
1177 2947 1398 3032 predictarum

272 3058 403 3125 nomine
429 3067 460 3124 ct
476 3059 546 3123 uicc
571 3060 748 3123 earundem
774 3059 807 3123 in
833 3059 1074 3143 possessionem
1099 3059 1266 3124 vinearum
1292 3055 1396 3141 predi·

273 3171 396 3230 ctarum
417 3164 620 3250 introducas3
645 3165 722 3248 quia
745 3167 958 3231 donacionem
983 3164 1148 3231 karissimi
1174 3161 1276 3248 patris
1295 3168 1398 3227 ratam

270 3273 394 3340 habere
418 3274 566 3339 volumus
592 3273 625 3338 in
651 3273 713 3339 hac
739 3282 843 3358 parte.
883 3275 1000 3338 Datum
1026 3272 1061 3336 in
1081 3272 1193 3339 Insula
1209 3271 1311 3336 Beate
1328 3269 1396 3334 Vir·

272 3381 359 3466 ginis
375 3379 518 3445 secunda
534 3379 618 3446 foria
633 3380 782 3465 proxima
799 3385 873 3463 post
889 3378 1135 3445 Exaltacionem
1147 3380 1264 3472 Sancte
1281 3378 1399 3444 Crucis.

378 3488 503 3553 Kirutt:
527 3487 566 3553 Α.
583 3471 751 3574 Proposito
771 3486 924 3552 Budcnsi.
949 3525 992 3534 -
1016 3484 1109 3561 Quod
1134 3488 1203 3551 Rex
1225 3484 1398 3551 Ladizlaus

274 3593 364 3662 dedit
389 3594 501 3661 vineas
526 3595 707 3676 aliquorum
734 3593 851 3658 ciuium
872 3591 1146 3676 strigoniensibus
1173 3593 1339 3659 sororibus
1359 3591 1398 3655 de

273 3705 385 3770 Insula
401 3702 434 3768 in
452 3700 606 3769 Coluuch.

273 3885 412 3948 (Eradetia
434 3878 611 3950 biirhartyan,
635 3896 651 3931 a
664 3878 859 3947 arirpecsetnek
873 3877 1058 3948 maradrtnyu
1070 3896 1195 3947 magram,
1222 3897 1239 3932 a
1251 3879 1335 3932 budai
1347 3880 1396 3930 kir.

672 3971 796 4022 kamarai
810 3969 999 4038 lautitirban.)
