3140 5150
851 347 1011 456 „ne

360 547 420 616 sub
436 568 502 632 qua
517 551 567 614 est
581 553 677 631 meta,
704 546 760 614 vbi
783 553 916 633 separat
943 566 965 612 a
979 546 1089 628 Jauko
1106 555 1138 615 et
1155 549 1265 636 Moys,
1291 549 1368 616 inde
1383 546 1473 616 tendit

357 651 470 725 versus
486 654 683 723 oooidentem
693 703 702 738 ,
727 653 760 719 iu
785 655 856 740 ipso
885 655 987 742 potok
1003 652 1228 725 descendendo
1248 657 1340 725 venit
1357 657 1397 724 ad
1411 657 1474 723 sali·

356 785 420 850 ees,
445 765 505 832 sub
522 763 640 847 quibus
659 769 734 828 suut
751 769 852 847 mete,
875 762 952 830 inde
978 769 1071 830 extra
1093 765 1231 832 tendens
1256 785 1369 833 versus
1388 765 1472 856 ,neri-

356 871 440 938 ‹liem
455 893 513 958 per
530 873 616 939 viam
634 869 740 937 eundo
758 870 845 938 venit
862 869 905 937 ad
921 873 1055 938 arbores
1071 872 1191 960 taipfa,
1209 875 1269 940 snb
1280 873 1396 957 quibus
1411 879 1471 937 sunt

357 986 460 1062 mete,
484 979 562 1045 iude
578 976 666 1047 venit
682 985 715 1044 et
731 977 820 1044 eadit
836 975 879 1044 ad
893 977 1027 1046 fluuium
1052 979 1176 1064 liarza,
1201 980 1256 1046 ubi
1283 989 1359 1048 sunt
1383 987 1468 1060 mete;

358 1086 404 1153 ibi
420 1085 625 1153 assentiendo
652 1104 710 1170 per
734 1085 841 1170 ipsum
865 1085 999 1152 fluuium
1024 1105 1138 1153 versus
1164 1087 1327 1154 orientem
1343 1083 1470 1155 renitad

359 1201 476 1278 metas,
500 1192 556 1260 vbi
573 1199 706 1278 separat
738 1212 759 1258 a
784 1192 866 1259 villa
890 1193 1001 1278 Roxa3
1033 1192 1110 1259 inde
1135 1193 1279 1261 venitad
1295 1201 1405 1279 metas,
1424 1193 1468 1260 sbi

358 1300 477 1367 fluuius
492 1299 604 1366 Maras
620 1301 769 1385 binatur;
794 1299 871 1366 inde
886 1299 1034 1368 ascendit
1043 1321 1101 1386 per
1111 1300 1249 1368 eundem
1265 1323 1378 1370 versus
1393 1301 1471 1368 meri·

362 1407 449 1476 diem
462 1407 498 1473 in
514 1427 615 1494 paruo
631 1407 782 1475 saliendo
799 1408 839 1474 de
855 1408 927 1493 ipso
952 1409 985 1475 in
1002 1409 1056 1476 via
1071 1415 1146 1477 sunt
1162 1417 1264 1495 mete,
1287 1408 1364 1476 inde
1379 1407 1468 1474 tendit

360 1537 421 1602 per
436 1514 573 1583 eandem
599 1515 686 1582 viam
712 1536 824 1583 versus
849 1515 1024 1604 orientem,
1050 1517 1140 1584 venit
1154 1517 1196 1585 ad
1213 1517 1365 1583 arborem
1379 1517 1469 1602 epifa,

358 1623 414 1692 ubi
429 1629 479 1691 est
493 1630 599 1709 meta,
625 1629 657 1691 et
672 1623 748 1690 inde
763 1623 853 1690 venit
868 1624 910 1692 ad
925 1624 1017 1710 alpes
1034 1643 1183 1709 magnas,
1201 1623 1255 1692 vbi
1272 1623 1346 1692 lons
1362 1624 1468 1707 Regius

358 1731 445 1800 inter
458 1738 567 1818 petras
583 1730 737 1816 habetnr;
763 1738 795 1798 et
809 1731 855 1799 ibi
870 1733 1073 1798 terminatur.
1105 1731 1184 1799 Ideo
1210 1731 1338 1798 litteras
1354 1736 1467 1797 nostras

358 1841 402 1907 ad
418 1841 610 1927 premissam
634 1839 756 1907 foetum
782 1839 999 1907 oonoessimus
1023 1845 1056 1905 et
1080 1837 1283 1928 firmitatem,
1307 1845 1343 1907 vt
1363 1836 1470 1904 domini

357 1955 542 2035 preceptum
560 1949 728 2016 valeamus
745 1945 934 2033 adimplere.
958 1949 1079 2014 Datum
1099 1947 1134 2013 in
1149 1947 1204 2014 die
1219 1947 1334 2014 Saneti
1352 1944 1467 2029 Georgij

358 2075 444 2123 anno
468 2055 599 2122 Domini
624 2053 797 2122 millesimo
824 2053 1044 2121 ducentesimo
1069 2053 1309 2139 septuagesimo
1335 2054 1468 2139 septimo.

356 2213 414 2284 (tv.
427 2214 523 2270 Lisalo
544 2215 691 2284 kirtlynsk
712 2218 825 2270 ists-ki
838 2219 999 2283 megsrflsittl
1012 2212 1203 2284 okminylbol,
1234 2215 1304 2268 mint
1316 2213 1396 2268 attbb
1414 2217 1467 2266 144.

840 2303 913 2358 eninr
932 2305 1024 2372 alatt.)

880 2892 962 2963 les.

353 3081 377 3144 I
383 3080 414 3147 V.
431 3077 547 3146 Ldszlo
560 3076 670 3164 tirety
684 3077 860 3161 meyertisiti
878 3099 899 3140 α
912 3073 1104 3162 oyaileziqeti
1112 3073 1351 3159 oprtozascirdrit
1371 3070 1470 3136 arreti

354 3188 444 3252 Peter·
454 3237 464 3270 ,
502 3185 567 3252 Uza
582 3184 680 3267 fidtol
710 3187 993 3271 kapyomdayozott
1017 3182 1122 3268 jas-oola
1145 3179 1345 3246 birtokdhaa.
1377 3179 1467 3244 1277.

866 3293 973 3358 torol.

462 3471 532 3538 Nos
546 3469 722 3537 Ladialaus
746 3469 808 3538 Dei
827 3469 938 3554 gracia
957 3469 1023 3534 Rex
1040 3464 1209 3550 Hungarie
1225 3467 1378 3532 memorie
1394 3481 1467 3530 oom-
1542 3465 1543 3470 ’

356 3575 546 3646 mentientes
561 3578 782 3664 significamus
802 3577 918 3661 quibus
930 3574 1062 3662 expedit
1071 3579 1184 3642 tenore
1194 3572 1398 3660 presencium
1412 3568 1470 3638 rni-
1542 3599 1543 3616 ÷

354 3685 478 3756 uersis:
502 3683 587 3771 quod
603 3706 674 3752 oum
690 3685 807 3753 Petrus
824 3684 1002 3770 filiusVza,
1022 3701 1137 3749 oarens
1155 3681 1278 3749 solacio
1293 3681 1465 3758 liberorum,

354 3795 523 3864 uniuersas
539 3794 761 3880 possessiones
777 3813 863 3880 suas,
888 3791 1103 3859 hereditarias
1122 3789 1285 3876 uidelicet,
1309 3783 1466 3872 emptitias

235 3983 238 3987 ¹
355 3911 388 3970 et
402 3903 569 3988 aquisitae,
595 3921 635 3968 ex
653 3900 866 3986 permissione
892 3899 1014 3968 domini
1040 3897 1087 3964 St.
1115 3900 1206 3965 olere
1231 3892 1468 3970 reeordationis,

354 4009 431 4078 olim
448 4009 584 4078 illustris
599 4010 697 4093 Regis
711 4007 879 4094 Hungarie
902 4007 1004 4095 patris
1029 4005 1132 4074 nostri
1148 4005 1324 4092 karissimi,
1343 4005 1377 4068 in
1392 4003 1469 4068 bona
1542 4001 1543 4084 l

354 4117 541 4186 ualetudine
566 4118 601 4184 in
626 4117 734 4182 anime
759 4137 817 4184 sue
833 4115 1007 4184 remedium
1031 4113 1176 4197 legasset
1201 4113 1352 4180 lloolesie
1377 4111 1467 4176 Beate

354 4225 500 4308 Virginis
516 4224 557 4292 de
573 4225 697 4311 Insula,
714 4225 797 4291 sieut
812 4225 846 4291 id
861 4226 896 4290 in
912 4223 1099 4311 patentibus
1126 4219 1243 4288 litteris
1259 4219 1363 4305 ipsius
1379 4215 1472 4305 patris

354 4334 456 4402 nostri
473 4333 593 4402 exinde
610 4333 768 4402 eonfeotis
794 4333 933 4401 uidimus
958 4331 1136 4417 contineri,
1162 4335 1194 4396 et
1219 4327 1350 4394 demum
1369 4323 1473 4393 eodem

352 4441 449 4510 Petro
465 4442 499 4508 in
516 4463 594 4510 area
619 4439 718 4511 duelli
741 4461 800 4527 per
823 4459 916 4510 suum
943 4437 1170 4518 aduersarium
1188 4435 1392 4520 interempto,
1409 4449 1473 4516 pre·
1542 4431 1543 4482 ἓ

353 4549 440 4617 dieto
455 4549 680 4636 possessiones
695 4569 753 4635 per
769 4547 925 4615 Comitem
941 4544 1133 4630 Gregorium
1148 4542 1409 4629 Vioepalatinum
1419 4554 1472 4624 pro
1542 4541 1543 4592 l

351 4656 421 4726 suis
437 4655 568 4744 iudioijs
585 4661 714 4743 recepte
731 4655 886 4746 fuissent,
910 4662 1065 4740 tanquam
1091 4651 1316 4741 possessiones
1332 4651 1365 4717 iu
1382 4647 1471 4716 male·
