3146 5166
472 301 474 310 ι
574 250 732 353 ..nc-

191 444 240 515 Ac
255 444 399 534 precepit
415 445 522 514 eidem
538 447 668 515 domino
685 445 895 534 Traguriensi
907 447 1070 536 Episcopo
1088 467 1222 535 expers

89 563 121 621 te
136 555 259 622 domini
274 557 374 644 Pope,
390 561 424 620 vt
445 575 560 645 perse,
574 557 627 623 rel
638 577 695 643 per
705 565 945 642 procuratorem
957 555 1108 624 idoneum
1129 554 1215 623 infra

89 683 144 729 sex
153 663 310 730 mensium
321 663 468 748 specium
478 682 550 729 cum
561 665 710 732 omnibus
722 664 946 749 sctis,iur·ibus
957 684 997 731 cc
1007 663 1214 730 munimentis

89 768 154 836 suis
178 767 420 851 contigentibus
451 789 584 836 causam
615 777 798 838 contentam
828 772 861 837 in
891 769 1008 837 litteris
1041 768 1214 836 antedictis

89 875 274 962 Apostolioo
290 893 326 943 se
342 875 460 942 debeat
476 877 662 962 conspectui
679 884 878 963 presentare,
895 875 1041 943 tacturus
1058 883 1090 942 ct
1106 895 1214 961 recep·

88 991 176 1050 turus
191 1003 289 1070 super
305 983 480 1070 premissis,
511 985 597 1068 quod
630 984 709 1050 ordo
739 983 911 1052 diotouerit
940 982 1090 1052 racionis.
1122 981 1213 1061 Quas

89 1088 218 1172 quidem
242 1090 368 1156 litteras
395 1089 517 1156 domiui
543 1091 634 1175 Papo
658 1091 821 1158 humiliter
846 1098 878 1158 et
903 1091 1044 1174 benigne
1069 1091 1215 1176 suscepit

86 1199 269 1284 Episcopus
286 1205 491 1265 memoratus.
506 1195 623 1266 Actum
639 1198 672 1266 in
688 1199 843 1284 Traguris
854 1207 913 1268 eto.
931 1199 1134 1284 presentibus
1159 1203 1207 1264 ta·

88 1305 176 1372 libus
193 1311 253 1371 etc.

194 1413 265 1496 Ego
281 1411 477 1479 Francisous
494 1418 554 1479 etc.

194 1520 235 1584 ldt
250 1517 374 1604 sciatis,
391 1518 478 1602 quod
505 1539 603 1588 vnum
627 1519 718 1586 eliud
742 1519 991 1586 instrumentum
1017 1517 1124 1586 simile
1149 1517 1211 1586 isto

87 1625 218 1692 domino
233 1625 345 1692 Eleoto
361 1623 562 1694 Sibeniccnsi
578 1627 735 1694 mittendo
751 1627 848 1712 diem,
866 1628 972 1695 locum
988 1635 1020 1693 et
1035 1633 1146 1713 testes,
1182 1636 1215 1696 et

86 1737 195 1820 ipsum
211 1731 251 1798 de
267 1733 365 1802 verbo
380 1731 424 1800 ud
440 1735 571 1802 verbum
588 1733 694 1802 adhuc
709 1735 867 1802 conficere
884 1732 1018 1822 debetis,
1037 1733 1211 1803 secundum

85 1841 276 1909 mandatnm
290 1841 383 1908 vobis
399 1843 522 1907 fuctum
539 1861 598 1926 per
614 1860 674 1908 nos
691 1841 964 1909 Archidiaoonum
976 1841 1213 1928 Spelatensem.

86 1951 129 2014 Et
145 1947 322 2016 secundum
338 1949 472 2015 istorum
496 1949 680 2034 exemplum
696 1952 854 2034 volumus,
870 1956 905 2017 vt
929 1949 1093 2035 tenemini,
1119 1951 1214 2016 confi·

83 2057 182 2124 elatis
196 2057 262 2123 duo
278 2055 494 2124 instrumenta
510 2054 714 2142 citaoionum‚
730 2057 885 2126 videlicet
902 2058 1025 2124 domini
1044 2107 1051 2122 .
1069 2107 1077 2122 .
1094 2105 1101 2122 .
1120 2056 1213 2141 Epis-

84 2163 161 2249 copi
188 2165 428 2249 l‘rsguriensis,
456 2169 488 2228 et
509 2161 629 2230 domini
646 2211 654 2228 .
673 2212 707 2229 ..
733 2163 837 2231 lllecli
863 2163 1095 2249 Sibenicensis,
1129 2163 1216 2246 quod

82 2265 270 2358 exemplum
286 2277 334 2338 est
349 2271 507 2357 clausum,
525 2277 557 2339 et
572 2267 753 2354 sigillatum
770 2273 889 2339 nostris
904 2270 1007 2338 tribus
1024 2269 1155 2355 sigillis.

191 2377 273 2444 ltcm
299 2378 410 2446 eodem
442 2378 515 2464 die,
548 2377 641 2464 loco,
672 2377 752 2444 hora
768 2385 800 2445 ct
831 2381 966 2447 testibus
993 2374 1191 2463 supradictis
1202 2399 1210 2462 ς

79 2483 170 2552 idem
188 2483 335 2553 dominus
350 2485 457 2554 ludex
472 2483 618 2571 predicto
635 2485 792 2569 Magistro
809 2487 984 2554 Francisco
1009 2485 1146 2552 Notario
1171 2503 1213 2549 ex

78 2601 179 2680 parte
193 2592 329 2680 predicti
346 2590 470 2660 domini
485 2591 715 2659 Archidiaconi
731 2592 938 2678 spalatensis
954 2593 1153 2678 presentauit
1178 2601 1210 2658 et

77 2700 173 2768 dedit
189 2701 344 2784 quasdam
357 2699 484 2766 litteras
501 2701 631 2767 clausos
647 2699 809 2788 sigillutas
825 2701 929 2787 ipsius
945 2699 1055 2785 sigillo
1072 2719 1146 2766 cere
1162 2699 1207 2765 vi-

77 2807 158 2895 ridi,
175 2828 257 2875 sano
273 2817 305 2876 et
320 2809 457 2891 integro.
474 2806 620 2886 Quarum
636 2811 727 2876 tenor
743 2806 784 2875 de
811 2810 909 2876 verbo
933 2805 976 2875 cd
1004 2809 1137 2875 verbum
1164 2810 1209 2872 tc-

76 2917 125 2983 lis
143 2913 215 2982 est':

191 3022 333 3090 lacobus
349 3011 605 3090 Archidiaoonus
636 3021 844 3109 spalatensis
874 3023 936 3088 stb.
969 3023 1109 3111 discreto
1141 3021 1210 3087 viro

77 3125 217 3196 domino
234 3127 391 3211 Magistro
407 3129 583 3197 Francisco
599 3131 730 3197 Notaris
748 3127 899 3198 Ciuitatis
909 3127 1037 3214 Spoleti
1053 3129 1116 3196 stb.
1134 3123 1215 3214 (kd-

73 3234 269 3305 vetkezika
280 3237 355 3303 371.
365 3257 409 3303 su.
426 3257 456 3303 a.
472 3233 605 3324 okirot.)

558 3433 733 3502 (Ugysnott.)
840 3415 844 3426 ’

115 4657 232 4697 nouus.
249 4650 330 4692 sose.
346 4655 416 4694 mor.
430 4655 474 4678 -···
490 4655 600 4695 nmsorr.
624 4645 660 4694 tt.
