3124 5158
621 316 779 416 All.

138 511 343 580 infidelitatis
367 511 510 597 ipsorum
535 513 657 580 rabiem
683 531 753 579 cum
779 519 890 580 nostro
907 510 1048 580 exercitu
1063 510 1200 598 inimus,
1223 511 1258 578 in

139 641 202 706 quo
226 617 312 687 idem
337 619 452 688 (lomes
476 619 632 688 Nicolaus
664 619 845 687 laudabilia
871 619 1080 688 berniciorum
1112 617 1259 686 exhibuit

138 749 237 816 opera
260 726 295 794 in
320 712 391 816 ipso
413 727 517 813 prelio
543 727 682 794 uiriliter
708 727 901 795 dimicando.
930 727 971 794 Et
989 745 1184 813 quamquam
1200 744 1259 814 pro

137 835 321 905 huiusmodi
338 835 548 904 seruiciorum
567 855 698 903 suorum
723 835 846 904 meritis
864 836 980 904 maiori
998 832 1259 902 remuneracione

136 964 178 1012 cx
208 945 313 1030 Regia
336 943 556 1012 munificencia
586 943 699 1012 fuisset
727 943 971 1011 coniouendus:
1009 944 1043 1010 in
1076 941 1254 1027 aliqualem

137 1058 247 1118 tamen
274 1051 608 1137 recompensacionem
634 1050 791 1136 quasdam
817 1056 884 1118 tres
909 1057 1013 1119 terras
1031 1049 1139 1118 (lastri
1156 1050 1259 1118 nostri

141 1159 382 1246 Suprnniensis,
400 1179 494 1226 vnam
510 1158 664 1225 videlicet
684 1157 742 1226 Osl
759 1165 907 1226 vocatam
916 1159 1117 1244 populosam,
1133 1164 1166 1225 ct
1175 1157 1259 1225 alias

139 1265 221 1336 duas
238 1267 325 1334 vltra
339 1266 433 1333 Raba
451 1267 646 1352 existentes,
672 1265 819 1333 Scechuu
844 1275 877 1334 et
901 1264 1074 1332 Kechenek
1097 1284 1260 1352 nuncupa·

140 1381 203 1461 tas,
229 1395 250 1441 a
272 1374 344 1442 iure
368 1381 399 1440 et
423 1372 648 1442 iurisdiocicne
674 1373 777 1460 ipsius
794 1363 900 1440 Castri
915 1371 955 1438 de
972 1379 1076 1439 cetero
1093 1381 1259 1460 exceptam

136 1484 266 1570 penitus
283 1491 316 1550 et
332 1489 531 1570 exemptam,
555 1486 727 1568 prenotato
747 1483 864 1550 (lomiti
880 1482 1035 1568 Nicolao,
1059 1488 1090 1549 et
1114 1501 1172 1568 per
1187 1502 1259 1548 eum

137 1588 310 1676 blicbaeli,
334 1590 510 1659 Benedicto
541 1599 573 1657 et
600 1589 763 1678 Eymirico
788 1589 942 1657 fratribus
969 1589 1053 1676 suis,
1087 1607 1126 1654 ac
1150 1609 1259 1655 eorum

140 1697 314 1765 heredibus
335 1705 508 1784 perpetuo,
533 1699 789 1766 irreuocabiliter
813 1705 845 1764 et
870 1696 1002 1784 pacifice
1021 1695 1171 1763 duximus
1187 1715 1260 1764 con·

142 1805 293 1874 terendas
303 1806 363 1872 snb
374 1805 495 1873 eisdem
505 1806 600 1872 metis
613 1813 646 1872 et
655 1805 810 1893 terminis,
822 1805 936 1890 quibus
946 1804 989 1874 ad
999 1805 1102 1892 ipsum
1113 1807 1261 1874 Castrum

139 1933 211 1979 cum
237 1915 383 1982 omnibus
408 1913 474 1981 suis
499 1913 693 1981 utilitatibus
719 1913 964 1982 dinosscebatur
988 1913 1135 2000 primitus
1161 1915 1258 1999 perti·

136 2042 224 2088 nere.
256 2024 377 2088 Datum
402 2043 459 2109 per
484 2043 598 2089 manus
622 2020 755 2089 discreti
780 2023 841 2090 viri
866 2022 1014 2112 Magistri
1040 2020 1260 2090 Bartholomei

137 2131 213 2203 aule
229 2138 337 2198 nostre
353 2129 641 2216 vicecancellarij
662 2130 771 2196 dilecti
793 2137 824 2197 et
839 2130 946 2197 tidelis
972 2131 1073 2198 nostri
1097 2151 1182 2198 anno
1198 2131 1260 2197 Do-

142 2239 221 2306 mini
246 2241 291 2306 M⁰
307 2239 370 2307 00⁰
393 2239 608 2326 octogesimo,
632 2241 733 2306 tercio
758 2236 830 2308 idus
855 2240 932 2326 blaij
962 2238 1148 2306 Indiccione
1163 2238 1260 2305 vnde·

143 2347 229 2414 eima
246 2349 350 2434 Regni
368 2355 475 2417 autem
491 2347 594 2415 nostri
610 2369 694 2415 anno
711 2349 886 2416 undecimo.

232 2526 294 2594 (III.
312 2529 404 2581 Endre
424 2527 572 2597 kirtlynalr
595 2529 705 2582 laer-ki
729 2527 888 2597 megerdsltd
914 2525 1169 2598 privilegiumdbdl.)

668 3251 741 3322 195.

144 3449 205 3515 IV.
231 3449 347 3516 laicale
371 3451 483 3538 kirdly
507 3455 685 3540 meqerdetti
716 3453 777 3518 IV.
809 3456 892 3521 Boo
923 3477 1006 3522 caco
1035 3451 1262 3533 czcbcdolmdt,

143 3559 284 3646 melylyel
308 3582 330 3623 c
353 3559 589 3647 naqyaaomtaoi
603 3563 824 3648 apdezcadrda
849 3563 989 3628 embcrec't
1012 3560 1142 3627 mindae
1155 3561 1262 3626 coroa

440 3669 556 3736 odozte
571 3669 844 3757 alolfelmectette.
870 3673 967 3740 1280.

250 3863 318 3932 Nos
340 3863 517 3932 Ladizlaus
541 3868 603 3932 Dei
628 3869 742 3951 gracia
760 3869 829 3934 Rex
848 3866 1016 3950 Hungarie
1041 3864 1262 3950 significamus

141 3971 301 4040 uniuersis
335 3973 452 4058 quibus
486 3975 616 4061 expedit
650 3977 853 4061 presencium
888 3996 947 4060 per
973 3981 1138 4058 tenorem,
1171 3972 1260 4058 quod

141 4081 301 4149 Priorissa
340 4089 371 4148 et
404 4099 530 4150 sorores
564 4081 604 4150 de
637 4084 749 4170 Tyrna
783 4085 844 4152 sub
882 4083 997 4168 regula
1037 4081 1131 4148 Beati
1162 4083 1263 4149 Fran·

142 4191 220 4258 cisci
235 4191 312 4257 Deo
328 4188 446 4275 iugiter
463 4191 677 4278 famulantes,
699 4193 741 4259 ad
767 4201 913 4262 nostram
928 4190 1120 4259 accedentes
1136 4209 1264 4276 presen-

143 4298 240 4382 ciam,
265 4297 359 4365 nobis
384 4303 534 4385 patentes
558 4301 681 4368 litteras
696 4301 796 4384 Regis
811 4301 890 4369 Bele
905 4300 961 4366 aui
977 4298 1079 4367 nostri
1094 4297 1263 4366 karissimi

144 4407 333 4475 felicissime
343 4406 835 4497 recordationis(exhibuerunt),
846 4415 992 4496 petentes
1003 4429 1074 4475 cum
1085 4405 1259 4492 instancia,

115 4549 120 4578 ι
144 4521 178 4580 ut
193 4515 324 4583 easdem
349 4523 521 4601 acceptare
545 4538 583 4585 ac
604 4517 723 4585 nostris
738 4518 911 4604 patentbus
928 4517 1046 4585 litteris
1074 4517 1262 4584 confirmare

145 4623 370 4710 dignaremur5
396 4646 530 4710 quarum
547 4625 676 4711 quidem
691 4631 782 4694 tenor
795 4626 872 4696 talis
888 4631 957 4695 est:
