3146 5166
620 231 778 334 jap-

133 431 172 496 In
188 428 281 522 onius
296 429 344 496 rei
360 428 548 495 memoriam
564 424 605 492 ad
622 425 815 492 instanciam
842 435 875 492 et
899 429 1093 514 peticionem
1119 427 1260 514 Nycolai

132 536 267 604 Oomitis
283 534 441 621 sepedicti
456 541 624 619 presentes
640 533 858 602 centensimus
874 535 1000 605 litteras
1026 536 1128 620 sigilli
1153 537 1258 602 nostri

133 640 310 710 munimine
324 644 504 710 roboratas.
518 641 639 708 Datum
655 661 845 726 permanes
861 640 992 710 discreti
1020 643 1083 710 riri
1109 643 1258 727 Magistri

133 747 283 816 Ladialai
297 750 444 816 Lectoris
458 748 607 816 Ecclesie
622 755 730 814 nostre
754 768 840 815 anno
866 747 988 816 domini
1013 749 1136 820 li⁰000
1159 769 1259 817 nona·

131 855 277 939 gesim03
293 856 451 941 Magistro
467 856 571 923 Panlo
587 854 738 940 (lantone,
755 855 910 941 Magistro
927 858 1083 941 Gregorio
1102 857 1255 944 Custode,

130 961 280 1030 Johanne
294 961 438 1046 Decano,
463 961 549 1048 Elya
574 969 607 1030 et
636 962 803 1048 Stephano
834 962 1011 1048 Magistris
1044 963 1190 1049 Nycolao
1223 971 1256 1031 et

130 1070 266 1138 Andrea
281 1070 503 1138 sacerdotibus
520 1076 552 1136 et
568 1071 683 1136 ceteris
700 1069 871 1138 (lenonicia
896 1069 1119 1138 existentibus.

132 1261 272 1328 (Eredetis
284 1259 460 1330 bdrhdrtydn,
474 1261 719 1331 sdrga-riolaminit
732 1263 961 1331 selysmasindron
974 1265 1060 1334 idggd
1083 1263 1178 1334 peccet
1189 1266 1260 1319 alsit

433 1353 546 1406 abudai
559 1355 610 1408 kin.
624 1355 748 1407 kamarai
772 1351 960 1420 levtltdrban.)

588 1637 798 1648 *ιη-ιι.-

658 2149 734 2218 388.

129 2330 162 2398 Α
176 2333 277 2421 pylio-i
302 2332 530 2419 trepidasset
548 2330 824 2416 biaoayadqlccele,
850 2331 995 2416 melylyel
1019 2352 1041 2394 a
1070 2328 1256 2396 metata·

126 2437 268 2506 mmcd
283 2440 371 2506 letati
386 2435 822 2610 dirtokwyozlkecgttzsdtlggzdl
838 2437 987 2521 citirja,a
1011 2433 1151 2522 illaillap
1178 2434 1256 2501 laite-

344 2703 373 2768 A
563 2701 591 2767 B
789 2701 814 2768 O
1011 2699 1041 2764 D

236 2877 454 2967 (O)apitolum
471 2877 654 2944 lentiensis
671 2877 818 2945 Ecclesia
833 2874 1005 2944 ·vniuersis
1032 2875 1156 2945 Christi
1182 2877 1256 2948 tide·

122 2989 212 3056 libns
229 2991 398 3072 presentes
422 2984 549 3053 litteras
572 2983 768 3070 inspectoris
794 2983 934 3050 salutem
959 2983 993 3050 in
1019 2984 1178 3050 Domino.
1206 2983 1256 3050 Ad

122 3096 349 3162 vniuersorum
364 3092 520 3159 noticiam
536 3092 651 3158 harum
666 3090 749 3159 serie
780 3089 929 3157 uolumus
953 3090 1140 3178 peruenire,
1168 3090 1256 3175 qood

122 3201 236 3267 Benoh
251 3198 338 3265 filius
355 3200 497 3265 Pctnrna
512 3199 632 3264 nobilis
649 3197 690 3262 de
713 3195 865 3263 anohuk
889 3215 998 3261 coram
1032 3196 1125 3264 nobis
1150 3213 1258 3282 perso

121 3307 246 3374 naliter
262 3305 466 3394 constitutus,
482 3305 667 3373 astantibus
683 3304 748 3372 sibi
763 3303 831 3370 llrd
846 3303 915 3370 filio
932 3304 983 3368 En
994 3301 1065 3390 dus,
1081 3303 1257 3371 Salomone

118 3413 190 3481 filio
207 3411 399 3498 Salomonis,
416 3412 520 3478 Belud
536 3413 603 3480 filio
635 3410 806 3480 Benedicti
832 3418 865 3477 ct
890 3409 1060 3494 Bogialao
1085 3409 1152 3476 filio
1175 3413 1254 3480 Wa-

119 3521 243 3591 lentini
259 3519 422 3589 nobilibus
438 3521 606 3588 decadem
623 3518 786 3602 anchok,
800 3537 858 3603 pro
876 3539 912 3586 se
928 3525 961 3585 et
986 3538 1047 3604 pro
1063 3525 1133 3586 tota
1157 3539 1255 3604 gene·

120 3629 260 3696 racione
275 3645 346 3714 sua,
363 3625 546 3695 uolentibus
564 3628 646 3695 etin
662 3627 754 3694 nullo
776 3625 1093 3712 contradicentibus,
1111 3623 1257 3692 exhibuit

123 3735 287 3821 quasdam
322 3733 449 3802 litteras
473 3739 602 3802 nostres
628 3731 833 3801 memoriales
863 3732 957 3799 nobis
997 3731 1084 3798 hunc
1112 3739 1255 3800 tenorem

125 3843 355 3933 continentes:
994 3865 998 3876 ·

234 3948 302 4015 Noe
338 3947 492 4031 Magister
520 3945 742 4014 Charaohinus
778 3947 841 4013 stb.
869 3943 1090 4034 (kivetkenik
1115 3965 1137 4010 a
1160 3945 1255 4032 gyori

121 4052 353 4140 kiptalannals
372 4052 508 4120 laea-ki
524 4052 813 4138 bizonystglevele
829 4052 910 4118 mint
923 4051 1054 4116 fentebb
1065 4053 1140 4118 348.
1152 4070 1196 4114 sz.
1206 4047 1254 4137 a.)

234 4161 390 4226 Preterea
405 4158 524 4244 prefati
540 4159 616 4244 Erd,
649 4159 802 4227 Salomon
818 4165 849 4225 et
874 4157 978 4226 Balad
1003 4177 1061 4243 pro
1078 4177 1114 4224 se
1139 4163 1171 4223 et
1195 4177 1253 4242 pro

120 4267 214 4335 linea
243 4264 466 4351 generacionis
492 4285 567 4351 sne3
591 4265 668 4334 item
694 4267 877 4336 antedictus
902 4265 1078 4351 Bogizlaue
1103 4261 1254 4329 similiter
1355 4343 1363 4354 ἱ

122 4395 184 4462 pro
200 4393 238 4443 se
254 4379 356 4460 cipro
372 4371 505 4442 Zodaet
522 4373 711 4460 Canachino,
728 4395 768 4442 ac
781 4394 841 4460 pro
851 4382 920 4442 tota
930 4373 1018 4440 linea
1026 4369 1252 4457 generacionis

121 4479 310 4566 eorundem,
325 4480 359 4548 in
384 4479 471 4549 tacto
487 4481 654 4552 cuiusdam
670 4481 848 4552 molendini
865 4481 942 4552 dicti
966 4480 1075 4550 Benoh
1101 4476 1251 4550 exhibue-
