<?xml version="1.0" encoding="UTF-8"?>
<!DOCTYPE html PUBLIC "-//W3C//DTD XHTML 1.0 Transitional//EN"
    "http://www.w3.org/TR/xhtml1/DTD/xhtml1-transitional.dtd">
<html xmlns="http://www.w3.org/1999/xhtml" xml:lang="en" lang="en">
 <head>
  <title>
</title>
<meta http-equiv="Content-Type" content="text/html;charset=utf-8" />
  <meta name='ocr-system' content='tesseract 3.04.00' />
  <meta name='ocr-capabilities' content='ocr_page ocr_carea ocr_par ocr_line ocrx_word'/>
</head>
<body>
  <div class='ocr_page' id='page_1' title='image "./codexdiplomatic12wenzgoog_0578.png"; bbox 0 0 3146 5166; ppageno 0'>
   <div class='ocr_carea' id='block_1_1' title="bbox 784 207 947 310">
    <p class='ocr_par' dir='ltr' id='par_1_1' title="bbox 784 207 947 310">
     <span class='ocr_line' id='line_1_1' title="bbox 784 207 947 310; baseline 0 -37"><span class='ocrx_word' id='word_1_1' title='bbox 784 207 947 310; x_wconf 54' lang='lat' dir='ltr'>El„-</span> 
     </span>
    </p>
   </div>
   <div class='ocr_carea' id='block_1_2' title="bbox 295 402 1428 702">
    <p class='ocr_par' dir='ltr' id='par_1_2' title="bbox 295 402 1428 702">
     <span class='ocr_line' id='line_1_2' title="bbox 295 402 1422 489; baseline -0.001 -19"><span class='ocrx_word' id='word_1_2' title='bbox 295 409 371 472; x_wconf 88' lang='lat' dir='ltr'>runt</span> <span class='ocrx_word' id='word_1_3' title='bbox 383 402 477 470; x_wconf 89' lang='lat' dir='ltr'>nobis</span> <span class='ocrx_word' id='word_1_4' title='bbox 502 407 652 488; x_wconf 82' lang='lat' dir='ltr'>putentes</span> <span class='ocrx_word' id='word_1_5' title='bbox 669 402 797 469; x_wconf 76' lang='lat' dir='ltr'><strong>litteras</strong></span> <span class='ocrx_word' id='word_1_6' title='bbox 827 407 956 468; x_wconf 84' lang='lat' dir='ltr'>nostres</span> <span class='ocrx_word' id='word_1_7' title='bbox 979 420 1038 487; x_wconf 91' lang='lat' dir='ltr'>pro</span> <span class='ocrx_word' id='word_1_8' title='bbox 1063 403 1211 488; x_wconf 85' lang='lat' dir='ltr'>partibus</span> <span class='ocrx_word' id='word_1_9' title='bbox 1236 402 1422 489; x_wconf 75' lang='lat' dir='ltr'>duplicatas</span> 
     </span>
     <span class='ocr_line' id='line_1_3' title="bbox 297 505 1428 598; baseline -0.004 -19"><span class='ocrx_word' id='word_1_10' title='bbox 297 531 395 598; x_wconf 87' lang='lat' dir='ltr'>super</span> <span class='ocrx_word' id='word_1_11' title='bbox 411 509 574 578; x_wconf 87' lang='lat' dir='ltr'>communi</span> <span class='ocrx_word' id='word_1_12' title='bbox 591 505 750 576; x_wconf 87' lang='lat' dir='ltr'>diuisione</span> <span class='ocrx_word' id='word_1_13' title='bbox 775 510 999 578; x_wconf 76' lang='lat' dir='ltr'>uniuersorum</span> <span class='ocrx_word' id='word_1_14' title='bbox 1024 508 1182 576; x_wconf 87' lang='lat' dir='ltr'>nobilium</span> <span class='ocrx_word' id='word_1_15' title='bbox 1207 510 1248 576; x_wconf 89' lang='lat' dir='ltr'>de</span> <span class='ocrx_word' id='word_1_16' title='bbox 1278 508 1428 576; x_wconf 85' lang='lat' dir='ltr'>Zurcbulr</span> 
     </span>
     <span class='ocr_line' id='line_1_4' title="bbox 297 615 1428 702; baseline -0.004 -15"><span class='ocrx_word' id='word_1_17' title='bbox 297 618 464 687; x_wconf 78' lang='lat' dir='ltr'>confectas</span> <span class='ocrx_word' id='word_1_18' title='bbox 480 621 514 682; x_wconf 88' lang='lat' dir='ltr'>et</span> <span class='ocrx_word' id='word_1_19' title='bbox 529 635 713 702; x_wconf 79' lang='lat' dir='ltr'>concessos,</span> <span class='ocrx_word' id='word_1_20' title='bbox 730 617 896 701; x_wconf 88' lang='lat' dir='ltr'>inquibus</span> <span class='ocrx_word' id='word_1_21' title='bbox 912 615 1043 700; x_wconf 91' lang='lat' dir='ltr'>quidem</span> <span class='ocrx_word' id='word_1_22' title='bbox 1060 617 1181 685; x_wconf 89' lang='lat' dir='ltr'>litteris</span> <span class='ocrx_word' id='word_1_23' title='bbox 1196 637 1305 684; x_wconf 82' lang='lat' dir='ltr'>coram</span> <span class='ocrx_word' id='word_1_24' title='bbox 1335 615 1428 682; x_wconf 89' lang='lat' dir='ltr'>nobis</span> 
     </span>
    </p>
   </div>
   <div class='ocr_carea' id='block_1_3' title="bbox 297 722 1547 1130">
    <p class='ocr_par' dir='ltr' id='par_1_3' title="bbox 297 705 1547 1130">
     <span class='ocr_line' id='line_1_5' title="bbox 297 722 1427 811; baseline -0.002 -19"><span class='ocrx_word' id='word_1_25' title='bbox 297 724 452 811; x_wconf 83' lang='lat' dir='ltr'>perlectis</span> <span class='ocrx_word' id='word_1_26' title='bbox 469 722 511 789; x_wconf 87' lang='lat' dir='ltr'>de</span> <span class='ocrx_word' id='word_1_27' title='bbox 526 725 625 791; x_wconf 89' lang='lat' dir='ltr'>uerbo</span> <span class='ocrx_word' id='word_1_28' title='bbox 641 723 685 789; x_wconf 83' lang='lat' dir='ltr'>ed</span> <span class='ocrx_word' id='word_1_29' title='bbox 710 723 844 791; x_wconf 89' lang='lat' dir='ltr'>uerbum</span> <span class='ocrx_word' id='word_1_30' title='bbox 869 723 991 807; x_wconf 84' lang='lat' dir='ltr'>puriter</span> <span class='ocrx_word' id='word_1_31' title='bbox 1017 730 1049 789; x_wconf 89' lang='lat' dir='ltr'>et</span> <span class='ocrx_word' id='word_1_32' title='bbox 1074 724 1203 804; x_wconf 80' lang='lat' dir='ltr'>collutis</span> <span class='ocrx_word' id='word_1_33' title='bbox 1229 723 1314 791; x_wconf 84' lang='lat' dir='ltr'>inter</span> <span class='ocrx_word' id='word_1_34' title='bbox 1344 723 1427 789; x_wconf 79' lang='lat' dir='ltr'>ulios</span> 
     </span>
     <span class='ocr_line' id='line_1_6' title="bbox 298 829 1422 916; baseline -0.001 -19"><span class='ocrx_word' id='word_1_35' title='bbox 298 829 454 900; x_wconf 80' lang='lat' dir='ltr'>articulos</span> <span class='ocrx_word' id='word_1_36' title='bbox 469 829 639 900; x_wconf 88' lang='lat' dir='ltr'>diuisionis</span> <span class='ocrx_word' id='word_1_37' title='bbox 664 829 848 898; x_wconf 87' lang='lat' dir='ltr'>huiusmodi</span> <span class='ocrx_word' id='word_1_38' title='bbox 873 829 1098 915; x_wconf 71' lang='lat' dir='ltr'>comperimus,</span> <span class='ocrx_word' id='word_1_39' title='bbox 1127 831 1215 914; x_wconf 90' lang='lat' dir='ltr'>quod</span> <span class='ocrx_word' id='word_1_40' title='bbox 1240 831 1422 916; x_wconf 72' lang='lat' dir='ltr'>sepedictus</span> 
     </span>
     <span class='ocr_line' id='line_1_7' title="bbox 300 935 1547 1022; baseline -0.003 -16"><span class='ocrx_word' id='word_1_41' title='bbox 300 936 411 1006; x_wconf 88' lang='lat' dir='ltr'>Beneh</span> <span class='ocrx_word' id='word_1_42' title='bbox 426 935 644 1009; x_wconf 84' lang='lat' dir='ltr'>molendinum</span> <span class='ocrx_word' id='word_1_43' title='bbox 676 935 874 1004; x_wconf 79' lang='lat' dir='ltr'>antedictum</span> <span class='ocrx_word' id='word_1_44' title='bbox 900 937 934 1002; x_wconf 93' lang='lat' dir='ltr'>in</span> <span class='ocrx_word' id='word_1_45' title='bbox 960 957 1047 1022; x_wconf 80' lang='lat' dir='ltr'>equs</span> <span class='ocrx_word' id='word_1_46' title='bbox 1071 938 1204 1004; x_wconf 80' lang='lat' dir='ltr'>Turnus</span> <span class='ocrx_word' id='word_1_47' title='bbox 1229 941 1329 1005; x_wconf 90' lang='lat' dir='ltr'>situm</span> <span class='ocrx_word' id='word_1_48' title='bbox 1356 957 1427 1005; x_wconf 90' lang='lat' dir='ltr'>cum</span> <span class='ocrx_word' id='word_1_49' title='bbox 1546 969 1547 1020; x_wconf 73' lang='grc'>,</span> 
     </span>
     <span class='ocr_line' id='line_1_8' title="bbox 300 1023 1547 1130; baseline -0.001 -21"><span class='ocrx_word' id='word_1_50' title='bbox 300 1045 405 1112; x_wconf 85' lang='lat' dir='ltr'>tribus</span> <span class='ocrx_word' id='word_1_51' title='bbox 421 1045 587 1128; x_wconf 79' lang='lat' dir='ltr'>iugeribus</span> <span class='ocrx_word' id='word_1_52' title='bbox 604 1050 687 1112; x_wconf 82' lang='lat' dir='ltr'>terre</span> <span class='ocrx_word' id='word_1_53' title='bbox 703 1049 782 1110; x_wconf 84' lang='lat' dir='ltr'>unte</span> <span class='ocrx_word' id='word_1_54' title='bbox 798 1045 904 1129; x_wconf 92' lang='lat' dir='ltr'>ipsum</span> <span class='ocrx_word' id='word_1_55' title='bbox 920 1043 1142 1112; x_wconf 88' lang='lat' dir='ltr'>molendinum</span> <span class='ocrx_word' id='word_1_56' title='bbox 1157 1065 1179 1112; x_wconf 85' lang='lat' dir='ltr'>u</span> <span class='ocrx_word' id='word_1_57' title='bbox 1194 1051 1286 1130; x_wconf 81' lang='lat' dir='ltr'>parts</span> <span class='ocrx_word' id='word_1_58' title='bbox 1302 1043 1423 1127; x_wconf 83' lang='lat' dir='ltr'>aquilo</span> <span class='ocrx_word' id='word_1_59' title='bbox 1546 1023 1547 1068; x_wconf 47' lang='lat' dir='ltr'>l</span> 
     </span>
    </p>
   </div>
   <div class='ocr_carea' id='block_1_4' title="bbox 302 1149 1423 1238">
    <p class='ocr_par' dir='ltr' id='par_1_4' title="bbox 302 1149 1423 1238">
     <span class='ocr_line' id='line_1_9' title="bbox 302 1149 1423 1238; baseline -0.004 -20"><span class='ocrx_word' id='word_1_60' title='bbox 302 1153 354 1219; x_wconf 83' lang='lat' dir='ltr'>nir</span> <span class='ocrx_word' id='word_1_61' title='bbox 385 1153 418 1219; x_wconf 93' lang='lat' dir='ltr'>in</span> <span class='ocrx_word' id='word_1_62' title='bbox 434 1173 497 1220; x_wconf 90' lang='lat' dir='ltr'>uno</span> <span class='ocrx_word' id='word_1_63' title='bbox 529 1151 644 1220; x_wconf 91' lang='lat' dir='ltr'>ordine</span> <span class='ocrx_word' id='word_1_64' title='bbox 660 1151 874 1219; x_wconf 85' lang='lat' dir='ltr'>existentibus</span> <span class='ocrx_word' id='word_1_65' title='bbox 890 1157 923 1218; x_wconf 92' lang='lat' dir='ltr'>et</span> <span class='ocrx_word' id='word_1_66' title='bbox 939 1149 1132 1221; x_wconf 78' lang='lat' dir='ltr'>adeundum</span> <span class='ocrx_word' id='word_1_67' title='bbox 1148 1154 1282 1238; x_wconf 78' lang='lat' dir='ltr'>plegem</span> <span class='ocrx_word' id='word_1_68' title='bbox 1303 1150 1423 1234; x_wconf 76' lang='lat' dir='ltr'>aquilo·</span> 
     </span>
    </p>
   </div>
   <div class='ocr_carea' id='block_1_5' title="bbox 303 1257 1547 1346">
    <p class='ocr_par' dir='ltr' id='par_1_5' title="bbox 303 1257 1547 1346">
     <span class='ocr_line' id='line_1_10' title="bbox 303 1257 1547 1346; baseline -0.004 -20"><span class='ocrx_word' id='word_1_69' title='bbox 303 1261 354 1326; x_wconf 91' lang='lat' dir='ltr'>nis</span> <span class='ocrx_word' id='word_1_70' title='bbox 370 1259 404 1325; x_wconf 93' lang='lat' dir='ltr'>in</span> <span class='ocrx_word' id='word_1_71' title='bbox 428 1259 611 1346; x_wconf 80' lang='lat' dir='ltr'>latitudine,</span> <span class='ocrx_word' id='word_1_72' title='bbox 629 1267 661 1326; x_wconf 89' lang='lat' dir='ltr'>ct</span> <span class='ocrx_word' id='word_1_73' title='bbox 671 1258 715 1326; x_wconf 86' lang='lat' dir='ltr'>ud</span> <span class='ocrx_word' id='word_1_74' title='bbox 731 1259 888 1326; x_wconf 85' lang='lat' dir='ltr'>orientem</span> <span class='ocrx_word' id='word_1_75' title='bbox 905 1279 945 1326; x_wconf 82' lang='lat' dir='ltr'>uc</span> <span class='ocrx_word' id='word_1_76' title='bbox 960 1257 1004 1325; x_wconf 83' lang='lat' dir='ltr'>sd</span> <span class='ocrx_word' id='word_1_77' title='bbox 1020 1259 1250 1326; x_wconf 89' lang='lat' dir='ltr'>occidentem</span> <span class='ocrx_word' id='word_1_78' title='bbox 1240 1281 1275 1327; x_wconf 93' lang='grc' dir='ltr'>ιιι</span> <span class='ocrx_word' id='word_1_79' title='bbox 1292 1258 1429 1342; x_wconf 82' lang='lat' dir='ltr'>longitu-</span> <span class='ocrx_word' id='word_1_80' title='bbox 1546 1299 1547 1304; x_wconf 20' lang='grc' dir='ltr'><strong>κ</strong></span> 
     </span>
    </p>
   </div>
   <div class='ocr_carea' id='block_1_6' title="bbox 304 1363 1435 3255">
    <p class='ocr_par' dir='ltr' id='par_1_6' title="bbox 304 1363 1435 3255">
     <span class='ocr_line' id='line_1_11' title="bbox 305 1363 1430 1452; baseline -0.001 -21"><span class='ocrx_word' id='word_1_81' title='bbox 305 1365 657 1452; x_wconf 86' lang='lat' dir='ltr'>dineproteudentibus</span> <span class='ocrx_word' id='word_1_82' title='bbox 667 1373 700 1434; x_wconf 92' lang='lat' dir='ltr'>et</span> <span class='ocrx_word' id='word_1_83' title='bbox 710 1365 947 1452; x_wconf 90' lang='lat' dir='ltr'>pertinentibus</span> <span class='ocrx_word' id='word_1_84' title='bbox 957 1364 1097 1434; x_wconf 83' lang='lat' dir='ltr'>edidcm</span> <span class='ocrx_word' id='word_1_85' title='bbox 1107 1365 1327 1433; x_wconf 87' lang='lat' dir='ltr'>molendinum</span> <span class='ocrx_word' id='word_1_86' title='bbox 1328 1363 1430 1448; x_wconf 91' lang='lat' dir='ltr'>‚quod</span> 
     </span>
     <span class='ocr_line' id='line_1_12' title="bbox 304 1470 1428 1560; baseline -0.002 -22"><span class='ocrx_word' id='word_1_87' title='bbox 304 1473 339 1538; x_wconf 89' lang='lat' dir='ltr'>in</span> <span class='ocrx_word' id='word_1_88' title='bbox 354 1471 532 1541; x_wconf 81' lang='lat' dir='ltr'>medietate</span> <span class='ocrx_word' id='word_1_89' title='bbox 548 1472 795 1560; x_wconf 83' lang='lat' dir='ltr'>longitudinis&#39;</span> <span class='ocrx_word' id='word_1_90' title='bbox 785 1474 887 1559; x_wconf 89' lang='lat' dir='ltr'>rpsius</span> <span class='ocrx_word' id='word_1_91' title='bbox 913 1480 998 1541; x_wconf 89' lang='lat' dir='ltr'>terre</span> <span class='ocrx_word' id='word_1_92' title='bbox 1024 1473 1059 1540; x_wconf 94' lang='lat' dir='ltr'>in</span> <span class='ocrx_word' id='word_1_93' title='bbox 1084 1473 1174 1539; x_wconf 82' lang='lat' dir='ltr'>diets</span> <span class='ocrx_word' id='word_1_94' title='bbox 1198 1491 1287 1556; x_wconf 79' lang='lat' dir='ltr'>sque</span> <span class='ocrx_word' id='word_1_95' title='bbox 1312 1470 1428 1537; x_wconf 90' lang='lat' dir='ltr'>dicitur</span> 
     </span>
     <span class='ocr_line' id='line_1_13' title="bbox 304 1577 1427 1668; baseline -0.007 -20"><span class='ocrx_word' id='word_1_96' title='bbox 304 1597 377 1648; x_wconf 86' lang='lat' dir='ltr'>esse</span> <span class='ocrx_word' id='word_1_97' title='bbox 393 1579 498 1668; x_wconf 86' lang='lat' dir='ltr'>situm,</span> <span class='ocrx_word' id='word_1_98' title='bbox 515 1586 629 1648; x_wconf 80' lang='lat' dir='ltr'>contra</span> <span class='ocrx_word' id='word_1_99' title='bbox 644 1579 889 1650; x_wconf 73' lang='lat' dir='ltr'>uniuersitatem</span> <span class='ocrx_word' id='word_1_100' title='bbox 905 1580 1062 1647; x_wconf 89' lang='lat' dir='ltr'>nobilium</span> <span class='ocrx_word' id='word_1_101' title='bbox 1086 1579 1128 1647; x_wconf 89' lang='lat' dir='ltr'>de</span> <span class='ocrx_word' id='word_1_102' title='bbox 1145 1579 1259 1647; x_wconf 87' lang='lat' dir='ltr'>eudem</span> <span class='ocrx_word' id='word_1_103' title='bbox 1275 1577 1427 1646; x_wconf 82' lang='lat' dir='ltr'>Zurcbulr</span> 
     </span>
     <span class='ocr_line' id='line_1_14' title="bbox 305 1685 1426 1772; baseline -0.001 -21"><span class='ocrx_word' id='word_1_104' title='bbox 305 1686 483 1752; x_wconf 89' lang='lat' dir='ltr'>seeundum</span> <span class='ocrx_word' id='word_1_105' title='bbox 498 1685 666 1753; x_wconf 76' lang='lat' dir='ltr'>arbitrium</span> <span class='ocrx_word' id='word_1_106' title='bbox 682 1686 901 1772; x_wconf 90' lang='lat' dir='ltr'>proborum&#39;</span> <span class='ocrx_word' id='word_1_107' title='bbox 871 1706 1014 1755; x_wconf 78' lang='lat' dir='ltr'>virorum</span> <span class='ocrx_word' id='word_1_108' title='bbox 1030 1693 1124 1754; x_wconf 81' lang='lat' dir='ltr'>extre</span> <span class='ocrx_word' id='word_1_109' title='bbox 1140 1705 1266 1753; x_wconf 88' lang='lat' dir='ltr'>omnem</span> <span class='ocrx_word' id='word_1_110' title='bbox 1285 1705 1426 1752; x_wconf 91' lang='lat' dir='ltr'>commu</span> 
     </span>
     <span class='ocr_line' id='line_1_15' title="bbox 305 1792 1428 1880; baseline -0.002 -22"><span class='ocrx_word' id='word_1_111' title='bbox 305 1793 415 1860; x_wconf 80' lang='lat' dir='ltr'>nitetis</span> <span class='ocrx_word' id='word_1_112' title='bbox 431 1793 622 1861; x_wconf 88' lang='lat' dir='ltr'>diuisionem</span> <span class='ocrx_word' id='word_1_113' title='bbox 639 1792 800 1879; x_wconf 81' lang='lat' dir='ltr'>prefatam</span> <span class='ocrx_word' id='word_1_114' title='bbox 816 1793 1010 1880; x_wconf 82' lang='lat' dir='ltr'>optinuisset</span> <span class='ocrx_word' id='word_1_115' title='bbox 1035 1795 1170 1879; x_wconf 88' lang='lat' dir='ltr'>prestito</span> <span class='ocrx_word' id='word_1_116' title='bbox 1195 1792 1392 1879; x_wconf 81' lang='lat' dir='ltr'>corporali&#39;</span> <span class='ocrx_word' id='word_1_117' title='bbox 1384 1811 1428 1856; x_wconf 89' lang='lat' dir='ltr'>ru-</span> 
     </span>
     <span class='ocr_line' id='line_1_16' title="bbox 306 1897 1427 1986; baseline -0.002 -20"><span class='ocrx_word' id='word_1_118' title='bbox 306 1905 460 1984; x_wconf 84' lang='lat' dir='ltr'>ramento,</span> <span class='ocrx_word' id='word_1_119' title='bbox 476 1905 509 1968; x_wconf 90' lang='lat' dir='ltr'>et</span> <span class='ocrx_word' id='word_1_120' title='bbox 524 1898 610 1968; x_wconf 88' lang='lat' dir='ltr'>idern</span> <span class='ocrx_word' id='word_1_121' title='bbox 635 1899 761 1968; x_wconf 86' lang='lat' dir='ltr'>nobiles</span> <span class='ocrx_word' id='word_1_122' title='bbox 779 1898 819 1968; x_wconf 91' lang='lat' dir='ltr'>de</span> <span class='ocrx_word' id='word_1_123' title='bbox 844 1899 998 1968; x_wconf 77' lang='lat' dir='ltr'>Zurehuls</span> <span class='ocrx_word' id='word_1_124' title='bbox 1023 1897 1184 1986; x_wconf 74' lang='lat' dir='ltr'>prefatum</span> <span class='ocrx_word' id='word_1_125' title='bbox 1210 1899 1427 1968; x_wconf 88' lang='lat' dir='ltr'>molendinum</span> 
     </span>
     <span class='ocr_line' id='line_1_17' title="bbox 308 2003 1427 2090; baseline -0.004 -14"><span class='ocrx_word' id='word_1_126' title='bbox 308 2027 380 2076; x_wconf 92' lang='lat' dir='ltr'>cum</span> <span class='ocrx_word' id='word_1_127' title='bbox 395 2005 491 2073; x_wconf 90' lang='lat' dir='ltr'>dictis</span> <span class='ocrx_word' id='word_1_128' title='bbox 506 2009 609 2075; x_wconf 87' lang='lat' dir='ltr'>tribus</span> <span class='ocrx_word' id='word_1_129' title='bbox 625 2007 794 2090; x_wconf 83' lang='lat' dir='ltr'>iugeribus</span> <span class='ocrx_word' id='word_1_130' title='bbox 820 2013 905 2074; x_wconf 89' lang='lat' dir='ltr'>terre</span> <span class='ocrx_word' id='word_1_131' title='bbox 930 2006 1033 2074; x_wconf 86' lang='lat' dir='ltr'>cidem</span> <span class='ocrx_word' id='word_1_132' title='bbox 1059 2005 1172 2074; x_wconf 91' lang='lat' dir='ltr'>Beneh</span> <span class='ocrx_word' id='word_1_133' title='bbox 1198 2013 1231 2073; x_wconf 90' lang='lat' dir='ltr'>ct</span> <span class='ocrx_word' id='word_1_134' title='bbox 1254 2003 1427 2073; x_wconf 88' lang='lat' dir='ltr'>heredibus</span> 
     </span>
     <span class='ocr_line' id='line_1_18' title="bbox 308 2112 1426 2199; baseline -0.004 -17"><span class='ocrx_word' id='word_1_135' title='bbox 308 2113 376 2182; x_wconf 90' lang='lat' dir='ltr'>suis</span> <span class='ocrx_word' id='word_1_136' title='bbox 391 2113 527 2198; x_wconf 79' lang='lat' dir='ltr'>pacifice</span> <span class='ocrx_word' id='word_1_137' title='bbox 542 2121 573 2180; x_wconf 92' lang='lat' dir='ltr'>et</span> <span class='ocrx_word' id='word_1_138' title='bbox 589 2115 698 2198; x_wconf 90' lang='lat' dir='ltr'>quiete</span> <span class='ocrx_word' id='word_1_139' title='bbox 713 2112 944 2199; x_wconf 90' lang='lat' dir='ltr'>possidendum</span> <span class='ocrx_word' id='word_1_140' title='bbox 962 2113 1190 2197; x_wconf 86' lang='lat' dir='ltr'>reliquissent;</span> <span class='ocrx_word' id='word_1_141' title='bbox 1208 2113 1291 2180; x_wconf 88' lang='lat' dir='ltr'>sicut</span> <span class='ocrx_word' id='word_1_142' title='bbox 1307 2119 1340 2179; x_wconf 89' lang='lat' dir='ltr'>et</span> <span class='ocrx_word' id='word_1_143' title='bbox 1355 2113 1426 2197; x_wconf 82' lang='lat' dir='ltr'>Erd,</span> 
     </span>
     <span class='ocr_line' id='line_1_19' title="bbox 309 2218 1424 2306; baseline -0.002 -18"><span class='ocrx_word' id='word_1_144' title='bbox 309 2221 472 2306; x_wconf 75' lang='lat' dir='ltr'>salomon,</span> <span class='ocrx_word' id='word_1_145' title='bbox 488 2221 592 2288; x_wconf 90' lang='lat' dir='ltr'>Belud</span> <span class='ocrx_word' id='word_1_146' title='bbox 609 2228 641 2289; x_wconf 89' lang='lat' dir='ltr'>ct</span> <span class='ocrx_word' id='word_1_147' title='bbox 656 2221 828 2306; x_wconf 84' lang='lat' dir='ltr'>Bogiulsus</span> <span class='ocrx_word' id='word_1_148' title='bbox 844 2222 916 2290; x_wconf 91' lang='lat' dir='ltr'>uice</span> <span class='ocrx_word' id='word_1_149' title='bbox 931 2221 1075 2288; x_wconf 90' lang='lat' dir='ltr'>omnium</span> <span class='ocrx_word' id='word_1_150' title='bbox 1092 2221 1249 2288; x_wconf 92' lang='lat' dir='ltr'>nobilium</span> <span class='ocrx_word' id='word_1_151' title='bbox 1264 2218 1424 2305; x_wconf 88' lang='lat' dir='ltr'>predicto·</span> 
     </span>
     <span class='ocr_line' id='line_1_20' title="bbox 309 2326 1429 2413; baseline -0.006 -16"><span class='ocrx_word' id='word_1_152' title='bbox 309 2347 382 2397; x_wconf 86' lang='lat' dir='ltr'>rum</span> <span class='ocrx_word' id='word_1_153' title='bbox 396 2329 603 2413; x_wconf 90' lang='lat' dir='ltr'>reliquerunt.</span> <span class='ocrx_word' id='word_1_154' title='bbox 629 2329 697 2396; x_wconf 87' lang='lat' dir='ltr'>Nos</span> <span class='ocrx_word' id='word_1_155' title='bbox 723 2328 823 2412; x_wconf 85' lang='lat' dir='ltr'>igitur</span> <span class='ocrx_word' id='word_1_156' title='bbox 846 2327 892 2394; x_wconf 84' lang='lat' dir='ltr'>cd</span> <span class='ocrx_word' id='word_1_157' title='bbox 915 2328 1033 2395; x_wconf 86' lang='lat' dir='ltr'>iustam</span> <span class='ocrx_word' id='word_1_158' title='bbox 1058 2327 1252 2413; x_wconf 79' lang='lat' dir='ltr'>peticionem</span> <span class='ocrx_word' id='word_1_159' title='bbox 1277 2326 1429 2394; x_wconf 91' lang='lat' dir='ltr'>nobilium</span> 
     </span>
     <span class='ocr_line' id='line_1_21' title="bbox 310 2434 1431 2524; baseline -0.004 -21"><span class='ocrx_word' id='word_1_160' title='bbox 310 2436 528 2524; x_wconf 88' lang='lat' dir='ltr'>predictorum</span> <span class='ocrx_word' id='word_1_161' title='bbox 545 2437 698 2504; x_wconf 79' lang='lat' dir='ltr'>articulos</span> <span class='ocrx_word' id='word_1_162' title='bbox 714 2434 912 2522; x_wconf 80' lang='lat' dir='ltr'>prolaturum</span> <span class='ocrx_word' id='word_1_163' title='bbox 927 2435 1106 2502; x_wconf 77' lang='lat' dir='ltr'>litterarum</span> <span class='ocrx_word' id='word_1_164' title='bbox 1117 2454 1179 2500; x_wconf 91' lang='lat' dir='ltr'>uon</span> <span class='ocrx_word' id='word_1_165' title='bbox 1192 2453 1350 2519; x_wconf 80' lang='lat' dir='ltr'>rasurum,</span> <span class='ocrx_word' id='word_1_166' title='bbox 1369 2454 1431 2498; x_wconf 92' lang='lat' dir='ltr'>uon</span> 
     </span>
     <span class='ocr_line' id='line_1_22' title="bbox 312 2539 1431 2628; baseline -0.004 -17"><span class='ocrx_word' id='word_1_167' title='bbox 312 2544 577 2628; x_wconf 77' lang='lat' dir='ltr'>cancellatarum,</span> <span class='ocrx_word' id='word_1_168' title='bbox 595 2541 703 2610; x_wconf 91' lang='lat' dir='ltr'>necin</span> <span class='ocrx_word' id='word_1_169' title='bbox 720 2541 831 2626; x_wconf 80' lang='lat' dir='ltr'>aliqua</span> <span class='ocrx_word' id='word_1_170' title='bbox 842 2561 892 2608; x_wconf 90' lang='lat' dir='ltr'>sur</span> <span class='ocrx_word' id='word_1_171' title='bbox 883 2541 996 2627; x_wconf 84' lang='lat' dir='ltr'>purte</span> <span class='ocrx_word' id='word_1_172' title='bbox 1011 2539 1215 2626; x_wconf 86' lang='lat' dir='ltr'>uicisturnm,</span> <span class='ocrx_word' id='word_1_173' title='bbox 1231 2539 1431 2625; x_wconf 90' lang='lat' dir='ltr'>presentibus</span> 
     </span>
     <span class='ocr_line' id='line_1_23' title="bbox 311 2645 1432 2736; baseline -0.005 -21"><span class='ocrx_word' id='word_1_174' title='bbox 311 2650 413 2716; x_wconf 90' lang='lat' dir='ltr'>inseri</span> <span class='ocrx_word' id='word_1_175' title='bbox 431 2649 576 2736; x_wconf 83' lang='lat' dir='ltr'>lecimus,</span> <span class='ocrx_word' id='word_1_176' title='bbox 593 2656 624 2717; x_wconf 88' lang='lat' dir='ltr'>ct</span> <span class='ocrx_word' id='word_1_177' title='bbox 640 2647 684 2715; x_wconf 86' lang='lat' dir='ltr'>sd</span> <span class='ocrx_word' id='word_1_178' title='bbox 698 2655 887 2736; x_wconf 86' lang='lat' dir='ltr'>perpetuum</span> <span class='ocrx_word' id='word_1_179' title='bbox 898 2649 945 2714; x_wconf 89' lang='lat' dir='ltr'>rei</span> <span class='ocrx_word' id='word_1_180' title='bbox 956 2645 1143 2715; x_wconf 85' lang='lat' dir='ltr'>memorium</span> <span class='ocrx_word' id='word_1_181' title='bbox 1159 2645 1281 2714; x_wconf 86' lang='lat' dir='ltr'>eisdem</span> <span class='ocrx_word' id='word_1_182' title='bbox 1291 2653 1432 2713; x_wconf 88' lang='lat' dir='ltr'>nostrum</span> 
     </span>
     <span class='ocr_line' id='line_1_24' title="bbox 312 2751 1431 2843; baseline -0.006 -19"><span class='ocrx_word' id='word_1_183' title='bbox 312 2756 456 2841; x_wconf 79' lang='lat' dir='ltr'>sigillum</span> <span class='ocrx_word' id='word_1_184' title='bbox 473 2755 622 2824; x_wconf 87' lang='lat' dir='ltr'>duximus</span> <span class='ocrx_word' id='word_1_185' title='bbox 639 2755 874 2843; x_wconf 82' lang='lat' dir='ltr'>opponendum</span> <span class='ocrx_word' id='word_1_186' title='bbox 901 2751 1047 2820; x_wconf 83' lang='lat' dir='ltr'>Detum&#39;</span> <span class='ocrx_word' id='word_1_187' title='bbox 1038 2773 1072 2818; x_wconf 90' lang='grc' dir='ltr'>ιιι</span> <span class='ocrx_word' id='word_1_188' title='bbox 1098 2753 1182 2820; x_wconf 85' lang='lat' dir='ltr'>festo</span> <span class='ocrx_word' id='word_1_189' title='bbox 1206 2753 1431 2840; x_wconf 86' lang='lat' dir='ltr'>Apostolorum</span> 
     </span>
     <span class='ocr_line' id='line_1_25' title="bbox 313 2852 1433 2951; baseline -0.006 -18"><span class='ocrx_word' id='word_1_190' title='bbox 313 2864 457 2951; x_wconf 90' lang='lat' dir='ltr'>Philippi</span> <span class='ocrx_word' id='word_1_191' title='bbox 474 2873 508 2933; x_wconf 88' lang='lat' dir='ltr'>et</span> <span class='ocrx_word' id='word_1_192' title='bbox 533 2852 650 2932; x_wconf 74' lang='lat' dir='ltr'>iacobi</span> <span class='ocrx_word' id='word_1_193' title='bbox 665 2866 839 2930; x_wconf 87' lang='lat' dir='ltr'>Beutorum</span> <span class='ocrx_word' id='word_1_194' title='bbox 855 2882 941 2930; x_wconf 83' lang='lat' dir='ltr'>enno</span> <span class='ocrx_word' id='word_1_195' title='bbox 957 2861 1090 2929; x_wconf 90' lang='lat' dir='ltr'>Domini</span> <span class='ocrx_word' id='word_1_196' title='bbox 1104 2861 1293 2930; x_wconf 86' lang='lat' dir='ltr'>millessimo</span> <span class='ocrx_word' id='word_1_197' title='bbox 1320 2861 1433 2927; x_wconf 83' lang='lat' dir='ltr'>ducen-</span> 
     </span>
     <span class='ocr_line' id='line_1_26' title="bbox 315 2966 1434 3057; baseline -0.006 -19"><span class='ocrx_word' id='word_1_198' title='bbox 315 2973 433 3040; x_wconf 88' lang='lat' dir='ltr'>tesimo</span> <span class='ocrx_word' id='word_1_199' title='bbox 450 2971 672 3057; x_wconf 78' lang='lat' dir='ltr'>nonogesimo.</span> <span class='ocrx_word' id='word_1_200' title='bbox 689 2969 855 3055; x_wconf 74' lang='lat' dir='ltr'>Magistris</span> <span class='ocrx_word' id='word_1_201' title='bbox 872 2967 1055 3038; x_wconf 79' lang='lat' dir='ltr'>Ourucbino</span> <span class='ocrx_word' id='word_1_202' title='bbox 1071 2968 1250 3056; x_wconf 86' lang='lat' dir='ltr'>Prepesito,</span> <span class='ocrx_word' id='word_1_203' title='bbox 1266 2966 1434 3034; x_wconf 91' lang='lat' dir='ltr'>Dominico</span> 
     </span>
     <span class='ocr_line' id='line_1_27' title="bbox 318 3075 1435 3167; baseline -0.006 -21"><span class='ocrx_word' id='word_1_204' title='bbox 318 3079 468 3167; x_wconf 67' lang='lat' dir='ltr'>(lentore,</span> <span class='ocrx_word' id='word_1_205' title='bbox 501 3081 583 3148; x_wconf 89' lang='lat' dir='ltr'>Bors</span> <span class='ocrx_word' id='word_1_206' title='bbox 613 3081 756 3166; x_wconf 85' lang='lat' dir='ltr'>Lectore,</span> <span class='ocrx_word' id='word_1_207' title='bbox 787 3076 952 3165; x_wconf 79' lang='lat' dir='ltr'>Stephano</span> <span class='ocrx_word' id='word_1_208' title='bbox 985 3077 1125 3145; x_wconf 78' lang='lat' dir='ltr'>Custode</span> <span class='ocrx_word' id='word_1_209' title='bbox 1154 3075 1302 3144; x_wconf 81' lang='lat' dir='ltr'>Ecclesic</span> <span class='ocrx_word' id='word_1_210' title='bbox 1330 3081 1435 3141; x_wconf 87' lang='lat' dir='ltr'>nostre</span> 
     </span>
     <span class='ocr_line' id='line_1_28' title="bbox 317 3186 540 3255; baseline -0.014 0"><span class='ocrx_word' id='word_1_211' title='bbox 317 3186 540 3255; x_wconf 85' lang='lat' dir='ltr'>existentibus.</span> 
     </span>
    </p>
   </div>
   <div class='ocr_carea' id='block_1_7' title="bbox 318 3395 1432 3554">
    <p class='ocr_par' dir='ltr' id='par_1_7' title="bbox 318 3395 1432 3554">
     <span class='ocr_line' id='line_1_29' title="bbox 318 3395 1432 3469; baseline -0.005 -18"><span class='ocrx_word' id='word_1_212' title='bbox 318 3397 457 3464; x_wconf 77' lang='lat' dir='ltr'>OEredctie</span> <span class='ocrx_word' id='word_1_213' title='bbox 470 3395 648 3469; x_wconf 69' lang='lat' dir='ltr'>bdrbtrtydn,</span> <span class='ocrx_word' id='word_1_214' title='bbox 663 3399 777 3466; x_wconf 80' lang='lat' dir='ltr'>melyrdl</span> <span class='ocrx_word' id='word_1_215' title='bbox 790 3413 807 3449; x_wconf 77' lang='lat' dir='ltr'>s</span> <span class='ocrx_word' id='word_1_216' title='bbox 821 3396 951 3466; x_wconf 77' lang='lat' dir='ltr'>kdptslsn</span> <span class='ocrx_word' id='word_1_217' title='bbox 963 3397 1082 3465; x_wconf 75' lang='lat' dir='ltr'>peesdtje</span> <span class='ocrx_word' id='word_1_218' title='bbox 1094 3395 1240 3460; x_wconf 79' lang='lat' dir='ltr'>lemdllott,</span> <span class='ocrx_word' id='word_1_219' title='bbox 1253 3411 1366 3448; x_wconf 68' lang='lat' dir='ltr'>enemo.</span> <span class='ocrx_word' id='word_1_220' title='bbox 1344 3411 1432 3446; x_wconf 80' lang='grc' dir='ltr'>ι·ιιιιι</span> 
     </span>
     <span class='ocr_line' id='line_1_30' title="bbox 715 3485 1056 3554; baseline -0.003 -12"><span class='ocrx_word' id='word_1_221' title='bbox 715 3505 800 3552; x_wconf 77' lang='lat' dir='ltr'>reum,</span> <span class='ocrx_word' id='word_1_222' title='bbox 813 3487 865 3542; x_wconf 77' lang='lat' dir='ltr'>ker</span> <span class='ocrx_word' id='word_1_223' title='bbox 867 3485 1056 3554; x_wconf 64' lang='lat' dir='ltr'>iretthdbsu.)</span> 
     </span>
    </p>
   </div>
   <div class='ocr_carea' id='block_1_8' title="bbox 0 0 1600 5166">
    <p class='ocr_par' dir='ltr' id='par_1_8' title="bbox 0 0 1600 5166">
     <span class='ocr_line' id='line_1_31' title="bbox 0 0 1600 5166; baseline 0 0"><span class='ocrx_word' id='word_1_224' title='bbox 0 0 1600 5166; x_wconf 95' lang='lat' dir='ltr'> </span> 
     </span>
    </p>
   </div>
  </div>
 </body>
</html>
