3146 5166
348 525 441 593 metis
458 527 553 592 certis
569 523 786 610 distingendo,
803 545 874 591 cum
892 545 1003 592 earum
1014 523 1207 592 utilitatibus
1220 526 1469 611 etpertinencijs
1560 551 1561 604 j

347 633 523 703 cessissent
537 633 608 699 iure
624 639 780 720 perpetuo
804 633 1019 721 possidenda
1037 635 1114 720 alijs
1140 654 1216 701 vero
1245 635 1469 702 medietatibus
1560 679 1561 688 κ

348 741 508 808 dictarum
524 747 682 808 terrarum
699 759 758 809 seu
774 741 1016 827 posscssionum
1043 761 1083 807 ac
1108 742 1265 810 sessionis
1291 749 1468 826 memorate,

348 848 498 918 similiter
513 867 586 915 cum
601 867 711 916 earum
727 847 922 914 utilitatibus
939 855 970 914 et
994 848 1215 935 pertinenciis,
1232 850 1394 934 plenoque
1419 851 1469 918 do-

348 956 448 1023 minio
466 957 499 1022 in
511 956 697 1042 porcionem
707 955 951 1022 remanentibus
960 955 1093 1042 Mathye
1103 961 1135 1021 et
1143 955 1237 1022 Pauli
1248 957 1469 1041 predictorum.

349 1061 448 1130 Vsum
464 1071 573 1130 antem
589 1071 673 1130 terre
688 1061 799 1129 Aehas
814 1062 979 1131 habebunt
994 1062 1027 1128 in
1043 1064 1212 1130 communi.
1243 1063 1469 1150 Assumpmen·

348 1175 397 1234 tes
412 1189 447 1236 se
461 1175 571 1254 partes
586 1190 683 1254 super
699 1169 793 1236 terris
809 1169 903 1236 modo
920 1169 1079 1255 premisso
1098 1169 1225 1257 diuisis,
1239 1179 1272 1237 et
1284 1192 1382 1258 super
1399 1172 1468 1240 dote

349 1275 480 1343 domine
495 1275 608 1343 relicte
623 1277 781 1344 Johannis
796 1277 907 1344 fratris
917 1277 1071 1364 ipsorum,
1088 1279 1116 1345 si
1132 1299 1190 1364 per
1206 1277 1379 1365 quospiam
1403 1300 1470 1365 pro

349 1403 442 1450 cesso
457 1389 636 1470 temporum
653 1383 875 1451 successione
891 1385 1130 1472 impeterentur,
1142 1387 1296 1470 expedire
1306 1387 1470 1454 laboribus

349 1490 489 1577 propriJs
506 1497 538 1557 et
553 1490 707 1577 expensis
721 1491 930 1558 communiter
955 1491 998 1558 ad
1022 1491 1083 1557 hoo
1110 1491 1275 1559 adhibitis.
1301 1491 1470 1570 Quondam

350 1599 451 1666 eciam
468 1605 588 1666 terram
603 1599 709 1666 Zalka
723 1597 923 1664 nominatam
940 1599 1125 1684 empticium
1141 1599 1299 1685 sepedicti
1320 1601 1468 1686 blathyas

350 1711 383 1772 et
398 1704 520 1774 Paulos
535 1705 598 1792 ipsi
614 1704 733 1772 domici
747 1705 930 1772 Laurencio
948 1711 981 1770 et
996 1705 1062 1772 suis
1079 1705 1250 1774 heredibus
1267 1707 1402 1790 pacifice
1427 1729 1470 1774 rc-

351 1813 525 1898 liquerunt.
559 1813 755 1898 Obligarunt
771 1834 807 1880 se
822 1813 1051 1880 nichilominus
1083 1821 1202 1900 partes,
1233 1805 1324 1898 quod'
1351 1816 1381 1882 si
1411 1835 1474 1900 qua

305 1921 496 2008 ··'parcium
512 1919 704 1986 diuisionem
719 1919 925 2005 prehabitam
940 1920 1038 1988 vellet
1067 1925 1254 2006 retractare,
1272 1940 1357 2006 pene
1381 1921 1470 2004 quin·

235 2013 247 2034 ⁸
350 2029 507 2113 quaginta
521 2046 703 2094 marcarum
719 2026 902 2094 subiaceret
917 2047 955 2094 eo
965 2028 1060 2094 sacto.
1078 2027 1116 2092 lu
1127 2027 1217 2094 cuius
1228 2027 1274 2094 rei
1285 2029 1471 2096 memoriam

350 2141 605 2230 perpetuamque
620 2135 802 2202 firmitatem
818 2142 987 2221 presentes
1002 2133 1221 2201 concessimus
1230 2133 1357 2200 litteras
1374 2135 1473 2220 sigilli

350 2243 453 2310 nostri
469 2241 644 2308 munimine
661 2241 840 2308 roboratas.
855 2243 975 2308 Datum
993 2241 1075 2308 feria
1102 2241 1203 2307 tercia
1229 2241 1377 2328 proxima
1398 2250 1474 2329 post
1560 2279 1561 2282 ¹

351 2349 546 2418 dominicam
561 2347 857 2433 Ramispalmarum
872 2367 958 2416 auno
968 2339 1106 2414 'Domini
1121 2346 1241 2414 M⁰GC⁰
1256 2349 1474 2434 octuagesimo

351 2455 446 2526 nouo.
463 2455 600 2524 Domino
631 2456 771 2523 Antonio
801 2457 980 2542 Proposito,
1012 2456 1179 2543 Stephano
1209 2456 1353 2542 hectore,
1384 2456 1475 2524 Iwan

352 2564 500 2650 (tantors,
516 2563 654 2631 Martiuo
671 2562 812 2632 Custode
840 2563 985 2632 Ecclesia
1011 2571 1120 2632 nostre
1144 2564 1310 2650 Magistris
1335 2566 1476 2632 existen-

351 2673 448 2741 tibus.

350 2868 489 2939 OErsdetis
503 2865 678 2936 bdrhlrtybn,
692 2884 710 2922 a
722 2867 808 2938 ldggd
820 2867 912 2938 pecata
925 2871 1055 2925 elrssuott
1068 2891 1075 2942 3
1087 2887 1104 2924 a
1116 2873 1199 2924 budsi
1214 2872 1266 2924 lrir.
1289 2872 1412 2924 kamarsi
1435 2869 1475 2920 ls-

358 2995 361 3002 ι
834 2959 995 3030 veltdrhsn.)

882 3753 957 3825 865.

353 3955 547 4048 Achomai
560 3956 755 4024 kouciotoelt
762 3955 915 4042 jeleutdse
938 3953 995 4019 IV.
1012 3954 1124 4020 Lu'azld
1138 3953 1313 4039 leirdlybou
1328 3957 1414 4040 bopy
1442 3955 1486 4019 ti-

359 4085 377 4108 ··
491 4087 603 4151 aouyca
610 4063 860 4151 fdldbo'stolcbun
879 4061 986 4128 chua
1002 4062 1227 4128 statodltotott.
1246 4061 1345 4127 1289.

442 4254 1485 4344 ExcellentissimodominosuoL.DeigraeialllustriRegiHuu·

355 4366 445 4450 geria
462 4367 647 4435 succentus
664 4366 705 4434 de
720 4365 852 4452 dhurgo
867 4367 1114 4434 inclinacionem
1129 4372 1162 4434 et
1177 4365 1347 4433 oraciones
1363 4364 1398 4430 in
1415 4363 1483 4430 Do

354 4463 441 4541 mino
469 4473 636 4542 continuas
652 4479 684 4540 et
700 4473 844 4542 deuotus.
861 4475 977 4544 Vestra
991 4473 1199 4542 Excellencie'
1212 4473 1340 4539 htteras
1355 4471 1484 4553 reecpi-

355 4597 426 4645 mus
441 4579 606 4647 humiliter
621 4587 652 4646 et
662 4579 798 4667 deuote;
815 4583 849 4650 iu
865 4583 985 4667 quibus
1000 4581 1141 4650 uidimus
1151 4578 1363 4663 sustinerint
1375 4596 1481 4645 unum
