3140 5150
803 284 962 380 Q

316 480 457 563 dumque
473 496 675 546 successores
695 497 735 545 cx
750 475 931 544 donacionc
947 476 1070 545 domini
1087 477 1168 545 Bele
1184 476 1313 566 (Regis)
1338 479 1451 546 inclite

317 586 471 656 memorie
502 585 570 652 iure
602 584 797 654 hereditario
822 584 989 669 possidere
1004 583 1276 667 dinoscebantor,
1299 585 1451 654 vendidit

315 695 463 764 Plcbuno
478 691 664 779 supradicto
684 712 722 758 ac
738 691 893 758 fratribus
906 691 1052 758 eiusdem
1068 713 1127 778 pro
1144 693 1315 776 sexaginta
1330 695 1451 760 marcis

317 803 421 870 minus
438 800 543 868 tribus
560 799 677 866 mercis
687 850 697 886 ‚
721 817 819 882 quam
844 797 977 884 quidem
992 800 1191 867 solucionem
1209 799 1316 868 dietus
1331 801 1450 868 Plebs-

317 930 379 978 nus
396 915 428 976 et
444 906 562 976 iratres
579 907 723 974 eiusdem
749 925 856 977 coram
882 907 977 974 nobis
993 907 1159 974 antedicto
1174 907 1334 976 Antheleo
1349 910 1450 994 plene

318 1023 350 1084 et
365 1017 494 1112 integre
510 1015 758 1102 persoluerunt;
791 1016 968 1101 assumpsit
987 1015 1090 1082 eciam
1106 1015 1202 1102 ydem
1219 1015 1402 1084 Anthsleus
1418 1023 1448 1082 et

318 1123 404 1191 filius
421 1121 576 1211 eiusdem,
602 1122 689 1207 quod
705 1123 912 1210 priuilegium
931 1123 1055 1190 domini
1073 1123 1172 1210 Regis
1189 1123 1269 1190 Belo
1285 1131 1317 1192 et
1333 1125 1450 1191 omnia

319 1229 553 1319 instrumenta,
577 1249 638 1298 nec
663 1252 728 1298 uon
753 1237 787 1297 et
812 1232 1030 1318 munimenta,
1066 1250 1129 1316 que
1148 1250 1246 1316 snper
1261 1231 1347 1300 dicte
1364 1233 1451 1298 villo

319 1327 440 1404 nabore
456 1336 714 1423 dinoscebentur,
738 1338 783 1406 cd
802 1358 917 1407 manns
934 1339 1092 1424 sepedicti
1108 1338 1245 1408 Plebsni
1261 1347 1293 1406 et
1308 1338 1450 1406 fratrum

322 1423 452 1517 suorum
465 1451 669 1532 statuerent3
694 1447 722 1514 si
738 1466 805 1532 qua
821 1466 899 1516 uero
915 1467 981 1514 non
997 1453 1178 1514 statuerent
1197 1448 1239 1516 de
1257 1454 1364 1516 cetero
1381 1447 1454 1514 nul·

321 1553 384 1622 lius
401 1563 509 1622 essent
534 1555 656 1640 uigoris
682 1555 736 1622 uel
762 1557 925 1625 momenti.
949 1555 1144 1642 Obligerunt
1169 1558 1272 1624 sciam
1297 1577 1332 1624 se
1347 1555 1454 1640 ijdem

320 1661 505 1730 Anthalcus
522 1669 555 1731 et
569 1663 654 1730 filius
670 1661 837 1748 eiusdem,
864 1672 899 1733 vt
915 1667 1099 1750 quicunque
1115 1665 1297 1752 inpulsuret
1312 1664 1454 1732 eundem

324 1769 505 1842 Plebanum
529 1789 570 1838 ec
593 1771 711 1840 fratres
738 1773 885 1842 eiusdem
908 1792 1007 1860 super
1032 1773 1121 1841 dicta
1139 1774 1329 1854 hereditate,
1352 1792 1453 1858 cxpe-

323 1878 393 1946 dire
408 1884 596 1946 tencruntur
621 1881 799 1948 secundom
825 1882 929 1966 Regni
945 1881 1208 1949 consuetudinem
1223 1884 1453 1969 approbatum.

324 1986 365 2054 Et
397 1993 436 2052 ut
456 1986 536 2056 iacti
561 1989 662 2057 series
688 1989 786 2057 robur
811 1991 968 2075 obtineat,
992 1989 1097 2058 dictus
1116 1990 1299 2058 Anthuleus
1315 1996 1348 2056 st
1362 1989 1454 2055 filius

323 2091 466 2162 eiusdem
485 2095 713 2178 obligauerunt
738 2120 775 2167 se
801 2119 909 2166 coram
929 2099 1043 2185 nobis,
1067 2097 1291 2183 prenominato
1306 2097 1454 2164 Plebane

326 2209 358 2267 et
384 2201 545 2268 fratribus
569 2203 713 2271 eiusdem
739 2226 811 2274 cum
837 2205 1010 2293 priuilegio
1034 2204 1155 2272 domini
1181 2204 1329 2275 Ledinlai
1350 2203 1453 2286 Regis

323 2343 368 2356 -
395 2343 438 2356 —
467 2346 503 2355 —
529 2311 728 2380 confirmare.
761 2313 882 2382 Datum
908 2335 995 2382 anno
1020 2313 1153 2382 Domini
1180 2310 1293 2380 M⁰cc⁰
1324 2317 1452 2396 septua-

324 2417 448 2500 gesimo
465 2423 590 2484 octauo.

327 2592 361 2657 (Δ
374 2597 479 2660 snepesi
493 2591 683 2663 ktptelennek
707 2601 785 2652 rect.
805 2602 852 2669 „in
870 2604 987 2653 crastino
1001 2602 1160 2653 festiuitetis
1173 2601 1258 2652 Beato
1269 2599 1356 2650 Lucio
1368 2597 1453 2662 virgi·

326 2677 385 2734 nis“
399 2681 457 2734 kelt
471 2679 625 2756 terremotu,
647 2704 664 2739 a
688 2683 809 2756 Beroney
823 2686 915 2741 cselu'cd
929 2686 1134 2752 lsrdltdrdbenr
1153 2688 1260 2740 hontite
1272 2683 1455 2748 Bsdvdnsuky
1556 2727 1557 2760 ¹

847 2777 935 2844 Bere.)

772 3575 774 3580 ,
857 3471 931 3577 ros.

330 3665 507 3733 Αυαευάνί
530 3669 747 3755 kdptolooook
772 3670 1033 3757 bizooysoiqlecele
1042 3721 1053 3752 ,
1086 3673 1169 3756 hoyy
1194 3669 1353 3734 Hermoni
1373 3619 1457 3734 deal-

334 3775 415 3841 doo'n
431 3777 462 3840 c'o
479 3776 609 3842 Moron
634 3802 655 3842 o
680 3777 803 3844 ozaioti
822 3783 888 3880 lodo·
903 3779 1001 3864 telyct
1027 3779 1135 3846 Ratio
1154 3777 1358 3864 olcajddoak
1372 3777 1459 3842 etad-

803 3885 868 3950 tdk.
886 3889 982 3952 1278.

564 4065 593 4125 Α
778 4059 805 4126 Β
989 4061 1014 4127 G
1198 4061 1228 4126 D

437 4220 506 4288 Nos
537 4221 722 4308 Capitulum
753 4221 901 4290 Ecclesie
931 4223 1044 4290 Sancti
1067 4220 1237 4288 Michaelis
1269 4221 1310 4288 de
1342 4221 1460 4290 Castro

332 4327 453 4396 Ferreo
468 4334 579 4397 notum
596 4328 732 4398 fecimus
748 4336 861 4398 tenore
875 4328 1075 4416 presencium
1091 4324 1262 4413 uniuersis,
1284 4328 1370 4412 quod
1386 4330 1461 4395 Bel·

273 4471 276 4476 ·
332 4434 453 4506 duinus
470 4442 502 4506 ct
517 4434 676 4506 Martinus
692 4435 751 4522 filij
769 4435 990 4505 Bartholomei
1016 4435 1057 4503 de
1080 4437 1224 4503 Hermen
1240 4455 1348 4503 corum
1364 4436 1463 4504 nobis

332 4544 497 4612 constituti
522 4544 627 4610 locum
653 4543 751 4612 castri
777 4545 875 4612 situm
902 4545 935 4612 in
961 4551 1048 4612 terro
1066 4541 1176 4612 Zolok
1191 4563 1261 4610 cum
1279 4541 1461 4611 fossatibus
