3138 5164
576 234 736 337 *mg-

83 448 176 518 gnos‚
192 425 364 497 audientes
379 437 411 496 ct
423 428 645 515 intelligentes
656 429 785 518 planius
800 431 1213 520 veritatemrisisquibus·

83 537 159 602 dam
178 536 281 604 eciam
297 537 520 606 instrumentis
538 544 570 604 et
600 537 798 626 priuilegijs,
827 537 862 604 in
895 537 1015 624 quibus
1043 539 1219 610 manifeste

83 645 252 730 probatur,
269 645 355 728 quod
371 644 516 730 predicte
532 645 639 713 insule
649 646 858 732 pertinebant
874 653 905 712 et
921 653 1013 714 erant
1029 647 1161 734 dejure
1185 652 1219 714 et

84 753 284 839 proprietate
300 752 454 819 Ciuitatis
470 752 639 822 ledrensis
659 760 845 840 atempore,
856 753 947 820 cuius
963 774 1030 822 non
1045 761 1137 822 extat
1151 773 1219 826 me
1336 767 1338 772 ’

84 860 207 928 moria:
223 859 408 946 predictam
424 859 661 928 confessionem
678 866 821 928 nostram
837 879 896 946 per
907 881 1048 930 errorem
1073 861 1209 949 laetam,

83 987 182 1051 qnam
195 973 329 1054 propter
345 967 579 1053 ignoranciam,
595 979 652 1035 aut
669 967 908 1052 negligentiam
935 988 995 1036 seu
1019 969 1215 1054 occupacio·

83 1094 157 1142 nem
175 1075 309 1142 nimiam
343 1073 518 1142 occasione
546 1073 631 1142 dicte
656 1075 915 1144 consecracionis
940 1073 1077 1142 ecclesio
1101 1081 1212 1144 nostre

81 1182 220 1250 lecimus
249 1182 292 1249 de
319 1181 457 1250 consilio
484 1183 670 1267 sapientum
687 1191 719 1248 et
749 1181 986 1269 religiosorum,
1017 1182 1211 1250 auctoritate

83 1289 291 1375 presencium
319 1287 463 1355 totaliter
479 1308 690 1374 remeamus,
706 1289 887 1374 irritamns;
902 1287 1067 1356 irritantes
1083 1295 1115 1355 et
1140 1309 1211 1357 eas·

80 1405 195 1465 santes
211 1395 368 1483 eamdem,
385 1395 488 1464 inhoc
504 1396 743 1465 iuracanouica
753 1405 962 1483 exequentes,
973 1399 1208 1466 iuxtaverbum

81 1506 208 1572 Summi
223 1503 390 1574 Pontificis
415 1503 571 1572 dicentis:
601 1505 825 1594 „Sentenciam
850 1505 996 1572 Romane
1023 1503 1118 1574 Sedis
1145 1527 1211 1574 non

80 1632 243 1698 negamus
258 1611 404 1698 possein
420 1611 535 1680 melius
560 1611 759 1698 commutari,
789 1633 860 1680 cum
886 1613 1064 1698 aliquando
1091 1613 1211 1680 dictum

82 1721 182 1790 suerit
197 1725 254 1788 ant
268 1721 424 1805 scriptum
440 1719 639 1786 contrarium
654 1716 816 1787 veritati.“
834 1715 875 1784 st
890 1739 931 1786 ne
944 1721 1116 1788 occasione
1126 1720 1212 1788 dicte

81 1827 328 1898 testificacioais
345 1834 458 1900 nostre
474 1828 560 1895 sicut
585 1827 674 1894 nulle
698 1835 730 1896 et
755 1833 911 1912 unquam
936 1827 1034 1913 nulle,
1058 1847 1212 1914 processu

78 1935 238 2023 temporis
253 1935 336 2006 inter
352 1935 526 2004 ciuitatem
542 1935 734 2004 ledrensem
752 1941 786 2004 et
802 1935 941 2002 (lustrun
958 1931 1005 2024 (l)
1021 1935 1209 2004 Sibenicen·

78 2064 150 2114 sem
165 2045 293 2128 questio
308 2041 419 2127 aliqua
433 2042 543 2112 valeat
557 2043 727 2130 suscitari3
743 2049 928 2130 presentem
952 2043 1095 2110 litteram
1117 2062 1209 2110 rono-

79 2153 242 2222 cutoriam
256 2151 358 2220 nostri
371 2149 476 2236 sigilli
487 2150 659 2237 pendentis
675 2152 864 2236 munimine,
879 2170 919 2222 ec
934 2152 1038 2218 ceiam
1055 2149 1150 2235 signo
1176 2155 1211 2218 ct

79 2261 213 2328 nomine
227 2258 427 2345 infrascripti
447 2260 576 2346 Notarij
596 2260 784 2328 roboratam
811 2259 903 2328 vobis
928 2257 1079 2326 duximus
1104 2263 1211 2326 traua

79 2367 285 2438 mittendam.
302 2368 423 2436 Datum
438 2368 538 2436 Jadre
561 2389 648 2436 anno
679 2366 811 2436 Domini
842 2364 955 2435 ll⁰OO⁰
987 2364 1208 2452 octuagmimo

78 2479 204 2561 quinto,
219 2474 399 2544 indiccione
413 2473 504 2543 ΧΠΙ.
522 2475 575 2544 die
591 2477 735 2544 secunda
750 2475 869 2542 mensis
878 2473 979 2552 Junii.
996 2471 1206 2542 Prosentibus

78 2582 264 2652 venorabili
277 2589 372 2668 patre
387 2582 517 2650 domino
532 2582 632 2650 tratre
646 2581 829 2666 Augustino
845 2579 909 2646 Dei
918 2581 1031 2666 gracia
1044 2579 1208 2667 Episcopo

78 2689 235 2760 Ciuitatis
259 2689 351 2758 Nous
379 2690 536 2775 Nouesia,
553 2698 586 2756 et
615 2689 767 2774 religioso
798 2689 869 2756 viro
898 2686 1050 2756 iohanne
1080 2689 1209 2756 Abbutc

78 2799 194 2868 Sancti
206 2797 399 2884 Grisogoni3
416 2797 581 2866 nobilibus
591 2795 670 2864 viris
684 2794 811 2864 Marino
827 2793 979 2883 (litarde,
996 2801 1029 2862 et
1043 2794 1210 2862 Ricobono

77 2909 122 2975 de
137 2904 300 2992 VeneeiJ's,
315 2924 401 2972 nuno
417 2903 647 2973 mercatoribus
663 2901 888 2972 ledrensibus.

191 3013 260 3098 ligo
276 3013 495 3082 Laurentibus
519 3011 579 3080 Dei
604 3012 719 3098 gracia
742 3009 913 3082 Jadrensis
937 3008 1210 3096 Arcbiepisoopuu

78 3141 182 3192 maun
197 3121 341 3208 propria.

189 3230 259 3314 Ego
274 3229 468 3298 Vincencias
494 3229 639 3298 Ecclesia
665 3227 779 3296 Sancti
803 3225 964 3315 Stephani
988 3225 1150 3298 Presbiter
1174 3232 1207 3300 ct

76 3338 252 3409 ledrensis
261 3338 417 3406 Notarius
427 3337 488 3425 hys
504 3336 645 3425 interfui,
656 3343 688 3405 et
698 3337 740 3404 de
754 3336 910 3406 mandato
925 3337 1062 3424 predicti
1070 3337 1205 3406 Mollie-

88 3446 219 3532 piscopi
243 3445 329 3514 banc
344 3451 468 3514 cartam
491 3446 625 3533 scripsi,
649 3445 800 3514 roborari
816 3450 849 3512 et
871 3446 965 3530 signo
989 3451 1141 3516 consueto
1164 3447 1208 3517 si·

79 3555 192 3640 gnaui.

329 3765 448 3840 (Ludus,
461 3769 590 3824 Memoris
602 3767 721 3824 storiche
731 3769 758 3822 di
770 3767 844 3822 'Praa
858 3770 918 3826 11⁷.
931 3769 962 3838 l.)
