3118 5158
569 367 728 471 21-

84 585 162 632 uano
189 564 315 632 Gomite
342 563 383 630 de
407 565 562 650 zounuu,
585 563 753 648 Joaclryno
781 563 937 647 Magistro
952 561 1210 630 'l'auarnicorum

83 680 261 741 nostrorum
285 672 409 742 domito
435 671 476 738 de
500 670 600 756 Pylis,
624 670 765 738 Nicolao
785 670 899 738 Judice
916 669 1013 738 Ourle
1028 676 1137 739 nostre
1153 671 1211 738 Oo-

84 781 154 846 nite
172 779 215 847 de
232 778 368 847 Geohke
377 832 387 866 ,
411 775 579 866 Reynoldo
595 777 753 862 Magistro
769 777 997 863 Dapiferorum
1015 784 1209 865 nostrorum,

84 886 250 955 Harbordo
275 887 432 971 Magistro
456 885 645 969 Agasonnm
670 891 853 952 nostrorum
882 883 1008 952 Gemite
1038 883 1080 951 de
1106 885 1209 971 Bana,

85 993 168 1076 lloys
185 993 345 1075 Magistro
361 993 619 1061 Tauarnioorum
645 992 777 1059 domine
793 991 919 1077 Regino
944 989 1117 1059 karissime
1138 1013 1209 1060 con-

86 1099 176 1166 sorlis
202 1107 312 1168 nostre
335 1101 460 1168 Comite
484 1099 703 1186 symigiensi,
728 1097 854 1166 Dedalo
872 1099 995 1166 (inmite
1011 1099 1210 1187 Zaladicnsi,

86 1206 229 1273 lohanne
260 1207 386 1276 comite
417 1207 642 1296 Supruniensi,
674 1207 797 1274 Jacobo
829 1205 953 1273 Oomite
984 1207 1152 1295 Nitriensi,
1179 1214 1212 1273 et

87 1313 157 1399 alijs
182 1334 280 1398 quam
297 1315 445 1401 pluribus
461 1315 641 1384 Comitatus
657 1315 761 1400 Regni
778 1313 883 1381 nostri
909 1315 1092 1382 tenentibus
1109 1321 1142 1382 et
1156 1315 1210 1379 ho·

87 1440 186 1488 nores.

87 1545 217 1611 (liredetie
242 1545 426 1614 bdrluirtydn,
446 1561 464 1599 a
485 1548 569 1615 tdggd
594 1546 689 1615 pecudi
712 1547 888 1611 clvesastt,a
911 1547 994 1599 budai
1016 1547 1067 1598 lrir.
1089 1547 1212 1598 kamarai

556 1635 745 1704 lsvdltdrbsn.)

621 2097 676 2165 45.

86 2291 142 2358 IV.
176 2295 291 2359 Lcszlc
325 2297 434 2382 lcr'rdly
467 2295 536 2361 toll
559 2297 690 2384 soproni
712 2295 942 2382 udrjobddqyot
967 2295 1110 2362 Forlcosd
1131 2305 1211 2360 osolt

236 2402 442 2482 dirtokudkul
458 2413 564 2488 sqydtt
580 2405 696 2469 uemem‘
716 2405 839 2470 dlldsru
854 2405 948 2468 emeli.
974 2405 1071 2468 1274.

193 2596 368 2664 uadizlaus
400 2597 461 2664 Dei
495 2599 608 2682 gracia
639 2597 827 2680 Hungarie,
852 2598 1039 2684 Dalmaoie,
1066 2598 1211 2684 Oroacle,

83 2705 196 2790 Rame,
220 2705 354 2790 Seruis,
379 2705 537 2792 Gallicis,
560 2703 769 2790 Lodomerio',
795 2705 970 2791 Oumanie,
994 2707 1212 2790 Bulgarieque

83 2811 155 2875 Rex
182 2813 331 2877 omnibus
347 2809 467 2878 Christi
491 2811 643 2878 fidelibus
669 2829 803 2898 presens
830 2813 986 2896 scriplum
1012 2813 1212 2881 intuentibus

81 2916 225 2982 salutem
241 2917 276 2981 in
293 2917 435 2984 omnium
452 2919 626 2986 saluatore.
649 2919 719 2984 Juri
736 2916 909 3003 conforme,
933 2925 965 2982 et
981 2925 1030 2984 est
1045 2927 1210 2985 consenta-

81 3043 180 3090 neum
197 3025 333 3108 racioni,
351 3029 386 3090 ut
401 3025 507 3108 Reges
524 3046 654 3092 suorum
671 3027 853 3110 ponderent
865 3026 980 3092 merita
995 3025 1210 3108 subditorum3

79 3138 112 3197 et
125 3131 207 3199 licet
222 3131 431 3215 generalibus
447 3132 617 3216 generales
628 3133 769 3200 existunt
779 3133 812 3198 in
824 3133 945 3218 fauore,
955 3134 1085 3199 illorum
1100 3139 1209 3198 tamen

81 3241 221 3325 meritis,
247 3259 383 3324 quorum
411 3241 549 3309 virtutes
568 3243 600 3308 in
617 3242 782 3328 prosperis
808 3249 840 3307 ct
865 3241 1013 3308 aduersis
1030 3239 1210 3324 radiarunt,

79 3345 207 3412 debent
221 3347 421 3432 respondere
437 3349 671 3432 multiplicibus
688 3347 862 3416 donatiuis.
872 3346 1015 3415 Proinde
1030 3346 1073 3411 ad
1085 3347 1210 3412 uniuer-

79 3470 195 3517 sorum
213 3451 368 3519 noticiam
384 3454 498 3520 harum
516 3455 600 3520 serie
617 3455 767 3521 volumus
784 3450 1050 3540 peruenire,quod
1066 3453 1211 3536 quiai'o-

79 3557 145 3644 boy
164 3565 200 3625 et
214 3557 324 3626 Endre
339 3561 399 3644 filij
412 3561 577 3647 Farkasij,
589 3561 782 3628 Benedictus
798 3566 830 3626 et
842 3559 1002 3645 Seraphin
1018 3560 1075 3644 filij
1088 3560 1213 3646 Jacobi,

79 3663 274 3734 Herbordus
297 3667 383 3734 iilius
400 3667 603 3754 Sebastiam,
632 3667 777 3734 (luebunt
792 3667 878 3734 tilius
895 3667 1033 3752 Gnebse,
1057 3666 1213 3733 Nicolaus

77 3773 170 3839 filius
186 3773 326 3858 Nicolai,
344 3781 377 3840 et
395 3774 488 3860 Papa
506 3775 594 3841 silius
612 3774 750 3860 Georgij,
766 3773 957 3857 iobagiones
973 3773 1079 3840 Castri
1095 3775 1214 3857 Supru-

77 3880 208 3946 niensis
224 3881 339 3949 fideles
355 3881 455 3946 nostri
471 3883 506 3948 in
525 3881 666 3948 diuersis
682 3881 840 3960 articulis,
866 3881 1011 3964 negocijs
1036 3887 1068 3946 et
1085 3881 1214 3966 expedi-

74 3985 232 4051 cionibus
248 3985 370 4054 nostris
386 3993 419 4052 et
435 3987 578 4054 tuioione
603 3985 731 4070 confinij
749 3985 851 4053 nostri
867 3985 1095 4070 Supruniensis
1111 3987 1215 4054 fideli·

72 4093 159 4160 tatis
178 4092 306 4176 ingenti
321 4089 436 4160 ardore
452 4093 556 4181 nobis,
572 4095 685 4177 Regno
701 4099 732 4158 et
748 4093 874 4159 Corone
889 4099 999 4159 nostre
1015 4092 1125 4159 debito
1141 4094 1214 4160 viri-
1296 4166 1300 4175 ⁴

73 4201 155 4267 liter
175 4208 211 4265 et
227 4197 441 4266 laudabiliter
458 4199 656 4282 dimicando,
674 4219 733 4266 suo
750 4198 910 4282 sanguine
928 4198 1119 4287 frequenter,
1140 4221 1215 4284 ymo

69 4307 260 4375 inmediate
275 4305 451 4392 plurimum
467 4305 672 4390 insudarunt;
691 4312 723 4372 et
744 4306 885 4374 maxime
900 4323 974 4371 oum
990 4307 1031 4373 de
1047 4305 1213 4374 machina-

70 4418 174 4483 cione
202 4414 326 4480 inimici
351 4416 456 4481 nostri
481 4415 633 4500 capitalis
657 4415 758 4497 Regis
785 4415 974 4480 Boemornm
1000 4419 1142 4480 castrum
1158 4435 1214 4479 no-

70 4533 187 4591 strum
206 4523 384 4588 lauriense
400 4520 515 4588 fnisset
531 4528 733 4607 occupatum,
756 4541 820 4586 uon
836 4521 941 4586 minus
957 4519 1075 4588 feruidi
1091 4520 1217 4588 inuenti

69 4641 152 4700 sunt
169 4630 211 4694 in
227 4629 474 4714 expugnacione
499 4628 577 4694 dicti
595 4627 694 4694 castri
714 4663 750 4674 -
772 4661 811 4674 -·
829 4627 917 4709 quod
933 4645 998 4692 non
1012 4627 1116 4694 solum
1135 4629 1215 4712 lapi-

116 4761 236 4801 nom.
251 4759 335 4798 nuso.
352 4761 422 4798 nisu.
437 4761 509 4804 nuru.
526 4774 563 4786 -
584 4755 620 4802 u.
1034 4735 1055 4806 6
