3124 5158
778 344 936 442 goe·

293 543 439 632 probitas
456 539 590 624 insignit
605 546 638 607 et
653 535 788 625 extollit,
813 537 1025 610 consideratis
1045 539 1193 626 seruiciJs
1211 539 1317 626 ipsius
1332 538 1416 606 Petri

293 651 388 738 Boni,
405 669 468 736 quc
483 647 576 716 uobis
592 648 625 714 in
642 645 780 717 diuersis
797 647 1063 736 expedicionibus
1077 649 1184 736 Regni
1202 647 1418 733 uostri,bellis

297 759 451 829 videlieet
465 757 630 825 intestinis
645 761 678 824 et
692 757 896 826 extriuseicis
918 757 1045 827 Corone
1060 758 1162 842 Regio
1177 755 1417 825 iucommutnbi

297 869 374 940 liter
403 866 590 936 adherendo
622 867 792 952 inpendit;
821 874 854 935 et
883 868 1073 954 specialiter
1101 868 1137 934 in
1174 865 1419 952 expuguaeione

297 979 395 1047 castri
411 977 611 1066 Zombothel,
629 976 714 1062 quod
729 982 825 1065 rupta
840 997 920 1064 pace
936 983 969 1044 et
982 977 1111 1046 vinculo
1128 975 1251 1044 federis
1263 973 1420 1043 dimoluto

294 1105 353 1174 per
376 1087 497 1170 Regem
523 1087 714 1154 Boemorum
739 1083 902 1152 inimicum
925 1091 1070 1154 nostrum
1093 1091 1288 1172 occupatum
1306 1083 1418 1168 fueret,

295 1195 352 1264 vbi
367 1195 479 1262 letalia
495 1195 627 1263 sustulit
643 1193 775 1279 ulnera,
792 1192 930 1262 fideliter
946 1194 1181 1281 exhibitorum
1204 1192 1417 1260 consideratis

299 1305 402 1371 eciam
426 1303 500 1391 hijs,
517 1323 578 1388 que
603 1303 636 1369 iu
658 1301 898 1388 compescendis
914 1301 1051 1388 Oroatys
1069 1310 1102 1370 et
1117 1301 1302 1370 hominibus
1317 1307 1418 1368 trans·

296 1411 459 1500 drauanis,
484 1411 597 1497 quise
623 1411 664 1478 de
687 1408 921 1497 jurisdictione
945 1417 1058 1478 nostra
1082 1409 1233 1480 volebant
1261 1409 1416 1495 alienare,

297 1521 388 1606 ipsos
412 1520 563 1606 potencie
586 1523 697 1587 nostre
719 1515 905 1586 reducendo
929 1525 964 1588 et
988 1518 1200 1606 restituendo,
1227 1520 1376 1587 exercuit
1389 1524 1420 1586 et

297 1628 455 1714 inpendit.
470 1630 553 1695 Tam
567 1627 666 1711 igitur
681 1628 723 1694 ob
739 1627 1075 1712 recompensacionem
1090 1626 1301 1694 seruioiorum
1317 1627 1419 1712 ipsius

297 1737 383 1804 Petri
409 1735 492 1803 Beni
514 1737 777 1822 prescriptorum,
802 1741 835 1802 et
850 1734 989 1802 aliorum
1005 1755 1102 1820 quam
1119 1735 1342 1822 plurimorum,
1357 1752 1416 1818 que

299 1851 431 1931 propter
455 1844 506 1911 sui
531 1841 767 1910 multitudinem
792 1842 923 1926 longum
948 1852 1035 1912 esset
1060 1862 1231 1927 enarrare;
1261 1849 1293 1910 et
1318 1841 1418 1910 eciam
1541 1891 1542 1900 κ

303 1954 433 2020 racione
457 1953 526 2036 illa,
550 1973 593 2018 ne
613 1951 647 2018 in
663 1950 925 2038 possessionibus
939 1951 1017 2019 olim
1034 1969 1092 2038 per
1107 1951 1334 2038 progenitores
1349 1969 1421 2018 suos

290 2060 473 2148 possessis,
491 2067 524 2126 et
538 2060 739 2145 postmodum
757 2057 874 2154 domiti
890 2059 993 2126 Panlo
1009 2059 1100 2126 fratri
1117 2077 1177 2125 suo
1192 2077 1251 2142 per
1272 2077 1335 2126 nos
1360 2065 1418 2124 tra

305 2167 398 2251 ditis,
424 2175 614 2235 extraneum
639 2166 748 2236 doleat
772 2187 1008 2254 possessorem
1038 2167 1158 2234 dictam
1181 2166 1417 2252 possessionen

303 2277 411 2363 Gayul
434 2277 496 2364 ipsi
523 2277 617 2344 Petro
641 2277 732 2344 Bano
748 2285 781 2344 et
795 2295 854 2361 per
869 2295 941 2343 cnm
958 2277 1081 2344 Kemcn
1096 2275 1191 2342 fratri
1206 2295 1266 2342 suo
1283 2271 1418 2340 reddidi·

302 2406 383 2474 mus,
400 2385 606 2472 restituimus,
621 2382 778 2469 dedimus,
796 2384 987 2452 donauimus
1008 2391 1041 2450 ct
1054 2384 1249 2451 contulimus
1260 2385 1337 2467 jure
1354 2401 1419 2468 per-

304 2499 400 2579 petuo
416 2501 448 2562 et
463 2492 720 2562 irreuocobiliter
735 2493 985 2581 possidendam,
1004 2491 1142 2561 cassatis
1151 2493 1301 2560 omuibus
1310 2489 1418 2556 litteris

306 2606 338 2670 et
362 2600 546 2687 priuilegijs
571 2601 720 2686 cuiqnam
746 2621 843 2688 super
867 2601 1045 2670 collacione
1073 2601 1176 2687 ipsius
1200 2597 1418 2685 possessionis,

303 2715 412 2795 preter
426 2709 531 2795 ipsum
547 2709 675 2776 Petrum
691 2711 826 2796 Beuum,
841 2706 929 2776 datis
946 2707 1170 2793 etconcessis;
1186 2713 1219 2776 et
1233 2707 1420 2789 ubicumque

305 2820 338 2882 ct
361 2833 418 2902 per
442 2835 665 2902 quemcunque
680 2817 822 2885 exhibite
836 2816 962 2900 luerint,
978 2816 1102 2885 viribus
1118 2821 1248 2885 careant
1263 2822 1296 2881 et
1311 2817 1420 2882 inanes

306 2923 496 3002 habeantur.
521 2926 558 2991 In
584 2926 675 2993 cuins
700 2925 749 2993 rei
764 2924 955 2993 memoriam
970 2931 1226 3012 perpetuamque
1241 2925 1419 2991 firmitatem

307 3039 473 3120 presentes
489 3033 706 3101 concessimus
731 3034 859 3101 litteras
884 3034 1046 3121 dupplieis
1071 3035 1174 3118 sigilli
1199 3032 1301 3100 nostri
1325 3033 1418 3100 muni·

309 3139 394 3207 minc
419 3139 599 3208 roboratas.
638 3141 758 3208 Datum
787 3159 845 3225 per
870 3161 985 3208 manus
1009 3141 1160 3226 Magistri
1184 3140 1339 3226 Anthonij
1364 3139 1418 3206 riri

223 3322 225 3332 Ι
307 3245 436 3315 discreti
459 3248 534 3315 aule
558 3255 668 3316 nostre
683 3249 762 3315 Viee
778 3248 970 3334 Canceilurij
997 3248 1106 3316 dilecti
1128 3253 1161 3316 et
1183 3247 1291 3318 tidelis
1315 3249 1418 3332 nostri,

308 3377 393 3423 anno
404 3356 533 3424 Domini
544 3357 732 3426 millessimo
743 3357 961 3427 ducentesimo
971 3358 1191 3444 octuagesimo
1201 3357 1315 3446 primo,
1325 3355 1417 3440 Regni

308 3472 417 3534 autem
431 3465 531 3533 nostri
546 3485 633 3534 anno
647 3483 744 3533 nouo.

309 3663 463 3732 (Ztigmond
484 3663 628 3733 lirdlynalr
652 3667 729 3718 1420.
751 3665 798 3717 v1.
816 3665 877 3720 idua
894 3667 1012 3734 Augusti
1023 3664 1129 3718 iriadott
1141 3665 1306 3734 megsrttsitd
1317 3663 1415 3734 pririls·

309 3749 458 3822 giumdbdl,
479 3755 580 3823 melyet
601 3753 662 3808 liert
684 3755 833 3825 „Egregius
854 3755 999 3810 Ladislaus
1021 3753 1094 3808 filius
1116 3753 1225 3807 Nicolai
1237 3753 1288 3820 filij
1303 3755 1378 3808 Pauli
1388 3753 1417 3805 ds

311 3843 409 3900 Pukur
418 3849 446 3899 in
469 3862 519 3898 sua
541 3863 574 3898 ac
586 3846 729 3914 Magnifici
742 3845 875 3898 Johannis
889 3847 921 3898 de
934 3845 1041 3899 Meroth
1053 3843 1122 3900 alias
1136 3847 1207 3898 Beni
1219 3849 1305 3898 nostri
1316 3844 1416 3897 Macho-

303 3923 305 3932 ’
348 3923 352 3938 '
470 3933 571 3988 niensis
583 3930 740 4004 personis“;
755 3951 772 3986 a
785 3935 867 3989 budai
879 3936 932 3989 lrir.
945 3937 1068 3989 lamanai
1081 3931 1268 4003 levttttrben)
