3146 5166
655 971 733 1038 433.

129 1152 158 1218 A
174 1155 346 1238 occepi-dmi
356 1153 581 1238 ldprtulanoalc
592 1149 872 1238 bizouysdylcoele,
885 1153 969 1239 boqp
978 1175 1017 1216 ua
1029 1149 1139 1237 Aylcui
1148 1173 1247 1216 acme·

126 1263 177 1328 sck
192 1261 276 1326 lcb'ati
291 1260 570 1346 cqycactlcosdpela
580 1261 814 1345 bordtsdpoaon
830 1259 1048 1323 clirctdztettek.
1067 1237 1115 1322 lio
1128 1260 1245 1323 uc'llctc‘l.

234 1455 303 1522 Nos
319 1449 503 1539 Capitulum
521 1451 771 1538 Vesprimiensis
797 1452 944 1518 Ecclesia
971 1453 1084 1519 damus
1100 1473 1157 1539 pro
1184 1473 1247 1518 me·

126 1563 248 1629 moria:
265 1561 436 1646 quodcum
455 1560 499 1626 ad
516 1560 711 1645 peticionem
724 1559 864 1644 Andros,
882 1559 1025 1648 Chelley,
1054 1569 1085 1626 et
1108 1559 1247 1625 filiorum

126 1691 266 1753 surorum,
283 1669 381 1755 Aylra
397 1667 548 1734 videlicet
564 1675 595 1734 ct
611 1667 777 1754 Stephani,
794 1667 959 1732 Nobilium
986 1666 1026 1732 dc
1050 1667 1158 1752 Ayka,
1183 1667 1241 1730 ho·

125 1777 244 1842 minem
260 1782 415 1862 nostrum,
432 1777 565 1840 Paulum
593 1775 716 1840 scilicet
739 1771 941 1840 sacerdotem
970 1773 1012 1840 de
1042 1772 1170 1839 Berend
1203 1771 1246 1839 ad

124 1882 320 1949 audiendum
337 1883 514 1968 arbitrium,
532 1881 618 1964 quod
634 1881 703 1947 ficri
721 1881 853 1948 deberet
868 1882 953 1946 inter
977 1881 1076 1968 ipsos,
1103 1881 1245 1946 misisse-

125 2011 217 2057 mus:
234 1988 319 2055 idem
335 1989 537 2074 postmodum
554 1989 649 2055 homo
666 1997 785 2073 noster,
804 2009 874 2054 cum
899 1989 1053 2072 Magistro
1078 1990 1164 2053 Porus
1188 2008 1246 2073 pro

124 2093 217 2161 dictis
235 2094 361 2162 Gemite
376 2094 510 2161 Chelleo
526 2102 619 2182 patre
636 2115 693 2161 suo
709 2103 741 2160 et
756 2095 909 2161 fratribus
924 2096 1003 2178 suis,
1030 2114 1068 2160 ac
1091 2093 1246 2159 Lodome·

124 2203 182 2288 rio,
200 2202 283 2267 sicut
299 2199 390 2288 dixit,
407 2203 571 2268 seruiente
586 2201 664 2268 dicti
681 2201 814 2269 Comitis
829 2201 1025 2288 Andreepro
1036 2202 1108 2284 ipso
1119 2199 1246 2265 domino

124 2329 182 2377 suo
200 2309 470 2396 comparentibus,
489 2309 531 2374 ad
546 2329 605 2376 nos
621 2309 788 2375 venientes
803 2309 1019 2394 personaliter
1035 2309 1129 2374 nobis
1156 2305 1245 2373 dixe·

123 2422 216 2481 runt:
233 2417 319 2499 quod
336 2437 430 2500 super
456 2437 566 2502 causa,
593 2437 655 2498 que
680 2417 763 2481 inter
789 2417 955 2501 predictos
983 2417 1110 2483 nobiles
1135 2435 1243 2481 coram

124 2523 255 2587 dominc
270 2523 300 2590 J.
316 2523 467 2587 Palatino
483 2522 680 2603 nectebatur,
692 2521 909 2590 mediantibus
926 2523 1034 2608 probis
1045 2523 1124 2589 viris
1135 2523 1244 2588 taliter

123 2628 393 2710 concordassent;
411 2629 498 2711 quod
515 2629 614 2712 ijdem
631 2629 817 2716 Stephanus
831 2636 862 2695 11
877 2631 977 2714 Aylra
1002 2630 1080 2696 dicti
1096 2629 1153 2712 filij
1184 2628 1242 2694 Co-

123 2735 212 2800 mitis
229 2734 377 2819 Chelley‚
393 2732 553 2802 adiunctis
571 2736 632 2802 sibi
659 2734 768 2802 decem
796 2743 827 2802 et
852 2743 924 2802 octo
951 2736 1171 2803 consimilibus
1197 2737 1244 2804 sis

121 2841 286 2909 nobilibus
303 2861 400 2925 super
415 2839 557 2926 dampno
576 2841 617 2907 acl
634 2843 776 2909 valorem
792 2851 824 2908 et
840 2845 1053 2927 quantitatem
1069 2844 1134 2909 XX
1159 2865 1240 2910 mar-

122 2967 245 3033 carum,
263 2947 350 3029 quod
367 2967 424 3032 per
433 2947 559 3034 pridem
571 2950 726 3015 Comitem
744 2947 906 3016 Andream
919 2951 1040 3017 eisdem
1049 2948 1247 3034 impingeba-

121 3063 184 3143 tur,
202 3056 356 3121 deberent
373 3056 509 3122 sabbato
526 3057 672 3141 proximo
682 3065 756 3142 post
766 3057 882 3123 festum
898 3059 1000 3124 Beate
1010 3057 1169 3124 Katarine
1179 3056 1246 3121 vir-

122 3165 208 3246 ginis
225 3169 371 3247 uenturo,
390 3165 598 3246 corporaliter
616 3167 750 3249 prestito
775 3175 978 3231 sacramento
1003 3167 1112 3231 taliter
1137 3185 1244 3234 coram

121 3271 216 3336 nobis
232 3291 267 3335 se
283 3289 441 3354 purgare:
459 3269 544 3352 quod
561 3269 645 3336 idem
663 3269 779 3338 Comes
804 3271 953 3339 Andreas
980 3292 1040 3338 nec
1064 3291 1122 3358 per
1147 3270 1246 3354 ipsos,

121 3395 182 3442 nec
212 3397 271 3461 per
302 3378 481 3444 seruientes
523 3398 644 3463 eorum,
677 3378 880 3445 Dominicum
911 3379 1073 3464 videlicet,
1105 3375 1242 3443 Paulum

120 3483 274 3549 Sclauum
292 3489 324 3549 et
339 3483 469 3549 Franch
487 3484 593 3550 eidem
609 3493 787 3570 suspectos,
805 3507 865 3552 nec
890 3486 986 3569 facto,
1011 3504 1071 3550 nec
1096 3483 1242 3566 consilio,

120 3607 182 3655 nec
197 3588 280 3654 scitu
296 3587 439 3674 ipsorum
456 3595 647 3675 premissum
665 3571 841 3679 dampnum
857 3612 1047 3679 perpessum
1073 3591 1242 3658 extitisset.

120 3694 360 3779 Quod'quidem
377 3705 624 3785 sacramentum,
642 3701 725 3766 sicut
741 3699 826 3768 idem
848 3700 945 3767 homo
962 3708 1071 3766 noster
1087 3717 1158 3766 eum
1174 3718 1244 3784 pre·

120 3803 216 3869 dictis
234 3807 496 3888 procuratoribus
513 3809 659 3892 parcium
676 3809 844 3893 recitauit,
861 3807 947 3874 idem
966 3807 1080 3874 Comes
1096 3806 1243 3872 Andreas

118 3911 161 3977 ob
177 3909 323 3975 fauorem
345 3912 553 3995 cognacionis
584 3914 800 3999 predictorum
819 3915 859 3980 dc
876 3914 1079 4000 beneplacito
1096 3933 1163 3999 suo,
1181 3911 1243 3977 sibi

117 4017 192 4101 ipso
209 4013 261 4081 die
277 4016 463 4084 faciendum
481 4038 590 4086 coram
606 4021 702 4086 nobis
718 4022 751 4086 in
777 4023 924 4106 personis
949 4022 1058 4089 saltim
1084 4015 1243 4102 Stephani

117 4129 152 4188 11
167 4123 269 4207 Ayka
284 4123 512 4212 predictorum,
539 4145 578 4191 ac
602 4127 704 4193 Karul
730 4129 861 4212 cognati
886 4149 994 4196 eorum
1027 4127 1067 4194 de
1093 4126 1242 4210 Chytuan

116 4229 307 4297 relaxasset.
325 4233 446 4298 Datum
462 4234 497 4298 in
513 4233 595 4301 festo
612 4235 723 4302 Sancti
738 4235 914 4304 Clementis
930 4239 1028 4322 Papo.

226 4355 380 4422 Kivltl:
405 4359 467 4426 Pro
482 4359 559 4446 filijs
576 4355 710 4444 Chelley
726 4381 824 4448 super
854 4370 1058 4429 sacramanto
1084 4359 1243 4428 faciendo.

252 4533 306 4600 (Aa
320 4537 419 4590 credati
432 4536 507 4601 utin,
517 4539 620 4605 melyet
632 4541 724 4593 kbablt
747 4543 802 4595 1111.
815 4541 904 4607 Thaly
915 4538 1033 4596 Ktlmdn
1047 4537 1098 4606 ur.)

575 4681 789 4696 m
