3146 5166
808 269 967 371 232..

324 462 532 532 Tharabottis
548 463 735 549 spalatensi
752 463 931 547 Potestate,
948 463 1078 532 larissa
1105 465 1173 532 filio
1199 463 1325 550 Radoy,
1351 469 1443 534 Petro
1552 495 1553 554 ι

323 569 390 638 tilio
406 569 545 656 Nicolai,
572 575 605 636 et
620 569 752 636 Simone
778 570 880 638 Siculi
907 571 1121 658 Sibenioensi,
1147 581 1178 638 ct
1201 575 1279 658 alijs
1304 575 1447 660 pluribus
1552 587 1553 676 l

322 679 459 748 testibus
474 680 598 746 vocatis
613 679 732 746 adhoc
747 679 933 765 specialiter
948 685 981 745 et
996 681 1132 766 rogatis.
1150 683 1325 749 Nobilis
1293 703 1345 748 ιιι
1354 682 1446 748 domi·
1552 689 1553 738 l

324 807 385 854 nus
396 785 566 872 Gepregna
580 787 685 853 Judex
700 785 917 856 Sibenicensis
935 789 1135 874 presentnuit
1151 796 1183 855 et
1192 789 1284 857 dedu
1293 789 1445 874 Magistro

324 893 501 961 Francisco
515 893 652 959 Notario
682 893 868 978 spalatensi
900 915 941 961 ex
971 902 1065 980 parte
1095 896 1296 964 venerabilis
1328 897 1447 963 domini
1552 927 1553 932 ’

324 1001 473 1070 Marcelli
488 993 644 1086 Episcopi
659 1001 832 1088 Nonensis,
849 1021 890 1068 ac
905 1002 1096 1085 religiosi
1066 1005 1127 1070 vrri
1144 1001 1265 1070 domini
1290 1002 1447 1071 Johannis

322 1109 460 1176 Abbatis
476 1107 666 1176 Monasterii
682 1108 794 1175 Sancti
811 1110 1007 1193 chrisogoni
1033 1110 1215 1198 Jadrensis,
1243 1130 1284 1177 ac
1310 1110 1443 1178 discreti

320 1217 380 1285 viri
395 1216 518 1282 domini
535 1215 649 1282 Jacobi
665 1215 893 1288 Archidiacoui
909 1215 932 1281 S
938 1217 1132 1304 palatensis,
1160 1219 1291 1286 Domini
1318 1217 1445 1284 Nicolai

321 1324 413 1408 Papo
427 1322 544 1400 Quarti
559 1325 712 1392 Judioum
728 1323 950 1410 delegatorum
978 1345 1035 1392 seu
1060 1332 1291 1408 exequuturum
1317 1325 1352 1392 in
1375 1344 1447 1408 qne·
1552 1363 1553 1370 κ

322 1430 426 1499 stione
441 1431 652 1514 'traguriensi
669 1439 701 1500 et
717 1433 920 1500 Sibenicensi
936 1431 1099 1516 quoddam
1115 1434 1300 1516 exemplum
1316 1432 1445 1498 citacio·
1552 1447 1553 1524 s

322 1557 398 1605 num
414 1539 573 1606 saetarum
598 1540 780 1606 venorabili
804 1539 890 1625 patri
916 1537 1046 1607 domino
1064 1587 1071 1603 .
1089 1587 1097 1603 .
1113 1588 1122 1605 .
1139 1539 1302 1625 Episcopo
1328 1540 1446 1621 Tragu-
1552 1535 1553 1578 ³

324 1649 422 1714 riensi
439 1654 472 1714 et
485 1647 587 1714 nobili
617 1649 687 1715 uiro
705 1648 837 1714 domino
855 1697 862 1712 .
879 1699 886 1713 .
904 1697 912 1712 .
929 1646 1132 1714 Siboniocnsi
1148 1647 1269 1731 Electo,
1287 1666 1348 1732 por
1373 1665 1442 1731 pre·

320 1753 424 1822 dictos
439 1761 624 1822 executores
640 1756 786 1822 clausum
802 1760 834 1822 et
849 1755 1030 1838 sigillatum
1046 1754 1149 1821 tribus
1165 1753 1284 1837 sigillis
1299 1753 1442 1838 ipsorum
1552 1757 1553 1824 l

319 1863 409 1930 sanis
425 1867 458 1928 et
472 1861 625 1948 integris;
641 1882 769 1947 semper
785 1860 924 1929 dicendo
941 1869 973 1929 et
988 1861 1207 1948 protestando,
1218 1860 1304 1944 quod
1314 1860 1445 1947 placeat
1552 1885 1553 1936 ι

318 1971 423 2038 eidem
438 1969 596 2054 Magistro
612 1970 788 2038 Francisco
805 1970 958 2048 seribere,
974 1969 1082 2036 facere
1099 1977 1131 2036 et
1156 1969 1320 2053 complere
1344 1973 1442 2032 totum

319 2076 413 2162 illud,
428 2076 516 2160 quod
530 2079 711 2145 continetur
726 2079 759 2144 in
776 2079 925 2163 exemplo
940 2076 1095 2165 predicto.
1112 2075 1211 2145 (luins
1237 2076 1381 2162 exempli
1395 2082 1440 2144 tc-

320 2203 380 2250 nor
396 2183 436 2252 de
453 2183 551 2250 verbo
568 2183 612 2250 ad
627 2184 760 2252 verbum
776 2185 853 2252 talis
869 2192 938 2253 ost:

424 2292 518 2359 Istud
535 2299 589 2360 cst
630 2293 814 2380 exemplum
839 2293 1041 2380 oitaoionum,
1067 2293 1154 2376 quod
1179 2313 1239 2361 nos
1266 2294 1441 2362 Marcellus
1552 2303 1553 2346 l

270 2483 276 2494 Ι
316 2399 498 2488 Episcopus
522 2399 693 2486 Nouensis,
718 2399 885 2469 lohannes
909 2400 1024 2470 Abbas
1047 2402 1161 2468 Sancti
1171 2400 1364 2485 chrisogoni
1387 2401 1442 2468 Ja-
1552 2451 1553 2454 ,

320 2504 456 2590 mensis,
472 2511 505 2572 et
521 2508 664 2574 Jacobus
680 2507 942 2576 Archidiaconus
966 2509 1182 2594 Spalatensis,
1210 2508 1332 2576 domini
1356 2510 1441 2594 Papa

320 2612 453 2680 ludices
470 2612 612 2696 delegati
627 2615 719 2682 vobis
734 2615 891 2700 Magistro
906 2616 1083 2684 Francisco
1099 2616 1236 2685 Notario
1253 2616 1438 2704 Spalatensi
1552 2703 1553 2714 ἵ

320 2723 477 2807 mittimus
494 2741 581 2790 anno
596 2723 746 2810 Domini,
763 2723 825 2810 die,
842 2726 964 2817 locolet
989 2726 1127 2794 testibus
1153 2733 1212 2795 etc
1239 2726 1369 2813 ponatis
1392 2745 1438 2792 se-

320 2830 460 2898 cundnm
476 2829 629 2898 ordinem.
1146 2853 1152 2860 ·

425 2938 633 3005 Rauorendus
649 2945 682 3006 et
697 2939 817 3007 nobilis
842 2940 892 3008 vir
922 2940 1072 3010 dominns
1102 2941 1244 3009 Jacobns
1275 2939 1438 3007 Archidia

318 3065 417 3113 conus
445 3046 648 3131 Spalntensis
672 3049 872 3132 presentauit
888 3055 920 3114 ct
934 3049 1027 3116 dedit
1057 3049 1238 3118 venerabili
1268 3051 1355 3135 patri
1386 3047 1437 3114 do·

318 3152 405 3219 mino
422 3151 580 3236 Gregorio
598 3153 660 3220 Dei
676 3156 790 3238 gracia
806 3155 970 3242 Episcopo
987 3156 1201 3242 Tragurieusi
1216 3156 1375 3239 quasdam
1391 3155 1437 3221 lit·
1552 3149 1553 3152 ’

317 3268 402 3327 teras
419 3260 582 3344 sigillatas
597 3261 700 3330 tribus
717 3262 839 3346 sigillis
855 3284 929 3331 cere
954 3263 1077 3346 uiridis,
1110 3265 1200 3332 sanis
1232 3272 1264 3331 et
1294 3263 1435 3348 integris,
1552 3301 1553 3320 ι

286 3449 288 3454 ,
316 3388 381 3434 non
395 3368 532 3451 viciatis,
547 3388 613 3435 uon
628 3369 830 3436 cancellatas
845 3371 899 3438 vel
915 3372 949 3438 in
964 3373 1080 3456 aliqua
1095 3373 1145 3439 sui
1162 3376 1258 3457 parte
1275 3371 1432 3452 abolitas,

317 3458 461 3560 ipsorum
477 3475 657 3560 sigillorum
674 3498 771 3544 vnnm
788 3485 858 3546 erat
875 3477 996 3546 domini
1021 3473 1169 3547 Marcelli
1195 3479 1350 3564 Episcopi
1375 3479 1434 3544 No·
1552 3465 1553 3510 ³

315 3585 437 3669 nensis,
454 3581 545 3651 aliud
561 3583 683 3650 domini
700 3584 860 3651 Johannis
876 3585 1012 3653 Abbatis
1029 3587 1216 3672 Monasterij
1235 3585 1347 3654 Sancti
1366 3583 1434 3651 Gri-

316 3689 432 3774 sogoni
448 3688 629 3774 Jadrensis,
652 3691 787 3756 tercium
819 3710 895 3758 vero
926 3691 1049 3758 domini
1064 3692 1180 3760 Jacobi
1209 3691 1434 3759 Archidiaconi

283 3826 286 3832 ·
316 3795 537 3884 Spaletensis3
554 3816 636 3880 quas
653 3797 757 3864 dictus
781 3797 1037 3867 Archidiaconus
1064 3799 1168 3866 eidem
1193 3799 1322 3868 domino
1347 3801 1432 3884 Epis·
1552 3837 1553 3888 l

315 3923 397 3992 copo
412 3905 613 3990 presentauit
629 3909 662 3971 et
678 3903 767 3970 dedit
783 3925 824 3970 ex
840 3913 935 3988 parte
951 3905 1071 3972 domini
1087 3905 1241 3992 Episcopi
1257 3905 1430 3972 etAbbatis

315 4011 405 4080 etsui
421 4011 534 4098 ipsius,
551 4011 774 4096 delegatorum
787 4031 843 4078 seu
861 4020 1095 4097 exequutornm
1112 4033 1133 4080 a
1149 4012 1280 4081 domino
1296 4013 1430 4080 Nicalao

314 4119 407 4204 Papa
422 4119 545 4198 Quarto
560 4117 785 4203 deputatorum
800 4140 859 4206 per
891 4121 994 4206 ipsius
1025 4121 1148 4187 domini
1179 4122 1269 4206 Papc
1300 4119 1429 4186 litteras.
1552 4107 1553 4148 ³

164 4303 172 4319 ι
314 4217 457 4303 Quarum
472 4225 652 4292 litterarum
668 4225 889 4309 delegatorum
906 4233 998 4296 tenor
1013 4227 1055 4295 do
1070 4227 1168 4295 verbo
1185 4227 1372 4294 adverbum
1387 4232 1428 4290 ta·
1552 4217 1553 4266 ἶ

314 4335 356 4400 hs
373 4339 613 4505 entilenerabili
630 4441 690 4508 stb.
722 4439 817 4532 fratri
847 4441 1003 4525 Gregorio
1035 4443 1197 4530 Episcopo
1228 4439 1427 4525 {traguriensi

314 4548 376 4614 ιιι).
392 4545 600 4632 (kdretkozik
622 4549 735 4620 a369.
753 4571 797 4618 sn.
813 4571 844 4618 a.
857 4549 977 4620 ideudsi
992 4548 1163 4640 rendelst.)
