3124 5158
537 296 694 396 Qa-

68 493 246 560 cauouieum
262 493 425 578 ireseum,
459 492 513 577 qui
539 491 635 560 simul
660 491 703 558 ad
728 512 786 559 nos
812 491 983 560 redeuutes
1005 481 1174 558 dixerunt:

68 601 140 688 quod
167 599 254 666 idem
279 599 412 668 Otowch
439 601 534 668 humo
548 601 694 687 Magistri
710 601 836 686 Wgrini
850 599 1010 688 prenotati
1025 604 1176 685 presente

65 711 127 796 ipsc
141 714 251 775 nostro
266 709 451 776 testimonio
471 707 574 776 dictas
590 714 693 776 terras
710 708 752 774 ad
768 708 865 776 uillas
878 707 1000 775 Pethen
1014 706 1173 794 pertiuen-

65 825 105 884 tes
120 817 306 883 conuocatis
322 817 550 884 commetuneis
571 823 603 882 et
618 815 734 884 vicinis
750 835 807 900 per
821 819 947 882 ueteres
964 821 1068 883 metas
1083 815 1174 882 iuxta

64 925 185 994 easdem
208 945 310 992 nouas
336 923 490 1008 erigendo
517 925 775 992 reambulassent
800 931 831 992 et
853 925 1041 992 statuissent
1059 923 1175 992 domiti

63 1031 174 1100 llrdew
188 1050 260 1098 cum
275 1030 422 1100 omnibus
438 1030 634 1099 utilitatibus
649 1041 681 1099 et
698 1029 908 1117 pertinencijs
924 1031 1065 1120 easdem,
1079 1032 1170 1099 nullo

64 1137 291 1208 contradictore
317 1161 358 1207 ex
383 1139 536 1226 predictis
560 1139 787 1208 commeteucis
811 1147 844 1206 et
868 1140 985 1209 uicinis
1003 1142 1173 1208 existente.

62 1249 157 1314 Teuor
181 1253 288 1314 autem
312 1246 478 1332 priuilegij
504 1265 606 1333 super
621 1238 863 1314 condonacione
879 1254 911 1314 et
928 1247 1174 1318 confirmacione

62 1353 211 1422 dictarum
226 1361 386 1422 terrarum
403 1355 544 1424 emanati
563 1355 638 1422 talis
654 1361 724 1422 est:

157 1463 226 1533 Nos
250 1463 404 1547 Magister
427 1463 581 1548 Wgrinus
605 1463 666 1531 stb.
691 1461 906 1550 (kovcckeritr
930 1463 1034 1550 Ugrin
1049 1465 1172 1554 kirtlyi

60 1570 355 1639 ternokmesternek
370 1569 654 1658 odomsnylevele‚
680 1570 761 1636 mint
782 1573 856 1638 199.
873 1589 918 1636 sa.
935 1569 981 1659 a.)

158 1681 197 1746 Iu
212 1680 303 1748 cuius
319 1680 365 1746 rei
380 1679 602 1746 testimonium
618 1685 786 1764 presentes
811 1679 856 1746 ad
871 1679 1062 1765 peticionem
1078 1700 1171 1766 sepe·

60 1785 130 1854 dicti
161 1788 309 1874 Magistri
333 1786 460 1873 Wgriui
484 1787 699 1856 concessimus
731 1793 763 1852 et
793 1787 986 1856 contulimus
1014 1789 1169 1873 Magistro

58 1895 170 1964 Mrdew
194 1896 374 1982 prescripto
399 1894 501 1979 sigilli
525 1895 625 1964 nocui
649 1893 825 1962 munimine
849 1896 1026 1963 roboratas.
1049 1898 1169 1963 Datum

58 2023 109 2088 per
123 2024 239 2072 manus
254 2004 403 2088 Magistri
419 2001 582 2090 Ambrosij
600 2002 744 2070 Lectoris
764 2001 922 2070 Budensis
938 2023 1023 2070 anuo
1039 2006 1170 2072 Domini

58 2112 97 2176 M⁰
111 2111 178 2179 00⁰
193 2112 398 2196 octogesimo.
422 2112 588 2197 Magistris
612 2111 791 2178 Laurencio
807 2111 967 2196 Custode,
991 2114 1171 2197 Pangracic

59 2221 205 2306 Dcceuc,
229 2221 348 2289 Bcdew
373 2227 405 2288 et
420 2219 569 2288 Johanue
585 2219 827 2304 sacerdotibus,
851 2219 1018 2306 Stephano
1033 2241 1074 2288 ac
1087 2221 1171 2309 Elya

57 2328 225 2414 Magistris,
250 2329 430 2412 ceterisque
449 2329 612 2397 canonicis
632 2327 851 2396 existentibus.

56 2543 187 2606 (Mredetie
211 2543 383 2612 bdrhrtrtydu‚
402 2547 583 2599 arsid-vdrtts
607 2544 830 2612 selyemcsindron
855 2547 965 2612 idggdtt
987 2543 1077 2612 pecsdt
1090 2546 1164 2598 elue*

169 2663 172 2670 ·
301 2642 385 2702 suett3
406 2637 519 2719 abudai
531 2637 581 2688 kir.
594 2637 718 2690 kamarai
733 2632 924 2704 leveltdrban.)

575 3417 652 3485 201.

51 3633 78 3698 A
104 3638 262 3703 couezmau'
284 3635 508 3721 triptolemeus
532 3638 794 3724 bizooyso'qlecelc
817 3660 897 3703 azoro
922 3638 1169 3716 tircokoeeertt

54 3746 183 3831 urdynel
190 3745 297 3831 fopca
312 3743 431 3809 Mc'lclo's
446 3745 550 3810 relicto
565 3746 796 3828 cemeeuulcflu,
831 3745 888 3810 Via
905 3747 1085 3834 helyee'qbeu
1101 3750 1170 3814 leod

50 3854 186 3918 lirtolca't
203 3851 330 3940 Chaspo
356 3861 436 3916 ocuti
452 3853 531 3939 fh'ld
548 3853 677 3946 fcje‘bcrc
692 3880 714 3918 a
737 3854 914 3940 kioulyuuk
937 3857 1108 3942 dtcnpcdtc,
1133 3857 1169 3921 ki

111 3973 166 4028 aet
181 3987 202 4026 a
218 3961 413 4047 eydlezc‘peeo'
428 3961 725 4046 apdczuadrclctualc
741 3965 985 4048 udomduyozta.
1003 3965 1100 4027 1280.

153 4173 222 4242 Nus
247 4147 435 4258 Capitulum
454 4175 661 4245 Otasmensis
677 4178 823 4245 Ecclesie
838 4178 995 4245 memoria
1009 4197 1166 4246 commen·

49 4281 182 4366 damus,
206 4281 292 4366 quod
319 4281 471 4352 Nicolaus
496 4285 582 4352 fflius
609 4286 741 4354 Comitis
756 4285 862 4354 Miskc
878 4287 922 4353 ad
937 4294 1079 4354 nostram
1097 4305 1165 4373 per·

48 4391 204 4458 sonaliter
218 4389 377 4458 accedens
393 4393 594 4477 presenciam
612 4401 712 4460 totam
732 4401 852 4461 terram
864 4413 920 4462 seu
930 4393 1166 4481 possessionem

48 4519 137 4566 suam
155 4499 344 4566 existentem
371 4501 406 4566 in
431 4499 491 4566 Vir
517 4500 551 4568 in
575 4501 731 4569 Distriotu
752 4502 949 4586 symigiensi
969 4498 1078 4589 (quem
1094 4502 1166 4587 ipse
1271 4485 1279 4499 ⁸

48 4615 76 4674 et
91 4605 199 4696 pater)
216 4627 294 4676 suus
313 4609 416 4677 tenmt
441 4617 473 4677 et
490 4613 655 4700 possedit,
680 4631 751 4679 cum
781 4613 929 4680 omuibus
954 4613 1165 4700 pertinencijs
