3118 5158
875 243 951 315 -oo
1042 274 1046 282 .

360 443 454 510 Anno
479 443 522 510 ab
545 443 783 532 Incarnacione
808 443 938 510 Domini
962 443 1136 512 millesimo
1160 443 1337 512 CG⁰LXX⁰
1354 451 1468 528 quarta
1536 543 1537 546 Ἴ

357 549 513 636 Magistro
538 551 769 619 Bonauentnra
794 550 973 638 Prepesito,
1009 550 1153 620 Oiiuerio
1179 551 1332 637 Cantore,
1359 550 1469 617 Ombud

354 657 505 744 Custode,
529 655 694 744 Stephano
709 657 841 726 Decano
857 659 1001 726 Ecclesia
1017 667 1128 727 nostre
1147 660 1369 728 existentibus.

355 837 390 900 (A
402 835 510 889 rasvdri
524 836 712 906 kiptalannak
729 841 805 890 1498.
831 841 916 904 ,feria
937 847 1034 906 quarta
1046 843 1171 907 proxima
1184 847 1247 906 post
1258 843 1358 892 festum
1371 842 1468 890 Annua·

353 928 486 978 ciscionis
500 927 583 980 Beato
595 929 683 980 Maris
697 929 833 996 Virginis“
850 929 958 982 biadott
971 927 1131 994 itirataibbh
1149 939 1171 980 *a
1190 929 1271 981 budai
1292 930 1344 981 kir.
1364 929 1469 980 kamarai

787 1017 978 1086 levdlta'arbau.)

839 1289 860 1296 ..
877 1289 1028 1298 ,Ἣ

895 1643 948 1710 59.

356 1840 385 1904 Α
405 1845 571 1924 ueazpre'rni
585 1842 808 1927 kdptaloanak
822 1841 1096 1928 dizoraysciplcoaic,
1121 1847 1203 1929 bopy
1223 1841 1341 1907 Omode'
1363 1853 1470 1918 arrester,

357 1945 521 2031 sGerpeip
546 1958 652 2012 mestar·
677 1950 709 2012 aa
734 1948 948 2030 erdeiotcirsoi,
982 1975 1003 2014 o
1030 1951 1140 2016 aazias
1162 1947 1369 2036 fenaforpott
1394 1971 1474 2034 peres

592 2064 685 2141 a'tpyet
702 2055 930 2143 bordtadqocao
951 2058 1123 2123 eiintdzte'k.
1150 2061 1246 2125 1274.

462 2250 647 2336 Capitulum
672 2251 819 2320 Ecciesie
845 2253 1098 2339 vesprimiensis
1123 2253 1273 2321 omnibus
1299 2259 1470 2338 presentem

355 2359 512 2441 paginam
538 2356 734 2446 inspecturis
764 2363 904 2428 salutem
931 2363 963 2427 in
989 2363 1128 2429 Domino
1154 2362 1392 2445 sempiternam.
1431 2357 1474 2423 rtd

356 2465 576 2534 uniuersorum
600 2467 754 2534 noticiam
781 2476 892 2537 tenore
907 2469 1111 2556 presencium
1126 2469 1275 2534 uolumus
1293 2465 1472 2551 peruenire;

356 2572 441 2654 quod
459 2593 529 2637 cum
545 2573 703 2658 Magister
719 2575 882 2646 Omodeus
908 2579 950 2644 ab
965 2597 1032 2644 una
1048 2583 1161 2663 parte,
1187 2575 1343 2658 Magister
1359 2571 1474 2656 (trogo-

358 2677 424 2744 rius
448 2679 535 2746 filins
561 2680 693 2748 Comitis
719 2683 816 2769 Jnla,
850 2685 967 2751 Petrus
994 2684 1080 2752 tilius
1107 2682 1290 2766 Dominici,
1318 2689 1350 2748 et
1369 2680 1476 2746 Petrus

357 2786 441 2852 titius
458 2786 596 2874 Nicolay
612 2789 653 2855 de
668 2791 818 2858 Zebeckc
835 2813 875 2859 ex
891 2794 1006 2878 altera,
1031 2811 1130 2878 super
1147 2791 1254 2858 causis
1281 2789 1324 2856 ad
1342 2787 1476 2853 inuicem

356 2895 544 2976 suscitatis,
569 2896 723 2962 videlicet
747 2919 844 2984 super
869 2899 1091 2966 destruccione
1118 2897 1218 2983 predij
1246 2895 1391 2962 eiusdem
1417 2891 1481 2958 Ma·

357 3003 451 3084 gistri
468 3001 617 3090 Omodey
633 3005 749 3089 Gogan
766 3007 886 3092 uocati,
911 3028 1053 3075 necnon
1070 3025 1168 3092 super
1193 3011 1293 3070 morte
1308 3002 1403 3068 trium
1420 3019 1481 3064 ser·

356 3109 518 3176 niensium
544 3110 688 3179 eiusdem
715 3115 864 3198 Magistri
891 3113 1056 3200 Omodey,
1093 3119 1126 3180 et
1149 3110 1319 3178 oblacione
1344 3109 1482 3176 aliarum

356 3237 463 3284 rerum
478 3239 621 3308 suarum,
643 3241 740 3305 super
757 3221 873 3305 quibus
890 3223 1039 3290 omnibus
1055 3223 1127 3308 ipse
1143 3221 1301 3304 Magister
1319 3215 1483 3284 Omodeus

357 3325 493 3394 eundern
510 3328 702 3410 Magistrum
718 3330 913 3413 Gregorium
939 3337 972 3396 et
997 3349 1073 3397 suos
1091 3335 1245 3413 cognatos
1271 3326 1382 3393 ordine
1405 3324 1485 3390 indi·

357 3433 459 3499 ciario
484 3435 671 3519 impetebat,
697 3442 730 3502 et
757 3457 855 3523 super
880 3438 1091 3522 responsione
1115 3436 1219 3522 ipsius
1236 3432 1385 3518 Magistri
1404 3431 1484 3496 Gre-

356 3539 439 3622 gorij
471 3548 503 3606 et
529 3551 738 3626 cognatorum
770 3567 900 3614 snorum
936 3553 1051 3614 contra
1081 3543 1259 3630 predictum
1290 3543 1489 3625 Magistrum

357 3645 531 3714 Omodeum
557 3649 589 3716 in
614 3651 733 3718 iudicio
760 3653 880 3720 factam
899 3651 995 3740 (igy),
1020 3653 1175 3721 videlicet
1197 3649 1285 3736 quod
1312 3649 1380 3716 illis
1408 3639 1491 3714 tem'·

356 3758 497 3842 poribus,
523 3758 642 3841 quibus
668 3759 751 3828 idem
769 3761 924 3845 Magister
950 3760 1111 3829 Omodeus
1136 3761 1318 3848 predictum
1334 3757 1493 3842 predium

358 3862 427 3929 fore
444 3862 641 3932 destructum
667 3874 700 3933 et
715 3873 825 3935 cetera
842 3868 986 3954 dampna
1011 3868 1074 3936 sibi
1093 3869 1188 3935 illata
1204 3867 1391 3948 asserebat,
1418 3866 1498 3950 ipsc

356 3971 509 4054 Magister
526 3972 704 4058 Gregorius
730 3983 763 4042 et
788 3979 838 4044 sui
864 3977 996 4061 cognati
1023 3977 1160 4044 fuissent
1186 3975 1221 4042 in
1246 3973 1336 4040 curia
1359 3971 1497 4038 domini

355 4080 455 4162 Regis
480 4082 514 4146 in
539 4083 640 4165 Regio
664 4085 1016 4169 seruicioexequendo
1042 4085 1076 4150 in
1102 4083 1276 4167 quindenis
1302 4079 1503 4148 residencie

357 4185 516 4253 exercitus
541 4195 618 4256 tunc
644 4192 799 4275 temporis
825 4199 937 4258 contra
957 4193 1078 4278 Regem
1103 4189 1259 4260 Bobemie
1283 4187 1503 4272 congregati,

357 4295 558 4364 asserciones
588 4318 664 4365 suas
696 4299 832 4366 testibus
863 4319 970 4368 coram
1002 4299 1096 4368 nobis
1127 4299 1329 4384 conprobare
1352 4295 1507 4361 debuis-

358 4411 447 4486 sent,
484 4403 566 4470 sicut
593 4405 652 4471 hec
679 4408 785 4474 omnia
810 4409 844 4473 in
868 4408 984 4474 litteris
1010 4407 1145 4474 Comitis
1171 4405 1328 4491 Stephani
1355 4403 1508 4470 Viceiu·

358 4509 441 4576 dicis
466 4513 562 4580 Curis
586 4513 708 4580 domini
734 4517 834 4599 Regis
861 4514 1001 4582 uidimus
1027 4515 1154 4601 plenius
1179 4511 1347 4580 contineri.
1389 4513 1513 4578 Adue·
