3126 5150
586 336 745 438 *aa*

104 535 316 604 inonritatu
334 531 524 600 Zaladiensi
559 531 593 598 in
612 530 882 614 congregacionis
908 530 1055 615 collegio,
1081 530 1137 596 ubi
1162 530 1229 600 vni-

104 641 188 708 uersi
206 640 344 727 nobiles,
366 639 562 724 jobagiones
579 637 687 704 Oastri
714 643 746 704 et
761 637 991 718 Ecclesiamm,
1019 658 1059 704 ao
1078 637 1135 722 aiij
1153 659 1227 706 con-

105 753 268 828 uenerant,
292 765 351 833 per
377 746 506 814 eosdem
533 745 701 813 uniuersos
726 745 852 812 nobiles
878 749 910 810 et
929 745 1013 813 alios
1034 746 1230 832 quampluri-

105 875 171 922 nos
194 851 423 938 quindenam,
448 853 507 939 filij
527 853 621 938 Jurk,
650 851 830 920 Kondakur
848 851 1000 919 videlicet
1026 850 1086 940 (et)
1103 836 1232 936 Tomos,

106 983 175 1032 esse
191 963 290 1048 tures,
305 962 448 1029 latrones
475 968 507 1028 et
523 981 582 1047 per
598 961 708 1029 omnia
733 959 961 1028 malefactores
987 963 1164 1028 extiterunt
1180 981 1231 1027 ao-

106 1070 208 1138 cnsati
224 1067 611 1157 publiee'proolanando.
648 1068 710 1147 Qui
727 1067 818 1134 iuxta
835 1069 937 1152 Regni
964 1068 1231 1135 consuetudinem
1305 1049 1313 1070 '

106 1176 249 1262 legitime
264 1176 470 1263 presentibus
494 1177 641 1244 omnibus
668 1175 712 1242 ad
737 1175 977 1242 iustificandum
1003 1196 1038 1242 se
1057 1175 1168 1256 semel,
1186 1196 1232 1242 se-

109 1286 212 1353 cundo
239 1291 271 1352 et
286 1283 387 1352 tercio
413 1285 627 1364 cusentinae
651 1283 693 1348 ed
712 1281 859 1367 primam,
884 1281 1069 1365 secundam,
1087 1283 1232 1365 terciam,

107 1413 179 1476 ymo
197 1389 242 1456 ad
257 1390 379 1458 nullam
395 1390 687 1474 congregacionem
713 1400 859 1456 nostram
881 1387 993 1455 uenire
1010 1395 1231 1474 procurarunt.

109 1497 199 1562 Vnde
227 1516 298 1563 cum
326 1495 510 1564 huiusmodi
535 1497 724 1582 scrupulose
749 1493 995 1562 diffamaoiones
1022 1496 1161 1561 excitate
1188 1501 1233 1560 tu-

108 1605 206 1670 multu
231 1622 305 1670 onm
330 1603 448 1698 eximio
474 1623 531 1687 per
567 1602 844 1688 proclamaciones
870 1602 1011 1668 omnium
1037 1602 1070 1666 in
1095 1601 1234 1684 singulis

110 1710 420 1796 congregacionibus
445 1709 655 1776 existeneium
681 1709 867 1776 institerant
896 1715 1008 1776 contra
1032 1711 1139 1793 ipsos;
1170 1727 1233 1774 me-

109 1819 273 1886 diantibus
301 1825 334 1886 et
359 1817 636 1884 consencientibus
664 1818 831 1902 omnibus,
856 1815 958 1882 dictos
983 1815 1067 1883 tilios
1093 1817 1175 1882 Jurk
1202 1816 1236 1881 in
1293 1889 1301 1904 ἢ

108 1926 204 1993 rebus
221 1935 255 1990 et
274 1944 426 2010 persona,
451 1924 644 2008 ubicumque
669 1925 795 1990 inuenti
820 1924 960 2008 fuerant,
986 1922 1137 1992 duximus
1164 1944 1237 1990 esse

106 2032 403 2118 condempnandos.
420 2032 462 2100 lit
477 2033 556 2115 quia
572 2031 685 2100 talium
702 2030 1051 2117 condempnandorum,
1069 2052 1145 2117 ymo
1162 2051 1236 2097 con·

107 2133 354 2227 dampnatorum
378 2159 428 2206 res
454 2147 488 2206 et
508 2139 732 2226 possessiones
757 2140 850 2206 iuxta
865 2139 970 2222 Regni
996 2140 1236 2206 cosuetudinem

109 2249 152 2314 ad
168 2268 287 2316 manus
303 2247 508 2316 Palatina-tus
525 2247 665 2316 debeant
680 2247 837 2330 deuolui;
861 2251 949 2312 terra
965 2267 1074 2314 eorum
1100 2247 1237 2312 filiorum
1314 2285 1318 2297 ·

108 2355 203 2442 Jurk,
231 2374 296 2438 que
315 2355 411 2422 nobis
431 2354 530 2422 cessit
558 2354 713 2440 legitime,
739 2374 804 2422 non
830 2351 1064 2420 redimentibus
1089 2355 1239 2436 cognatis

109 2483 230 2550 eornm,
255 2482 317 2530 nec
332 2463 436 2529 eciam
459 2461 767 2545 contradicentibus,
795 2459 854 2526 sed
870 2461 1007 2546 pacifice
1026 2459 1238 2545 permittenti-

108 2571 179 2654 bus,
204 2578 327 2636 terram
343 2588 451 2638 eorum
478 2569 659 2655 predictam
684 2587 756 2634 cum
776 2566 925 2634 omnibus
949 2567 1145 2634 utilitatibus
1172 2567 1239 2634 suis

107 2676 266 2762 Magistro
280 2676 424 2744 Hoholto
448 2677 515 2746 filio
544 2674 679 2742 Comitis
698 2674 832 2742 Hoholti
852 2675 935 2740 bone
960 2675 1114 2741 memorie
1133 2674 1241 2760 precio

108 2805 168 2869 pro
194 2783 359 2866 condigno
383 2803 486 2867 usque
510 2785 543 2850 in
568 2785 654 2850 tilios
679 2784 819 2851 tiliorum
845 2781 1049 2848 uendidimus
1074 2781 1107 2848 in
1124 2801 1239 2867 perpe·

107 2899 199 2960 tuum
225 2899 257 2959 et
281 2890 547 2958 inrenocabiliter
573 2889 816 2975 possidendam.
858 2891 1032 2956 Praeterea
1054 2889 1156 2974 ijdem
1181 2890 1241 2972 filij

106 2998 194 3065 Jarlr
219 2998 254 3063 in
280 2996 377 3063 iactis
403 3017 513 3064 eorum
549 2997 688 3066 rebelles
713 2997 747 3062 in
773 2995 941 3064 cniusdam
974 2996 1077 3062 noctis
1105 2995 1242 3062 silencio

107 3121 195 3171 ausu
219 3103 394 3170 temerario
420 3103 452 3170 in
479 3105 700 3172 venerabilem
725 3105 829 3170 uirum
856 3103 1061 3170 Dominieum
1084 3102 1243 3170 Abbatem

109 3211 345 3278 Zaladiensem
362 3210 433 3280 sine
450 3232 551 3280 oaursa
566 3213 747 3298 irruissent,
773 3211 909 3280 cundem
930 3211 1080 3296 spoliatis
1095 3211 1242 3278 omnibus

108 3319 209 3386 rebus
226 3320 293 3385 suis
310 3339 411 3404 penes
437 3339 472 3386 se
488 3320 621 3403 habitis,
650 3319 840 3388 uerberibus
866 3319 1084 3387 acerbissimis
1112 3318 1243 3386 afflixis-

110 3431 196 3511 sent,
221 3425 323 3492 tercia
348 3447 423 3511 pars
451 3434 536 3494 terre
560 3425 777 3513 predictorum
803 3427 908 3494 eidem
924 3427 1081 3510 Magistro
1097 3425 1244 3494 Hoholdo

110 3531 225 3616 precio
241 3553 301 3616 pro
318 3531 480 3618 condigno
498 3533 685 3601 vendidisse
705 3554 807 3616 usque
827 3533 960 3602 infilius
977 3534 1124 3620 tiliorum,
1151 3540 1183 3598 et
1199 3533 1245 3600 in·

109 3637 344 3705 reuocabiliter
370 3659 478 3706 coram
512 3643 607 3708 nobis
633 3643 709 3708 uiua
740 3663 818 3710 uoce
844 3650 919 3710 sunt
944 3643 1091 3727 professi.
1127 3630 1248 3706 Addita

110 3746 216 3812 etiam
233 3751 343 3811 temen
359 3745 424 3812 ista
449 3749 661 3833 preeminenti
678 3748 817 3832 racione,
843 3769 880 3815 eo
898 3751 984 3832 quod
1011 3749 1162 3815 uendicio
1180 3749 1246 3813 ianr

107 3852 201 3920 dicte
217 3859 303 3919 terre
318 3850 473 3935 Magistro
485 3853 636 3921 Hoholdo
653 3856 758 3940 magis
777 3855 924 3940 attineat,
941 3855 1018 3938 quia
1034 3831 1128 3940 pater
1144 3855 1249 3939 ipsius

106 3959 231 4028 Comes
259 3957 439 4042 Hoholdus,
466 3979 539 4025 eum
567 3959 675 4026 adhuc
700 3981 856 4046 prospera
890 3961 1047 4030 sineretur
1083 3961 1251 4047 sospitate,

110 4067 301 4152 predictam
327 4072 447 4132 terrem
464 4067 603 4136 filiorum
621 4068 703 4134 Jurk
725 4069 929 4153 conperimus
954 4070 1017 4136 sibi
1045 4068 1152 4154 precio
1170 4089 1251 4135 com·

108 4193 254 4260 parasse
270 4177 330 4243 sub
347 4175 442 4241 titulo
459 4177 640 4261 empcicnis
659 4179 849 4262 approbato.
875 4175 972 4242 Cuius
989 4185 1074 4243 terre
1091 4185 1176 4245 mete
1193 4179 1252 4243 hoo

107 4283 234 4351 ordine
250 4281 498 4366 distinguntur:
525 4284 686 4351 Videlicet
710 4285 815 4368 prium
833 4291 918 4350 rneta
940 4283 1054 4371 incipit
1083 4287 1173 4352 iuxta
1198 4287 1252 4350 tlu-

111 4391 209 4457 nium
228 4392 341 4458 Isobor
362 4399 493 4474 alianto
511 4393 654 4479 orientis,
682 4393 736 4460 ubi
753 4402 827 4460 sunu¹
853 4393 917 4459 dure
933 4400 1030 4480 rnete,
1057 4415 1122 4460 una
1138 4403 1254 4478 terrea,

107 4500 186 4564 alia
215 4496 248 4561 in
265 4517 391 4583 pruneo
417 4499 527 4588 lign03
552 4501 629 4566 inde
655 4500 802 4567 ascerrdit
827 4499 870 4569 ad
896 4508 1038 4568 montem
1063 4499 1255 4568 declinando

105 4625 235 4694 parum
254 4605 298 4673 ad
314 4605 499 4691 aquilonem
516 4609 559 4675 ad
576 4607 706 4676 edificia
722 4607 832 4676 Bench
850 4609 908 4695 filij
926 4610 1021 4675 Pauli
1047 4617 1078 4676 et
1100 4619 1255 4694 cognato-
