3138 5164
784 255 940 360 gec-

293 458 416 518 tcrram
433 453 538 536 Duba,
556 459 588 520 et
600 453 688 520 uenit
698 451 742 520 ad
757 451 838 526 duas
854 455 984 539 salices,
1000 455 1055 520 ubi
1069 458 1143 521 sunt
1153 452 1216 521 due
1231 461 1337 540 mete,
1353 452 1429 524 inda

292 557 384 625 uenit
399 557 442 626 cd
458 558 625 626 meridiem
641 559 686 626 ad
702 560 828 646 rubum,
845 560 902 628 ubi
917 566 994 630 sunt
1008 559 1073 628 due
1088 567 1172 628 mete
1181 585 1190 646 ;
1217 559 1295 629 iude
1312 581 1422 647 peruc-

294 663 344 731 nit
358 665 402 732 ad
419 665 545 750 priores
562 672 627 734 tres
644 673 750 735 metas
766 667 935 754 capitales.
968 667 1088 734 Datum
1103 667 1205 735 tercio
1223 665 1276 735 die
1292 677 1368 754 post
1382 668 1428 736 tc·

294 779 381 840 stum
395 773 497 842 Beate
521 773 623 842 Lucio
641 774 786 860 Virginis
812 796 897 844 anno
923 773 1059 844 Domini
1090 775 1260 844 millesimo
1278 776 1428 845 ducente·

296 880 380 948 simo
396 883 594 967 octagesimo
614 890 743 968 octauo.

296 1075 331 1143 (Δ
344 1081 422 1145 gyttri
436 1075 629 1145 lrdptalannalr
644 1081 757 1132 raso-ki
771 1077 919 1132 deiratibdl
946 1081 1089 1130 auemseti
1114 1095 1239 1132 museum
1251 1076 1427 1136 irattirtbam

295 1167 372 1220 Esou
386 1165 565 1236 okmtnyuek
589 1167 827 1236 gyujtemtnyunk
851 1169 899 1223 lv.
926 1167 1075 1222 kdtntdben
1099 1171 1160 1224 ³28.
1174 1170 1193 1220 l.
1206 1168 1293 1235 ujabb
1315 1165 1427 1247 micolat

297 1253 364 1307 utin
376 1256 516 1311 kdasdtett
528 1258 699 1326 sndvcgdben
710 1259 772 1312 leve
783 1259 848 1312 tubb
858 1255 971 1311 uirtuti
984 1257 1075 1326 segra,
1088 1265 1133 1310 act
1146 1257 1223 1325 ujbdl
1236 1261 1271 1311 itt
1281 1257 1426 1323 kdzdljdk.)

822 2091 899 2159 349.

297 2269 328 2336 Α
344 2271 471 2356 apteras·
489 2269 712 2357 ltdptclauaak
721 2271 1002 2357 bizouycdpleoelo,
1013 2272 1093 2357 luopy
1105 2271 1223 2336 Ldszld
1235 2271 1426 2356 eaeterqcms'

291 2379 424 2462 prepost
459 2375 721 2463 ledptalaujdnalu
752 2374 872 2463 Gyerki
898 2377 1036 2443 birtolcot
1061 2378 1302 2461 adomdnyczta.
1331 2375 1425 2440 1288.

407 2587 594 2673 Capitulum
610 2587 757 2668 Ecclesie
772 2587 948 2656 Nitrieusis
964 2590 1114 2656 omuibus
1132 2588 1256 2656 Christi
1281 2589 1426 2656 fidelibus

296 2703 364 2762 tam
380 2695 586 2779 presentibus
603 2715 699 2780 quam
715 2695 833 2762 futuris
849 2704 1034 2782 presentem
1050 2695 1204 2781 paginam
1230 2696 1422 2782 inspecturis

295 2802 438 2870 salutem
453 2803 487 2868 in
504 2802 645 2869 omnium
663 2804 838 2871 saluatore.
856 2803 908 2869 Ad
924 2802 1150 2870 uniuersorum
1167 2803 1323 2870 noticiam
1342 2803 1424 2871 testi·

296 2909 405 2978 monio
421 2911 624 2994 presencium
640 2913 787 2978 volumus
803 2911 994 2995 peruenire3
1013 2908 1099 2992 quod
1114 2909 1273 2978 discretus
1292 2914 1343 2978 vir
1358 2914 1419 2978 lla·

296 3022 400 3106 gieter
415 3017 593 3084 Ladiulaus
610 3019 801 3102 Propositus
816 3017 937 3085 Sancte
952 3017 1184 3101 strigoniensis
1210 3019 1358 3085 Ecclesie
1384 3017 1424 3084 ad

298 3134 441 3195 nostram
460 3124 680 3211 personaliter
696 3124 831 3193 ueniens
848 3124 1061 3210 presenciam,
1079 3127 1191 3192 uolens
1221 3132 1352 3192 terrena
1376 3145 1425 3191 ce·

296 3231 403 3317 lestijs
421 3230 508 3320 (lgy)
532 3236 740 3316 commutare,
768 3231 879 3297 retulit
903 3231 996 3298 uobis
1022 3231 1202 3298 ministerio
1229 3233 1304 3300 uice
1330 3233 1423 3314 uocis,

297 3339 384 3425 quod
401 3339 478 3424 quia
494 3337 644 3406 debonis
660 3337 998 3422 dicteStrigouiensis
1015 3340 1161 3406 Ecclesio
1186 3338 1229 3404 ad
1249 3337 1424 3424 promocio

297 3469 371 3516 nem
387 3448 435 3516 sui
451 3445 583 3512 honoris
599 3453 691 3512 tauta
707 3447 895 3530 percepisse
912 3445 1085 3531 allegerat,
1101 3445 1253 3513 vteidcm
1278 3445 1422 3512 Ecclesie

298 3555 340 3621 de
356 3555 478 3622 eisdem
494 3555 578 3620 inter
593 3553 735 3619 humane
751 3551 939 3636 fragilitatis
956 3559 1091 3620 euentus
1125 3551 1320 3620 satisfacere
1338 3553 1425 3619 mini·

299 3683 351 3729 mc
377 3661 553 3746 potuisset;
571 3661 686 3728 nolens
702 3681 794 3729 suam
811 3659 1044 3726 conscienciam
1060 3659 1361 3726 racionebonorum
1384 3661 1426 3743 ip·

297 3771 367 3840 sius
382 3771 528 3836 Ecclesie
553 3768 620 3834 iam
637 3788 695 3854 per
705 3768 844 3834 cundem
855 3773 1081 3853 perceptorum
1097 3767 1312 3853 spiritualiter
1327 3768 1420 3833 hone·

299 3897 393 3962 rare,
410 3875 470 3946 scd
486 3876 599 3962 pocius
618 3875 805 3942 elemosinis
817 3875 994 3960 alleuiare;
1014 3874 1426 3961 quandampossessionem

210 3964 222 3981 ⁸
294 4003 392 4074 ,suam
409 3982 542 4069 Gcrcky
567 3989 720 4049 vocatam
745 3981 780 4048 iu
805 3983 965 4048 Gemitutu
991 3981 1153 4049 Huntcusi
1169 3983 1264 4050 iuxta
1289 3981 1425 4048 fluuium

299 4090 373 4178 lpnl
399 4091 605 4170 existentem,
623 4090 809 4174 empticium
822 4097 854 4154 ct
873 4088 977 4156 eciam
993 4110 1053 4174 pro
1080 4091 1255 4174 meritorijs
1282 4088 1432 4172 seruiciJs

300 4198 368 4266 suis
386 4217 406 4262 a
422 4194 552 4264 domino
567 4199 657 4282 Rege
685 4195 842 4264 Ladinlao
873 4203 1050 4282 optentum,
1082 4217 1154 4263 cum
1185 4197 1334 4264 omnibus
1364 4195 1427 4263 suis

299 4303 494 4372 utilitatibus
512 4311 545 4372 et
560 4305 772 4392 pertinencijs
788 4305 963 4390 uniuersis,
981 4305 1041 4373 sub
1057 4303 1180 4373 eisdem
1197 4303 1295 4371 metis
1312 4311 1344 4372 et
1371 4309 1428 4369 tor·

299 4402 405 4495 minis,
421 4413 538 4495 quibus
553 4431 612 4499 per
627 4410 738 4498 ipsum
760 4409 874 4478 habita
891 4411 1000 4479 extitit
1017 4419 1050 4478 et
1075 4429 1236 4498 possessa,
1261 4409 1295 4478 in
1319 4428 1427 4498 perpe-

299 4523 392 4584 tuam
407 4519 618 4587 elemosinam
634 4517 736 4604 dedit,
753 4517 888 4586 donauit
904 4525 936 4588 et
952 4517 1090 4587 contulit
1105 4517 1261 4604 Capitulo
1287 4515 1426 4588 eiusdem
1544 4585 1545 4588 ,
