3124 5158
626 383 789 481 „ee-1.

142 575 246 662 ipeiue
270 573 392 646 domini
407 575 557 644 Ledizlai
573 577 671 661 Regis
687 577 722 644 in
739 583 949 664 conspectum
964 597 1062 664 super
1077 578 1166 648 iacto
1182 589 1267 649 terre

142 685 312 772 Tarnnky,
329 683 415 770 quod
434 686 525 754 iuxta
539 685 675 752 formam
691 686 874 754 litterarum
891 686 1023 753 Comitis
1039 685 1086 755 St
1102 690 1264 774 quondam

142 793 342 862 Vicciudioie
367 792 465 864 (iurie
485 791 609 862 domini
624 792 724 880 Regin
741 795 777 860 in
792 795 918 862 octauio
933 793 1117 882 Epiphanie
1133 777 1264 868 Domini

139 902 387 970 sentencialium
404 901 436 991 (t
451 923 481 968 v.
496 899 657 990 similiter)
672 901 706 968 in
722 902 891 988 presencia
917 903 1013 990 ipieie
1030 904 1151 972 domini
1166 907 1264 992 Regin

140 1013 283 1080 debebat
306 1009 478 1096 exbibere;
503 1030 567 1096 quo
591 1009 737 1079 exhibito
763 1012 799 1078 iu
823 1011 994 1096 presencia
1019 1010 1141 1080 domini
1156 1015 1265 1098 Regio,

139 1120 293 1206 quioquid
318 1141 414 1208 super
436 1122 523 1190 facto
548 1121 652 1206 ipsine
678 1126 764 1189 terre
779 1119 850 1186 fieri
867 1119 996 1206 debeat,
1013 1142 1072 1208 per
1087 1124 1193 1210 ipeum
1208 1123 1264 1190 do·

138 1233 262 1298 minum
276 1231 400 1314 Regem
416 1230 629 1314 decernatnr3
664 1229 814 1314 posthoc
830 1236 939 1314 partes
955 1229 1194 1314 quintodecimo
1209 1231 1262 1300 die

139 1343 185 1408 ab
209 1339 291 1424 ipeie
318 1338 489 1423 quindenis
505 1337 683 1406 residenoie
698 1339 858 1406 exercituo
874 1339 1089 1425 computando
1102 1360 1260 1430 compere-

139 1449 222 1516 bnnt
246 1468 353 1516 coram
376 1447 472 1514 nobie
497 1445 614 1514 iterato
640 1447 755 1514 seriem
780 1445 883 1532 ipsuis
898 1447 1008 1515 totelie
1024 1447 1102 1516 iacti
1119 1450 1211 1518 nobie
1225 1451 1260 1538 in

138 1555 258 1624 litteris
282 1554 429 1622 eiusdem
454 1553 576 1622 domini
596 1554 696 1640 Regis
712 1554 911 1622 exhibentes.
927 1556 1078 1622 Preterea
1094 1555 1127 1623 in
1144 1558 1259 1626 eodem

138 1663 377 1748 quintodecimo
392 1661 445 1730 die
465 1662 576 1732 eedem
586 1681 711 1732 eororee
726 1669 841 1730 contra
851 1661 1030 1748 predictum
1041 1663 1260 1732 Alexandrum

138 1775 269 1842 eolnent
292 1771 353 1840 illa
375 1771 438 1838 duo
462 1771 594 1856 iudicia,
618 1773 653 1840 in
678 1772 795 1856 quibus
820 1770 912 1838 iuxta
925 1771 1062 1838 formam
1079 1771 1258 1860 litterarum

136 1880 351 1966 iudicialium,
376 1901 440 1949 non
465 1879 682 1967 competendo
706 1901 764 1948 neo
788 1880 945 1948 mittendo
970 1882 1184 1966 comperimus
1209 1900 1257 1946 re

137 1989 319 2074 maneieee3
336 1995 368 2056 et
384 1988 425 2056 de
440 1989 556 2072 quinus
571 1989 601 2056 ei
615 2010 651 2056 ec
666 2011 730 2058 non
746 1993 896 2073 poterunt
910 1988 1154 2057 racionabiliter
1164 2009 1258 2058 exou-

139 2118 225 2166 aare.
241 2098 365 2165 Datum
381 2099 441 2166 oab
457 2104 564 2166 cantro
580 2098 687 2165 Potok
703 2096 867 2164 dominica
881 2098 1028 2184 proxima
1038 2105 1114 2164 ante
1125 2105 1258 2187 octenae

136 2205 240 2274 Beate
265 2204 402 2290 uirginis
426 2204 621 2292 Margarete,
648 2211 765 2273 octauo
790 2204 947 2272 uidelicet
971 2204 1026 2274 die
1041 2203 1169 2272 termini
1184 2225 1258 2294 par·

137 2316 237 2384 eitum
251 2314 479 2402 predictarum.
1189 2379 1190 2384 ,

247 2425 368 2490 Kicltl:
393 2423 456 2490 Pro
482 2423 649 2490 sororibus
664 2421 705 2490 de
720 2423 832 2490 Insulu
849 2429 962 2490 contra
976 2422 1199 2492 Alexandrum
1214 2421 1257 2489 ad

137 2531 321 2619 quindenae
348 2530 527 2600 reeidcnoie
552 2529 713 2599 exercituo
732 2532 776 2600 ad
790 2531 993 2618 presenciam
1009 2531 1130 2600 domini
1146 2531 1255 2615 Regis.
1390 2537 1392 2540 ’

135 2729 276 2804 (Eredetie
297 2727 471 2796 bdrhArtybn,
491 2747 509 2783 a
531 2727 667 2798 aArpacaet
688 2731 826 2792 elveuett
847 2731 960 2784 abudai
973 2733 1025 2782 lrir.
1038 2689 1161 2784 kamarcd
1174 2727 1257 2782 level·

637 2817 756 2886 tithan.)

595 3121 804 3134 *un—-

665 3597 743 3668 209.

138 3800 389 3886 Turenum·
404 3801 542 3886 olcmdcy
558 3799 689 3866 sector
700 3799 891 3872 ,Simonouk
900 3798 954 3882 fio
969 3801 1000 3865 da
1015 3799 1146 3885 Mileto
1161 3821 1259 3888 comer

491 3909 641 3974 Ubulnalc
649 3908 702 3992 flu
718 3908 796 3973 noer.
814 3907 912 3973 1280.

245 4123 352 4190 Datur
378 4142 436 4208 pro
461 4125 623 4207 memoria,
641 4123 728 4207 quod
744 4143 816 4189 cnm
832 4121 1005 4190 secundum
1022 4121 1259 4191 continenciam

133 4233 318 4300 litterarum
342 4238 526 4298 nostrarum
549 4231 772 4298 memorialum
796 4229 984 4298 Alexander
1005 4231 1091 4298 filine
1107 4229 1259 4316 Symonie

133 4349 232 4412 nexta
255 4340 341 4408 teria
363 4339 514 4428 proxima
538 4348 615 4408 ante
638 4341 851 4408 Pentecosten
868 4338 1040 4408 Nicolaum
1056 4340 1156 4406 filium
1171 4337 1261 4405 Petri

136 4471 247 4518 coram
276 4450 372 4518 nobie
396 4454 540 4517 statuere
573 4449 754 4532 debuisset3
790 4445 835 4512 ad
858 4446 1088 4515 affirmandum
1115 4446 1149 4512 id
1174 4445 1260 4536 quod

140 4559 258 4627 (lomee
283 4557 405 4642 Symon
421 4563 454 4626 et
469 4555 529 4642 filij
547 4555 606 4640 sni,
625 4555 767 4624 lacobus
783 4555 869 4622 filine
885 4555 1052 4643 Mongocb,
1071 4562 1103 4622 et
1118 4555 1259 4622 Alexan·

135 4663 195 4733 der
209 4671 405 4734 memoratus
421 4685 493 4738 cum
503 4664 626 4732 Gemite
636 4663 783 4749 Mycaele
793 4661 860 4746 tilio
870 4661 1094 4744 Wbuletfilijn
1110 4657 1255 4728 ciusdem

1040 4774 1098 4840 19*
