3124 5158
838 285 996 389 Q

354 484 386 542 et
401 475 556 546 iratribus
574 479 641 546 suis
658 487 805 564 quartam
828 487 963 547 matrem
980 501 1074 549 snam
1089 483 1333 568 contingentem
1349 481 1391 550 de
1404 500 1470 570 pos·

352 586 548 653 sessionibus
577 587 680 674 petris
706 608 815 656 eorum
848 589 1055 676 bereditarijs
1079 590 1132 657 uel
1164 609 1356 675 quocunqne
1386 590 1471 656 titnlo

352 695 553 778 conquisitis,
580 695 714 782 potebat
738 697 866 765 nomine
890 697 1002 765 matris
1029 717 1086 764 sue
1107 699 1169 766 sibi
1185 697 1349 783 assignari
1365 717 1470 765 secun·

352 800 427 867 dum
444 801 547 887 Regni
562 803 830 872 consuetudinem
847 807 1071 892 approbatam.
1082 805 1198 894 blyeov
1212 826 1290 873 vero
1307 813 1341 873 et
1356 805 1470 874 iratres

352 907 401 976 sui
418 909 571 976 dicebant
587 910 695 977 animo
712 911 914 980 contestandi
928 913 1032 980 littem
1042 914 1083 981 de
1093 913 1240 999 predicta
1250 921 1369 999 quarta
1380 915 1471 980 matri

350 1014 469 1103 prefati
486 1017 657 1103 Symeonis
673 1039 732 1106 per
747 1021 836 1108 ipsos
851 1021 920 1090 iore
944 1021 1158 1108 satisfactum,
1184 1030 1218 1090 et
1241 1021 1316 1092 ideo
1332 1041 1368 1090 se
1381 1023 1466 1109 ipsos

350 1124 501 1192 dicebant
530 1126 660 1211 penitus
686 1128 728 1194 ab
751 1127 947 1215 inpetitione
972 1131 1078 1218 ipsius
1101 1129 1271 1217 Symeonis
1296 1130 1471 1199 absolutos.

350 1233 417 1300 Nos
433 1239 542 1300 autem
559 1234 706 1320 parcium
721 1237 1003 1324 proposicionibns
1019 1235 1130 1306 debita
1145 1237 1333 1306 maturitate
1343 1237 1471 1324 auditis,

349 1361 390 1408 eo
405 1341 564 1409 iudicaria
577 1345 763 1412 maturitate
779 1366 863 1430 equa
877 1347 973 1415 lance
988 1346 1118 1416 iusticie
1132 1347 1289 1434 pensatis,
1306 1345 1389 1433 ipsis
1408 1347 1472 1432 biy-

349 1471 411 1518 cov
437 1458 469 1518 et
493 1451 649 1521 iratribus
675 1453 744 1521 suis
764 1473 885 1523 morem
901 1459 1062 1543 gerentes,
1077 1463 1110 1524 et
1124 1455 1378 1525 sollemnitatem
1394 1454 1471 1522 iuria

348 1577 481 1629 seruare
496 1561 643 1628 nolentes
661 1561 878 1630 assercionem
895 1583 1004 1632 eorum
1019 1563 1158 1650 probare
1173 1561 1321 1632 dedimus
1336 1561 1471 1631 testibus

349 1667 463 1753 quibus
489 1667 744 1738 enidencioribns
769 1678 904 1756 possent
929 1691 1038 1740 eorem
1054 1669 1205 1740 diseretis
1221 1671 1300 1739 viris
1319 1669 1469 1757 (lepitnlo

348 1775 516 1844 Waciensi
540 1776 583 1845 ad
607 1777 824 1848 intencionem
840 1801 949 1848 eorum
964 1779 1191 1850 roborandam.
1208 1779 1273 1860 Qui
1288 1777 1345 1846 die
1360 1785 1395 1846 et
1409 1787 1468 1846 ter·

348 1883 449 1970 mino,
472 1904 534 1970 qno
560 1892 660 1955 temes
685 1889 862 1956 seeundum
877 1889 1112 1958 continenciam
1127 1889 1272 1976 priorum
1289 1887 1468 1956 litterarum

346 2001 531 2062 nostrarum
560 1995 738 2081 producere
769 2017 878 2064 eoram
908 1996 995 2064 dicto
1025 1997 1177 2084 Capitulo
1208 1995 1393 2084 debebant,
1426 1995 1467 2062 ad

346 2101 558 2171 intencionem
589 2124 700 2173 eornm
730 2103 951 2193 fundandam,
980 2107 1110 2174 minime
1142 2107 1382 2192 produxerunt;
1413 2101 1468 2174 sed

346 2208 480 2293 qnidam
496 2209 652 2280 officialis
668 2233 779 2281 eornm
791 2213 906 2282 Gallus
923 2213 1052 2283 nomine
1067 2213 1186 2300 optulit
1200 2214 1306 2282 eidem
1317 2213 1468 2302 Gapitnlo

346 2317 474 2386 litteras
499 2318 622 2386 domini
644 2319 794 2387 Ledizlai
818 2320 955 2388 illustris
980 2323 1080 2406 Regis
1103 2322 1247 2406 Vngarie
1261 2323 1348 2388 inter
1364 2329 1468 2388 cetere

346 2427 555 2512 continentes,
581 2435 617 2494 ut
641 2429 718 2513 quie
741 2427 828 2495 idem
854 2429 973 2514 Mycov
997 2428 1031 2496 in
1056 2430 1201 2499 exercitu
1226 2429 1353 2498 domini
1371 2429 1468 2515 Regis

346 2543 424 2621 erut,
434 2535 538 2623 ipsam
550 2531 798 2622 produccionom
808 2537 937 2604 testium
946 2535 990 2604 ed
1005 2538 1108 2604 alium
1122 2537 1293 2604 terminum
1311 2535 1465 2606 deberent

345 2663 528 2732 prorogare.
555 2642 681 2722 Quibus
705 2645 807 2712 eciam
833 2644 950 2712 litteris
976 2643 1111 2731 predicti
1136 2644 1258 2712 domini
1283 2646 1389 2730 Regis
1410 2665 1464 2732 per

344 2754 449 2840 ipsum
466 2751 648 2838 Capitulum
664 2754 806 2838 paritum
822 2753 884 2820 fuit
898 2753 932 2822 in
947 2753 1010 2819 hac
1025 2760 1127 2839 parte,
1138 2760 1170 2818 et
1179 2751 1265 2822 idem
1276 2752 1462 2838 Capitulum

346 2883 387 2931 ex
401 2859 617 2948 permissione
632 2867 744 2928 nostre
759 2862 860 2928 ulium
875 2861 1047 2929 terminum
1056 2861 1091 2928 in
1100 2861 1219 2930 litteris
1229 2860 1356 2930 domini
1370 2862 1465 2947 Regis

345 2969 480 3057 petitum
495 2975 527 3034 et
543 2974 726 3035 contentum
743 2969 865 3036 eisdem
891 2969 982 3037 dedit
997 2989 1056 3056 pro
1073 2989 1182 3037 eorum
1196 2969 1334 3038 testibus
1350 2969 1466 3057 produ-

344 3078 475 3164 cendis;
506 3078 553 3144 ita
579 3084 697 3164 tamen,
726 3083 761 3142 nt
785 3077 858 3163 ipsa
882 3077 1056 3162 produeeio
1081 3079 1212 3146 testium
1238 3077 1309 3147 fieri
1332 3075 1466 3146 deberet

349 3207 461 3255 coram
488 3185 592 3253 nobis.
619 3183 682 3262 Qui
708 3183 835 3252 scilicet
848 3187 965 3274 Mycoa
983 3193 1016 3253 ot
1030 3185 1146 3253 iratres
1161 3186 1212 3254 sui
1228 3185 1270 3252 ad
1286 3183 1465 3252 secundnm

279 3283 281 3286 ’
343 3293 511 3362 terminum
537 3313 595 3380 pro
617 3293 754 3361 testibus
770 3313 879 3361 eorum
895 3293 1110 3382 producendis
1127 3295 1330 3379 assignatum
1347 3313 1465 3380 eonpn·

342 3409 475 3470 ruerunt
490 3421 596 3468 coram
611 3401 722 3487 nobis;
747 3399 804 3468 sed
820 3401 950 3470 nominc
965 3409 998 3469 ot
1013 3403 1101 3470 dieta
1117 3399 1317 3487 quorundam
1334 3402 1465 3468 testium

343 3530 452 3579 eorum
469 3509 502 3576 in
518 3508 658 3594 quadam
674 3507 792 3578 cedula
806 3511 900 3578 nobis
916 3517 1155 3598 presentarunt.
1174 3510 1226 3577 De
1241 3509 1361 3594 quibus
1378 3509 1466 3578 testi·

308 3679 309 3682 ,
344 3617 454 3686 busin
470 3618 543 3704 ipse
559 3615 674 3685 cedula
689 3617 738 3686 sic
752 3620 911 3687 contentis
928 3617 1068 3706 Symeon
1084 3617 1170 3686 tilius
1180 3617 1317 3704 predicti
1330 3615 1466 3685 Comitis

342 3725 523 3815 llychnelis
540 3726 696 3812 quosdam
713 3749 753 3795 ex
767 3728 981 3814 permissione
1002 3733 1114 3795 nostru
1130 3725 1170 3792 de
1185 3744 1345 3792 consensu
1360 3723 1465 3810 ipsius

342 3837 459 3924 llyeov
475 3841 507 3904 et
521 3833 658 3902 fratrum
674 3856 803 3903 suorum
820 3837 862 3903 ad
879 3835 1046 3922 corporale
1066 3840 1303 3902 sacramentnm
1320 3841 1466 3920 prestan-

341 3947 416 4012 dum
441 3965 500 4030 pro
521 3945 658 4012 ueritate
673 3944 814 4012 dicende
829 3942 869 4033 de
884 3949 1002 4030 quarta
1017 3943 1146 4010 domine
1160 3943 1273 4009 matris
1288 3961 1348 4008 sne
1363 3939 1466 4024 elegit

340 4052 517 4146 secundum
543 4053 645 4138 Regni
673 4050 937 4120 consuetudinem
963 4053 1194 4139 approbatam
1223 4055 1255 4117 et
1276 4069 1337 4135 pro
1352 4049 1464 4116 buius·

341 4161 428 4227 modi
453 4170 655 4229 sacramento
680 4161 855 4248 prestando
880 4182 939 4228 nos
956 4161 995 4227 de
1012 4161 1180 4228 uoluntate
1195 4159 1342 4245 parcium
1358 4159 1463 4241 assig-

341 4271 489 4336 nanimns
515 4267 796 4356 perhemptorium,
821 4269 1033 4337 decernentes
1059 4265 1147 4353 quod
1172 4265 1306 4334 ulterius
1323 4265 1464 4352 predicti

340 4381 455 4466 Myoov
471 4384 503 4446 et
518 4375 632 4446 fratres
649 4375 699 4445 sui
714 4395 772 4444 nec
788 4397 861 4443 cum
877 4376 994 4444 litteris
1009 4375 1131 4462 Regijs‚
1145 4393 1209 4442 nen
1230 4375 1349 4459 queuis
1365 4393 1461 4441 occa·

340 4485 432 4555 sione
456 4485 531 4566 alin,
557 4489 636 4571 pute
659 4481 844 4570 debilitatis,
867 4485 994 4572 possint
1019 4503 1055 4550 se
1078 4501 1253 4568 excusare;
1269 4479 1459 4564 adiciente

342 4593 428 4677 qnod
444 4593 520 4660 siin
538 4593 672 4661 termino
682 4595 729 4660 sie
739 4613 864 4679 pernes
880 4593 1046 4678 assignato
1063 4591 1103 4658 de
1118 4591 1264 4678 parcium
1280 4593 1461 4678 voluntate,
