3080 5160
830 325 996 448 aa„

353 533 531 628 admittere,
550 545 581 610 et
596 541 715 610 nostris
731 546 920 629 patentibus
930 541 1046 611 litteris
1057 544 1245 610 confirmare
1255 536 1479 630 dignaremur.

352 651 421 716 Nos
446 651 555 735 itaque
571 649 749 746 peticiones
769 650 872 734 ipsius
889 650 1023 719 Comitis
1038 653 1122 737 Elye
1138 651 1246 718 instas
1258 657 1292 717 et
1307 651 1481 735 legitimas

351 756 453 842 Regio
478 758 666 826 admisimus
692 779 766 826 cum
787 759 918 847 fauore,
951 759 1130 847 predictam
1155 768 1274 826 terram
1300 758 1482 845 Kuslryrclr

353 865 477 948 eisdem
503 866 635 954 Symoni
661 873 694 933 et
717 869 821 956 Petro,
847 869 1061 938 seruientibus
1086 868 1163 934 dicti
1179 866 1314 934 (inmitis
1330 867 1426 952 Elye,
1446 866 1487 930 in·

352 973 434 1041 filios
449 974 587 1042 filiorum
603 975 794 1044 auctoritate
809 978 1011 1064 presencium
1027 973 1244 1044 confirmando
1260 975 1396 1042 fecimus
1409 986 1479 1040 sta·

353 1083 437 1149 biliri
453 1083 486 1148 in
502 1089 690 1168 perpetuum
707 1085 955 1172 possidendam;
973 1084 1239 1170 quemadmodum
1260 1083 1347 1151 idem
1356 1084 1478 1149 Comes

356 1187 457 1274 Elyas
472 1189 575 1256 tenuit
590 1198 622 1257 et
637 1189 780 1275 possedit
795 1211 896 1276 nsque
910 1193 1016 1259 modo.
1033 1192 1153 1258 Datum
1170 1191 1230 1258 snb
1248 1198 1356 1258 castro
1372 1190 1481 1258 Potolr

353 1294 386 1360 in
416 1291 501 1364 festo
536 1296 637 1365 Marie
666 1298 861 1384 Magdalene
890 1321 975 1370 anno
1007 1299 1137 1366 Domini
1168 1300 1216 1366 M⁰
1246 1298 1311 1364 00⁰
1339 1295 1483 1364 LXXX·

355 1403 509 1476 secundo.

353 1603 494 1670 (Eaedetis
515 1603 690 1676 bdrhtrtyrim
704 1622 721 1658 a
733 1603 810 1658 httul
832 1607 884 1658 oda
905 1614 1028 1672 nyomott
1039 1605 1186 1674 pscsttnslr
1199 1605 1328 1658 toreddke
1340 1621 1461 1672 megvan
1477 1625 1483 1668 ;

655 1711 672 1746 a
685 1697 738 1748 teir.
751 1695 852 1764 Ktllay
866 1694 958 1750 caultd
970 1694 1179 1764 levtltdrdban.)

812 1987 1023 1998 -——-——-

879 2511 954 2580 238.

353 2731 413 2798 IV.
439 2733 574 2798 Ma'rton
592 2728 684 2822 μόρα
709 2728 934 2798 Boucoeatcra
958 2731 1094 2816 saporat
1109 2728 1251 2797 tractauit
1266 2753 1288 2795 a
1299 2727 1473 2816 puditumst

801 2839 905 2905 tuci.
928 2837 1024 2906 1282.

458 3057 614 3125 Martinus
646 3053 825 3142 Episcopus
856 3074 968 3123 servus
999 3071 1165 3123 servornm
1192 3053 1259 3123 Dei
1296 3053 1474 3124 venerabili

352 3163 444 3232 fratri
468 3167 696 3236 Bonavcnture
721 3164 972 3252 Archiepiscopo
996 3165 1163 3250 Ragusino
1185 3165 1322 3233 'salutem
1339 3171 1374 3232 et
1389 3165 1475 3254 Apo·

352 3275 499 3341 stolicam
515 3273 778 3342 benedictionem.
797 3273 877 3340 Cum
891 3275 1044 3360 palleum,
1061 3273 1188 3359 insigne
1212 3273 1368 3342 videlicet
1395 3275 1476 3342 Pon·

352 3383 480 3451 tificalis
498 3383 606 3467 ollloii,
629 3403 668 3449 ex
684 3389 777 3469 parte
793 3389 850 3450 tna
865 3383 981 3451 fnisset
996 3403 1017 3448 a
1032 3383 1125 3450 nobis
1140 3403 1198 3469 per
1211 3390 1243 3452 te
1260 3403 1396 3470 cumea,
1413 3403 1477 3466 qna

355 3491 456 3579 decet,
471 3491 627 3558 instantia
643 3491 855 3577 postulatum
873 3512 933 3559 nos
949 3491 1014 3558 tuis
1029 3491 1323 3578 supplicationibus
1335 3510 1475 3556 annue-n-

353 3607 401 3667 tes
428 3601 534 3686 ipsum
561 3598 601 3666 de
628 3619 760 3686 corporo
785 3600 879 3666 Beati
894 3599 983 3666 Petri
999 3607 1161 3685 sumptum
1178 3599 1238 3666 tibi
1254 3619 1312 3684 per
1327 3596 1477 3666 dilectum

352 3707 453 3774 filium
478 3713 622 3774 nostrum
648 3709 673 3773 Ι.
701 3707 821 3772 Sancte
846 3707 948 3774 Marie
965 3709 999 3774 in
1017 3707 1188 3775 cosmedin
1202 3706 1385 3773 Diaconum
1401 3703 1477 3780 Car-

352 3813 506 3898 (finalem,
522 3816 656 3902 prestito
674 3835 695 3880 a
712 3819 744 3882 te
769 3821 880 3881 nostro
908 3823 940 3882 et
955 3815 1100 3882 Ecclesia
1115 3817 1259 3882 Romane
1274 3817 1405 3883 nomine
1420 3814 1478 3882 sub

349 3921 465 4007 forma,
483 3943 578 4008 quam
595 3922 654 3989 sub
671 3921 785 3990 eadem
802 3923 905 3988 forma
914 3923 1095 4012 dirigimus,
1105 3923 1272 3990 fidelitatis
1282 3923 1473 4007 iuramento,

354 4029 502 4097 duximus
530 4031 775 4115 assignandum.
800 4032 845 4099 Ut
869 4031 968 4116 igitur
993 4033 1119 4118 signum
1135 4052 1199 4098 non
1217 4031 1381 4116 discrepet
1402 4030 1478 4097 asi-

353 4145 463 4226 gnato,
475 4137 533 4204 sed
549 4137 635 4223 qnod
646 4141 731 4224 geris
744 4138 895 4227 exterius,
906 4139 992 4207 intus
1008 4160 1120 4207 serves
1135 4141 1286 4207 inruente
1296 4162 1304 4224 ς
1316 4137 1476 4216 discretio-

353 4268 426 4312 nem
443 4253 532 4313 tuam
549 4267 716 4314 monemus
734 4253 857 4313 attente
867 4254 899 4315 et
909 4247 1080 4334 hortamur,
1090 4253 1248 4332 quatenns
1258 4246 1470 4326 humilitatem

354 4361 385 4419 ct
401 4353 565 4440 iustitiam,
582 4351 679 4420 dante
695 4354 843 4440 Domino,
862 4354 915 4436 qni
933 4353 989 4420 dat
1008 4356 1152 4438 rnnn'era,
1171 4360 1203 4419 et
1219 4355 1345 4441 premia
1362 4354 1473 4439 elargi-

353 4469 415 4546 tur,
441 4481 637 4529 conservare
663 4463 805 4547 studeas,
823 4481 894 4528 cnm
921 4482 1013 4528 snum
1044 4467 1177 4528 servant
1207 4469 1239 4527 et
1264 4467 1470 4547 promoveant

354 4575 565 4655 servatorem,
577 4577 608 4636 et
622 4571 823 4654 Ragusinam
840 4571 1016 4637 Ecclesiam
1035 4589 1188 4656 sponsam
1205 4576 1293 4636 tuam
1310 4569 1474 4636 curessol-

354 4671 452 4758 licite,
479 4680 609 4743 auctore
634 4675 782 4760 Domino,
809 4677 1024 4764 spiritualiter
1041 4685 1072 4746 et
1088 4679 1311 4766 temporaliter
1326 4695 1477 4762 augmen·
1537 4749 1538 4768 ξ
