<?xml version="1.0" encoding="UTF-8"?>
<!DOCTYPE html PUBLIC "-//W3C//DTD XHTML 1.0 Transitional//EN"
    "http://www.w3.org/TR/xhtml1/DTD/xhtml1-transitional.dtd">
<html xmlns="http://www.w3.org/1999/xhtml" xml:lang="en" lang="en">
 <head>
  <title>
</title>
<meta http-equiv="Content-Type" content="text/html;charset=utf-8" />
  <meta name='ocr-system' content='tesseract 3.04.00' />
  <meta name='ocr-capabilities' content='ocr_page ocr_carea ocr_par ocr_line ocrx_word'/>
</head>
<body>
  <div class='ocr_page' id='page_1' title='image "./codexdiplomatic12wenzgoog_0307.png"; bbox 0 0 3124 5158; ppageno 0'>
   <div class='ocr_carea' id='block_1_1' title="bbox 616 336 777 437">
    <p class='ocr_par' dir='ltr' id='par_1_1' title="bbox 616 336 777 437">
     <span class='ocr_line' id='line_1_1' title="bbox 616 336 777 437; baseline 0 -33"><span class='ocrx_word' id='word_1_1' title='bbox 616 336 777 437; x_wconf 53' lang='lat'><strong>„22⁵-</strong></span> 
     </span>
    </p>
   </div>
   <div class='ocr_carea' id='block_1_2' title="bbox 119 532 1356 3520">
    <p class='ocr_par' dir='ltr' id='par_1_2' title="bbox 119 532 1356 3520">
     <span class='ocr_line' id='line_1_2' title="bbox 132 532 1261 620; baseline 0 -18"><span class='ocrx_word' id='word_1_2' title='bbox 132 535 264 602; x_wconf 90' lang='lat' dir='ltr'>rediens</span> <span class='ocrx_word' id='word_1_3' title='bbox 280 535 400 618; x_wconf 88' lang='lat' dir='ltr'>retulit,</span> <span class='ocrx_word' id='word_1_4' title='bbox 424 532 511 618; x_wconf 82' lang='lat' dir='ltr'>quod</span> <span class='ocrx_word' id='word_1_5' title='bbox 536 551 645 600; x_wconf 85' lang='lat' dir='ltr'>eoram</span> <span class='ocrx_word' id='word_1_6' title='bbox 662 532 734 618; x_wconf 87' lang='lat' dir='ltr'>ipso</span> <span class='ocrx_word' id='word_1_7' title='bbox 751 540 783 600; x_wconf 94' lang='lat' dir='ltr'>et</span> <span class='ocrx_word' id='word_1_8' title='bbox 800 533 834 600; x_wconf 93' lang='lat' dir='ltr'>in</span> <span class='ocrx_word' id='word_1_9' title='bbox 851 533 1019 620; x_wconf 75' lang='lat' dir='ltr'>presencia</span> <span class='ocrx_word' id='word_1_10' title='bbox 1037 533 1170 602; x_wconf 86' lang='lat' dir='ltr'>duorum</span> <span class='ocrx_word' id='word_1_11' title='bbox 1186 536 1261 604; x_wconf 79' lang='lat' dir='ltr'>Fra</span> 
     </span>
     <span class='ocr_line' id='line_1_3' title="bbox 135 639 1265 729; baseline 0.001 -20"><span class='ocrx_word' id='word_1_12' title='bbox 135 649 218 709; x_wconf 77' lang='lat' dir='ltr'>mum</span> <span class='ocrx_word' id='word_1_13' title='bbox 236 641 499 729; x_wconf 85' lang='lat' dir='ltr'>Predieotornm,</span> <span class='ocrx_word' id='word_1_14' title='bbox 524 639 579 727; x_wconf 92' lang='lat' dir='ltr'>qui</span> <span class='ocrx_word' id='word_1_15' title='bbox 605 641 701 708; x_wconf 92' lang='lat' dir='ltr'>ambo</span> <span class='ocrx_word' id='word_1_16' title='bbox 725 641 843 708; x_wconf 89' lang='lat' dir='ltr'>Petrus</span> <span class='ocrx_word' id='word_1_17' title='bbox 870 647 902 708; x_wconf 87' lang='lat' dir='ltr'>et</span> <span class='ocrx_word' id='word_1_18' title='bbox 923 641 1035 708; x_wconf 89' lang='lat' dir='ltr'>Petrus</span> <span class='ocrx_word' id='word_1_19' title='bbox 1052 644 1265 728; x_wconf 86' lang='lat' dir='ltr'>uooabantur,</span> 
     </span>
     <span class='ocr_line' id='line_1_4' title="bbox 133 747 1264 836; baseline 0.001 -21"><span class='ocrx_word' id='word_1_20' title='bbox 133 748 219 815; x_wconf 87' lang='lat' dir='ltr'>idem</span> <span class='ocrx_word' id='word_1_21' title='bbox 236 749 350 817; x_wconf 80' lang='lat' dir='ltr'>Comes</span> <span class='ocrx_word' id='word_1_22' title='bbox 364 750 536 817; x_wconf 87' lang='lat' dir='ltr'>Morianus</span> <span class='ocrx_word' id='word_1_23' title='bbox 553 801 561 834; x_wconf 90' lang='lat'><em>,</em></span> <span class='ocrx_word' id='word_1_24' title='bbox 586 768 663 832; x_wconf 86' lang='lat' dir='ltr'>eger</span> <span class='ocrx_word' id='word_1_25' title='bbox 680 747 810 832; x_wconf 91' lang='lat' dir='ltr'>quidem</span> <span class='ocrx_word' id='word_1_26' title='bbox 827 769 971 836; x_wconf 89' lang='lat' dir='ltr'>eorpore,</span> <span class='ocrx_word' id='word_1_27' title='bbox 995 749 1053 816; x_wconf 87' lang='lat' dir='ltr'>sed</span> <span class='ocrx_word' id='word_1_28' title='bbox 1074 751 1191 818; x_wconf 87' lang='lat' dir='ltr'>mentis</span> <span class='ocrx_word' id='word_1_29' title='bbox 1207 755 1264 818; x_wconf 89' lang='lat' dir='ltr'>sue</span> 
     </span>
     <span class='ocr_line' id='line_1_5' title="bbox 133 854 1265 946; baseline 0.002 -24"><span class='ocrx_word' id='word_1_30' title='bbox 133 875 284 942; x_wconf 79' lang='lat' dir='ltr'>compos,</span> <span class='ocrx_word' id='word_1_31' title='bbox 308 855 393 923; x_wconf 88' lang='lat' dir='ltr'>inter</span> <span class='ocrx_word' id='word_1_32' title='bbox 418 861 526 923; x_wconf 90' lang='lat' dir='ltr'>oetera</span> <span class='ocrx_word' id='word_1_33' title='bbox 549 854 735 924; x_wconf 79' lang='lat' dir='ltr'>testamenti</span> <span class='ocrx_word' id='word_1_34' title='bbox 760 855 921 942; x_wconf 84' lang='lat' dir='ltr'>disposita</span> <span class='ocrx_word' id='word_1_35' title='bbox 947 876 1003 924; x_wconf 88' lang='lat' dir='ltr'>seu</span> <span class='ocrx_word' id='word_1_36' title='bbox 1030 858 1200 946; x_wconf 84' lang='lat' dir='ltr'>ordinata,</span> <span class='ocrx_word' id='word_1_37' title='bbox 1224 858 1265 924; x_wconf 89' lang='lat' dir='ltr'>de</span> 
     </span>
     <span class='ocr_line' id='line_1_6' title="bbox 119 961 1266 1051; baseline 0.003 -23"><span class='ocrx_word' id='word_1_38' title='bbox 119 961 392 1051; x_wconf 75' lang='lat' dir='ltr'>possessionibus</span> <span class='ocrx_word' id='word_1_39' title='bbox 418 963 485 1031; x_wconf 89' lang='lat' dir='ltr'>suis</span> <span class='ocrx_word' id='word_1_40' title='bbox 510 963 577 1029; x_wconf 87' lang='lat' dir='ltr'>tale</span> <span class='ocrx_word' id='word_1_41' title='bbox 601 968 833 1031; x_wconf 87' lang='lat' dir='ltr'>testamentum</span> <span class='ocrx_word' id='word_1_42' title='bbox 859 963 1078 1049; x_wconf 85' lang='lat' dir='ltr'>uendidisset;</span> <span class='ocrx_word' id='word_1_43' title='bbox 1103 964 1130 1032; x_wconf 93' lang='lat' dir='ltr'>si</span> <span class='ocrx_word' id='word_1_44' title='bbox 1157 969 1266 1034; x_wconf 84' lang='lat' dir='ltr'>tamen</span> 
     </span>
     <span class='ocr_line' id='line_1_7' title="bbox 133 1069 1265 1159; baseline -0.004 -15"><span class='ocrx_word' id='word_1_45' title='bbox 133 1071 241 1158; x_wconf 83' lang='lat' dir='ltr'>ipsum</span> <span class='ocrx_word' id='word_1_46' title='bbox 257 1070 329 1156; x_wconf 89' lang='lat' dir='ltr'>sine</span> <span class='ocrx_word' id='word_1_47' title='bbox 344 1070 501 1136; x_wconf 82' lang='lat' dir='ltr'><strong>heredum</strong></span> <span class='ocrx_word' id='word_1_48' title='bbox 528 1071 652 1137; x_wconf 81' lang='lat' dir='ltr'>solacio</span> <span class='ocrx_word' id='word_1_49' title='bbox 663 1069 829 1138; x_wconf 80' lang='lat' dir='ltr'>-deoedere</span> <span class='ocrx_word' id='word_1_50' title='bbox 845 1071 1065 1156; x_wconf 79' lang='lat' dir='ltr'>contingeret3</span> <span class='ocrx_word' id='word_1_51' title='bbox 1090 1073 1178 1156; x_wconf 79' lang='lat' dir='ltr'>quod</span> <span class='ocrx_word' id='word_1_52' title='bbox 1194 1093 1265 1159; x_wconf 89' lang='lat' dir='ltr'>pos·</span> 
     </span>
     <span class='ocr_line' id='line_1_8' title="bbox 133 1171 1266 1268; baseline -0.001 -20"><span class='ocrx_word' id='word_1_53' title='bbox 133 1181 298 1248; x_wconf 84' lang='lat' dir='ltr'>sessiones</span> <span class='ocrx_word' id='word_1_54' title='bbox 315 1198 401 1262; x_wconf 86' lang='lat' dir='ltr'>suas,</span> <span class='ocrx_word' id='word_1_55' title='bbox 425 1197 507 1264; x_wconf 88' lang='lat' dir='ltr'>quas</span> <span class='ocrx_word' id='word_1_56' title='bbox 523 1177 622 1246; x_wconf 86' lang='lat' dir='ltr'>habet</span> <span class='ocrx_word' id='word_1_57' title='bbox 639 1180 674 1245; x_wconf 93' lang='lat' dir='ltr'>in</span> <span class='ocrx_word' id='word_1_58' title='bbox 692 1171 857 1246; x_wconf 74' lang='lat' dir='ltr'>(lumitate</span> <span class='ocrx_word' id='word_1_59' title='bbox 872 1180 912 1246; x_wconf 90' lang='lat' dir='ltr'>de</span> <span class='ocrx_word' id='word_1_60' title='bbox 928 1180 1058 1248; x_wconf 85' lang='lat' dir='ltr'>Barana</span> <span class='ocrx_word' id='word_1_61' title='bbox 1067 1233 1077 1268; x_wconf 91' lang='lat'><em>,</em></span> <span class='ocrx_word' id='word_1_62' title='bbox 1102 1182 1205 1249; x_wconf 87' lang='lat' dir='ltr'>Jeneu</span> <span class='ocrx_word' id='word_1_63' title='bbox 1233 1189 1266 1247; x_wconf 89' lang='lat' dir='ltr'>et</span> 
     </span>
     <span class='ocr_line' id='line_1_9' title="bbox 135 1286 1265 1375; baseline 0.002 -23"><span class='ocrx_word' id='word_1_64' title='bbox 135 1288 255 1372; x_wconf 86' lang='lat' dir='ltr'>Naney</span> <span class='ocrx_word' id='word_1_65' title='bbox 273 1291 408 1353; x_wconf 85' lang='lat' dir='ltr'>uooatas</span> <span class='ocrx_word' id='word_1_66' title='bbox 418 1337 426 1371; x_wconf 92' lang='lat'><strong><em>,</em></strong></span> <span class='ocrx_word' id='word_1_67' title='bbox 452 1305 523 1350; x_wconf 87' lang='lat' dir='ltr'>eum</span> <span class='ocrx_word' id='word_1_68' title='bbox 543 1286 691 1352; x_wconf 90' lang='lat' dir='ltr'>omnibus</span> <span class='ocrx_word' id='word_1_69' title='bbox 711 1286 904 1354; x_wconf 78' lang='lat' dir='ltr'>utilitatibus</span> <span class='ocrx_word' id='word_1_70' title='bbox 920 1287 988 1354; x_wconf 90' lang='lat' dir='ltr'>suis</span> <span class='ocrx_word' id='word_1_71' title='bbox 1005 1293 1037 1354; x_wconf 87' lang='lat' dir='ltr'>et</span> <span class='ocrx_word' id='word_1_72' title='bbox 1052 1287 1265 1375; x_wconf 88' lang='lat' dir='ltr'>pertinenoijs</span> 
     </span>
     <span class='ocr_line' id='line_1_10' title="bbox 134 1391 1320 1479; baseline 0.001 -16"><span class='ocrx_word' id='word_1_73' title='bbox 134 1394 306 1478; x_wconf 76' lang='lat' dir='ltr'>uniuersis,</span> <span class='ocrx_word' id='word_1_74' title='bbox 331 1391 516 1476; x_wconf 82' lang='lat' dir='ltr'>reliquisset</span> <span class='ocrx_word' id='word_1_75' title='bbox 535 1393 677 1464; x_wconf 73' lang='lat' dir='ltr'>consorti</span> <span class='ocrx_word' id='word_1_76' title='bbox 698 1412 756 1460; x_wconf 89' lang='lat' dir='ltr'>sne</span> <span class='ocrx_word' id='word_1_77' title='bbox 776 1407 835 1476; x_wconf 88' lang='lat' dir='ltr'>pro</span> <span class='ocrx_word' id='word_1_78' title='bbox 852 1393 926 1460; x_wconf 89' lang='lat' dir='ltr'>dote</span> <span class='ocrx_word' id='word_1_79' title='bbox 942 1414 1002 1462; x_wconf 92' lang='lat' dir='ltr'>sua</span> <span class='ocrx_word' id='word_1_80' title='bbox 1011 1444 1021 1479; x_wconf 88' lang='lat'>‚</span> <span class='ocrx_word' id='word_1_81' title='bbox 1045 1397 1141 1464; x_wconf 89' lang='lat' dir='ltr'>rebus</span> <span class='ocrx_word' id='word_1_82' title='bbox 1157 1416 1265 1464; x_wconf 86' lang='lat' dir='ltr'>seeum</span> <span class='ocrx_word' id='word_1_83' title='bbox 1318 1435 1320 1439; x_wconf 17' lang='grc' dir='ltr'><strong><em>Δ</em></strong></span> 
     </span>
     <span class='ocr_line' id='line_1_11' title="bbox 133 1499 1264 1588; baseline 0.002 -18"><span class='ocrx_word' id='word_1_84' title='bbox 133 1503 275 1588; x_wconf 87' lang='lat' dir='ltr'>ablatis,</span> <span class='ocrx_word' id='word_1_85' title='bbox 302 1520 383 1584; x_wconf 88' lang='lat' dir='ltr'>quas</span> <span class='ocrx_word' id='word_1_86' title='bbox 410 1501 452 1566; x_wconf 90' lang='lat' dir='ltr'>ab</span> <span class='ocrx_word' id='word_1_87' title='bbox 478 1499 551 1585; x_wconf 90' lang='lat' dir='ltr'>ipso</span> <span class='ocrx_word' id='word_1_88' title='bbox 567 1521 626 1585; x_wconf 89' lang='lat' dir='ltr'>per</span> <span class='ocrx_word' id='word_1_89' title='bbox 642 1500 859 1586; x_wconf 86' lang='lat' dir='ltr'>spoliaoiones</span> <span class='ocrx_word' id='word_1_90' title='bbox 879 1508 1027 1586; x_wconf 80' lang='lat' dir='ltr'>receptas</span> <span class='ocrx_word' id='word_1_91' title='bbox 1045 1523 1117 1570; x_wconf 90' lang='lat' dir='ltr'>esse</span> <span class='ocrx_word' id='word_1_92' title='bbox 1132 1504 1264 1574; x_wconf 78' lang='lat' dir='ltr'>recitas·</span> 
     </span>
     <span class='ocr_line' id='line_1_12' title="bbox 133 1606 1265 1691; baseline 0.004 -16"><span class='ocrx_word' id='word_1_93' title='bbox 133 1617 191 1679; x_wconf 89' lang='lat' dir='ltr'>set.</span> <span class='ocrx_word' id='word_1_94' title='bbox 217 1610 299 1676; x_wconf 88' lang='lat' dir='ltr'>Item</span> <span class='ocrx_word' id='word_1_95' title='bbox 324 1609 391 1677; x_wconf 88' lang='lat' dir='ltr'>filie</span> <span class='ocrx_word' id='word_1_96' title='bbox 410 1625 469 1674; x_wconf 86' lang='lat' dir='ltr'>sue</span> <span class='ocrx_word' id='word_1_97' title='bbox 485 1606 672 1688; x_wconf 85' lang='lat' dir='ltr'>reliquisset</span> <span class='ocrx_word' id='word_1_98' title='bbox 685 1608 921 1691; x_wconf 64' lang='lat' dir='ltr'>vpossessiones</span> <span class='ocrx_word' id='word_1_99' title='bbox 946 1630 1024 1677; x_wconf 90' lang='lat' dir='ltr'>suas</span> <span class='ocrx_word' id='word_1_100' title='bbox 1048 1611 1265 1679; x_wconf 73' lang='lat' dir='ltr'>incomitata</span> 
     </span>
     <span class='ocr_line' id='line_1_13' title="bbox 134 1714 1356 1804; baseline 0.001 -21"><span class='ocrx_word' id='word_1_101' title='bbox 134 1717 175 1784; x_wconf 87' lang='lat' dir='ltr'>de</span> <span class='ocrx_word' id='word_1_102' title='bbox 191 1716 335 1784; x_wconf 87' lang='lat' dir='ltr'>Wolkon</span> <span class='ocrx_word' id='word_1_103' title='bbox 351 1715 541 1800; x_wconf 83' lang='lat' dir='ltr'>existentes,</span> <span class='ocrx_word' id='word_1_104' title='bbox 561 1715 702 1798; x_wconf 69' lang='grc' dir='ltr'>Ζοτννοε,Ι</span> <span class='ocrx_word' id='word_1_105' title='bbox 719 1714 842 1782; x_wconf 88' lang='lat' dir='ltr'>Warad</span> <span class='ocrx_word' id='word_1_106' title='bbox 860 1722 892 1783; x_wconf 88' lang='lat' dir='ltr'>et</span> <span class='ocrx_word' id='word_1_107' title='bbox 908 1717 1015 1784; x_wconf 85' lang='lat' dir='ltr'>Touth</span> <span class='ocrx_word' id='word_1_108' title='bbox 1032 1725 1175 1804; x_wconf 78' lang='lat' dir='ltr'>uocatas,</span> <span class='ocrx_word' id='word_1_109' title='bbox 1193 1737 1266 1785; x_wconf 89' lang='lat' dir='ltr'>oum</span> <span class='ocrx_word' id='word_1_110' title='bbox 1352 1714 1356 1720; x_wconf 85' lang='grc'><strong>’</strong></span> 
     </span>
     <span class='ocr_line' id='line_1_14' title="bbox 133 1821 1266 1909; baseline 0.002 -19"><span class='ocrx_word' id='word_1_111' title='bbox 133 1823 332 1892; x_wconf 82' lang='lat' dir='ltr'>utilitatibus</span> <span class='ocrx_word' id='word_1_112' title='bbox 361 1822 428 1890; x_wconf 88' lang='lat' dir='ltr'>suis</span> <span class='ocrx_word' id='word_1_113' title='bbox 454 1829 487 1891; x_wconf 88' lang='lat' dir='ltr'>et</span> <span class='ocrx_word' id='word_1_114' title='bbox 510 1821 614 1890; x_wconf 88' lang='lat' dir='ltr'>adse</span> <span class='ocrx_word' id='word_1_115' title='bbox 639 1823 885 1906; x_wconf 85' lang='lat' dir='ltr'>pertinentibus.</span> <span class='ocrx_word' id='word_1_116' title='bbox 919 1827 999 1892; x_wconf 89' lang='lat' dir='ltr'>Item</span> <span class='ocrx_word' id='word_1_117' title='bbox 1025 1827 1266 1909; x_wconf 88' lang='lat' dir='ltr'>possessionem</span> 
     </span>
     <span class='ocr_line' id='line_1_15' title="bbox 133 1929 1264 2017; baseline 0.002 -19"><span class='ocrx_word' id='word_1_118' title='bbox 133 1952 238 2017; x_wconf 89' lang='lat' dir='ltr'>suam,</span> <span class='ocrx_word' id='word_1_119' title='bbox 255 1949 352 2016; x_wconf 86' lang='lat' dir='ltr'>quam</span> <span class='ocrx_word' id='word_1_120' title='bbox 369 1931 402 1998; x_wconf 92' lang='lat' dir='ltr'>in</span> <span class='ocrx_word' id='word_1_121' title='bbox 420 1932 493 2014; x_wconf 84' lang='lat' dir='ltr'>Eng</span> <span class='ocrx_word' id='word_1_122' title='bbox 509 1930 630 2002; x_wconf 89' lang='lat' dir='ltr'>habere</span> <span class='ocrx_word' id='word_1_123' title='bbox 650 1929 840 2015; x_wconf 77' lang='lat' dir='ltr'>dinoscitur,</span> <span class='ocrx_word' id='word_1_124' title='bbox 863 1931 1048 2016; x_wconf 85' lang='lat' dir='ltr'>reliquisset</span> <span class='ocrx_word' id='word_1_125' title='bbox 1063 1933 1128 1999; x_wconf 89' lang='lat' dir='ltr'>filie</span> <span class='ocrx_word' id='word_1_126' title='bbox 1143 1933 1264 2000; x_wconf 90' lang='lat' dir='ltr'>sororis</span> 
     </span>
     <span class='ocr_line' id='line_1_16' title="bbox 134 2037 1264 2123; baseline 0.002 -17"><span class='ocrx_word' id='word_1_127' title='bbox 134 2057 280 2106; x_wconf 85' lang='lat' dir='ltr'>sueenm</span> <span class='ocrx_word' id='word_1_128' title='bbox 306 2037 376 2105; x_wconf 88' lang='lat' dir='ltr'>suis</span> <span class='ocrx_word' id='word_1_129' title='bbox 402 2037 615 2122; x_wconf 88' lang='lat' dir='ltr'>pertineneijs</span> <span class='ocrx_word' id='word_1_130' title='bbox 631 2037 817 2123; x_wconf 80' lang='lat' dir='ltr'>uniuersis3¹</span> <span class='ocrx_word' id='word_1_131' title='bbox 834 2039 910 2105; x_wconf 89' lang='lat' dir='ltr'>item</span> <span class='ocrx_word' id='word_1_132' title='bbox 938 2041 1089 2108; x_wconf 81' lang='lat' dir='ltr'>Claustra</span> <span class='ocrx_word' id='word_1_133' title='bbox 1115 2041 1264 2108; x_wconf 87' lang='lat' dir='ltr'>Sororum</span> 
     </span>
     <span class='ocr_line' id='line_1_17' title="bbox 136 2143 1264 2234; baseline 0.003 -22"><span class='ocrx_word' id='word_1_134' title='bbox 136 2147 176 2214; x_wconf 78' lang='lat' dir='ltr'>(le</span> <span class='ocrx_word' id='word_1_135' title='bbox 195 2143 320 2234; x_wconf 88' lang='lat' dir='ltr'>Ordine</span> <span class='ocrx_word' id='word_1_136' title='bbox 335 2145 487 2212; x_wconf 79' lang='lat' dir='ltr'>Fratrum</span> <span class='ocrx_word' id='word_1_137' title='bbox 503 2145 746 2213; x_wconf 79' lang='lat' dir='ltr'>Predieotornm</span> <span class='ocrx_word' id='word_1_138' title='bbox 762 2145 803 2212; x_wconf 90' lang='lat' dir='ltr'>de</span> <span class='ocrx_word' id='word_1_139' title='bbox 819 2145 932 2216; x_wconf 83' lang='lat' dir='ltr'>Insula</span> <span class='ocrx_word' id='word_1_140' title='bbox 948 2148 1066 2216; x_wconf 85' lang='lat' dir='ltr'>Sancte</span> <span class='ocrx_word' id='word_1_141' title='bbox 1081 2150 1182 2216; x_wconf 84' lang='lat' dir='ltr'>llarie</span> <span class='ocrx_word' id='word_1_142' title='bbox 1193 2149 1264 2218; x_wconf 91' lang='lat' dir='ltr'>Uir-</span> 
     </span>
     <span class='ocr_line' id='line_1_18' title="bbox 133 2243 1265 2343; baseline 0.003 -23"><span class='ocrx_word' id='word_1_143' title='bbox 133 2255 241 2340; x_wconf 79' lang='lat' dir='ltr'>ginis,</span> <span class='ocrx_word' id='word_1_144' title='bbox 275 2253 310 2319; x_wconf 92' lang='lat' dir='ltr'>in</span> <span class='ocrx_word' id='word_1_145' title='bbox 338 2243 400 2338; x_wconf 87' lang='lat' dir='ltr'>quo</span> <span class='ocrx_word' id='word_1_146' title='bbox 426 2253 498 2320; x_wconf 88' lang='lat' dir='ltr'>loeo</span> <span class='ocrx_word' id='word_1_147' title='bbox 522 2254 720 2339; x_wconf 88' lang='lat' dir='ltr'>sepulturam</span> <span class='ocrx_word' id='word_1_148' title='bbox 747 2255 810 2321; x_wconf 89' lang='lat' dir='ltr'>sibi</span> <span class='ocrx_word' id='word_1_149' title='bbox 834 2257 904 2321; x_wconf 90' lang='lat' dir='ltr'>fieri</span> <span class='ocrx_word' id='word_1_150' title='bbox 925 2257 1049 2343; x_wconf 84' lang='lat' dir='ltr'>elegit,</span> <span class='ocrx_word' id='word_1_151' title='bbox 1080 2257 1265 2342; x_wconf 88' lang='lat' dir='ltr'>reliquisset</span> 
     </span>
     <span class='ocr_line' id='line_1_19' title="bbox 133 2358 1265 2448; baseline 0.002 -20"><span class='ocrx_word' id='word_1_152' title='bbox 133 2358 369 2448; x_wconf 88' lang='lat' dir='ltr'>possessionem</span> <span class='ocrx_word' id='word_1_153' title='bbox 385 2380 477 2428; x_wconf 89' lang='lat' dir='ltr'>suam</span> <span class='ocrx_word' id='word_1_154' title='bbox 494 2360 598 2433; x_wconf 85' lang='lat' dir='ltr'>Anias</span> <span class='ocrx_word' id='word_1_155' title='bbox 615 2368 783 2448; x_wconf 78' lang='lat' dir='ltr'>vocatam,</span> <span class='ocrx_word' id='word_1_156' title='bbox 808 2382 906 2448; x_wconf 89' lang='lat' dir='ltr'>quarn</span> <span class='ocrx_word' id='word_1_157' title='bbox 931 2363 1031 2432; x_wconf 87' lang='lat' dir='ltr'>habet</span> <span class='ocrx_word' id='word_1_158' title='bbox 1042 2375 1044 2381; x_wconf 58' lang='lat'><strong><em>⁴</em></strong></span> <span class='ocrx_word' id='word_1_159' title='bbox 1055 2365 1148 2431; x_wconf 86' lang='lat' dir='ltr'>iuxta</span> <span class='ocrx_word' id='word_1_160' title='bbox 1163 2365 1265 2433; x_wconf 84' lang='lat' dir='ltr'>Tisai-</span> 
     </span>
     <span class='ocr_line' id='line_1_20' title="bbox 133 2453 1264 2559; baseline 0.004 -25"><span class='ocrx_word' id='word_1_161' title='bbox 133 2453 186 2535; x_wconf 81' lang='lat' dir='ltr'>am</span> <span class='ocrx_word' id='word_1_162' title='bbox 203 2487 277 2534; x_wconf 89' lang='lat' dir='ltr'>eum</span> <span class='ocrx_word' id='word_1_163' title='bbox 294 2467 443 2541; x_wconf 89' lang='lat' dir='ltr'>omnibus</span> <span class='ocrx_word' id='word_1_164' title='bbox 459 2467 655 2535; x_wconf 85' lang='lat' dir='ltr'>utilitatibus</span> <span class='ocrx_word' id='word_1_165' title='bbox 672 2468 760 2550; x_wconf 85' lang='lat' dir='ltr'>suis,</span> <span class='ocrx_word' id='word_1_166' title='bbox 784 2470 917 2556; x_wconf 82' lang='lat' dir='ltr'>piscinis</span> <span class='ocrx_word' id='word_1_167' title='bbox 942 2471 1103 2552; x_wconf 82' lang='lat' dir='ltr'>videlieet,</span> <span class='ocrx_word' id='word_1_168' title='bbox 1121 2479 1153 2540; x_wconf 89' lang='lat' dir='ltr'>et</span> <span class='ocrx_word' id='word_1_169' title='bbox 1169 2473 1264 2559; x_wconf 89' lang='lat' dir='ltr'>perti·</span> 
     </span>
     <span class='ocr_line' id='line_1_21' title="bbox 134 2575 1265 2667; baseline 0.005 -24"><span class='ocrx_word' id='word_1_170' title='bbox 134 2575 262 2660; x_wconf 76' lang='lat' dir='ltr'>neneiJs</span> <span class='ocrx_word' id='word_1_171' title='bbox 279 2575 347 2642; x_wconf 90' lang='lat' dir='ltr'>suis</span> <span class='ocrx_word' id='word_1_172' title='bbox 363 2576 535 2642; x_wconf 81' lang='lat' dir='ltr'>uniuersis.</span> <span class='ocrx_word' id='word_1_173' title='bbox 574 2575 656 2643; x_wconf 88' lang='lat' dir='ltr'>Item</span> <span class='ocrx_word' id='word_1_174' title='bbox 682 2577 872 2660; x_wconf 86' lang='lat' dir='ltr'>reliquisset</span> <span class='ocrx_word' id='word_1_175' title='bbox 895 2578 1000 2646; x_wconf 87' lang='lat' dir='ltr'>eidem</span> <span class='ocrx_word' id='word_1_176' title='bbox 1025 2581 1175 2648; x_wconf 86' lang='lat' dir='ltr'>Eoolesie</span> <span class='ocrx_word' id='word_1_177' title='bbox 1193 2601 1265 2667; x_wconf 90' lang='lat' dir='ltr'>pos-</span> 
     </span>
     <span class='ocr_line' id='line_1_22' title="bbox 133 2681 1264 2775; baseline 0.002 -23"><span class='ocrx_word' id='word_1_178' title='bbox 133 2684 310 2775; x_wconf 83' lang='lat' dir='ltr'>sessionem</span> <span class='ocrx_word' id='word_1_179' title='bbox 328 2701 431 2768; x_wconf 83' lang='lat' dir='ltr'>suam,</span> <span class='ocrx_word' id='word_1_180' title='bbox 448 2700 546 2765; x_wconf 89' lang='lat' dir='ltr'>quam</span> <span class='ocrx_word' id='word_1_181' title='bbox 562 2681 664 2750; x_wconf 88' lang='lat' dir='ltr'>habet</span> <span class='ocrx_word' id='word_1_182' title='bbox 681 2685 766 2750; x_wconf 88' lang='lat' dir='ltr'>ultra</span> <span class='ocrx_word' id='word_1_183' title='bbox 782 2683 925 2756; x_wconf 81' lang='lat' dir='ltr'>Tisoiam</span> <span class='ocrx_word' id='word_1_184' title='bbox 942 2687 1072 2753; x_wconf 93' lang='lat' dir='ltr'>nomine</span> <span class='ocrx_word' id='word_1_185' title='bbox 1083 2686 1264 2756; x_wconf 89' lang='lat' dir='ltr'>qurholm</span> 
     </span>
     <span class='ocr_line' id='line_1_23' title="bbox 134 2789 1264 2877; baseline 0.004 -19"><span class='ocrx_word' id='word_1_186' title='bbox 134 2809 208 2858; x_wconf 86' lang='lat' dir='ltr'>eum</span> <span class='ocrx_word' id='word_1_187' title='bbox 230 2789 379 2856; x_wconf 90' lang='lat' dir='ltr'>omnibus</span> <span class='ocrx_word' id='word_1_188' title='bbox 399 2791 614 2875; x_wconf 71' lang='lat' dir='ltr'>pertinenoiJs</span> <span class='ocrx_word' id='word_1_189' title='bbox 639 2791 716 2858; x_wconf 91' lang='lat' dir='ltr'>suis.</span> <span class='ocrx_word' id='word_1_190' title='bbox 756 2793 835 2858; x_wconf 92' lang='lat' dir='ltr'>Item</span> <span class='ocrx_word' id='word_1_191' title='bbox 854 2794 1017 2877; x_wconf 87' lang='lat' dir='ltr'>quandam</span> <span class='ocrx_word' id='word_1_192' title='bbox 1037 2800 1157 2864; x_wconf 87' lang='lat' dir='ltr'>terram</span> <span class='ocrx_word' id='word_1_193' title='bbox 1173 2813 1264 2862; x_wconf 86' lang='lat' dir='ltr'>suam</span> 
     </span>
     <span class='ocr_line' id='line_1_24' title="bbox 133 2896 1263 2982; baseline 0.005 -19"><span class='ocrx_word' id='word_1_194' title='bbox 133 2899 224 2964; x_wconf 83' lang='lat' dir='ltr'>iuxta</span> <span class='ocrx_word' id='word_1_195' title='bbox 250 2896 391 2963; x_wconf 80' lang='lat' dir='ltr'>Tisaiam</span> <span class='ocrx_word' id='word_1_196' title='bbox 417 2898 523 2964; x_wconf 88' lang='lat' dir='ltr'>Koxol</span> <span class='ocrx_word' id='word_1_197' title='bbox 547 2904 696 2964; x_wconf 83' lang='lat' dir='ltr'>vocatam</span> <span class='ocrx_word' id='word_1_198' title='bbox 723 2900 907 2982; x_wconf 87' lang='lat' dir='ltr'>reliquisset</span> <span class='ocrx_word' id='word_1_199' title='bbox 934 2900 1084 2968; x_wconf 84' lang='lat' dir='ltr'>Olanstro</span> <span class='ocrx_word' id='word_1_200' title='bbox 1111 2901 1263 2969; x_wconf 83' lang='lat' dir='ltr'>Sororum</span> 
     </span>
     <span class='ocr_line' id='line_1_25' title="bbox 134 3003 1264 3091; baseline 0.002 -19"><span class='ocrx_word' id='word_1_201' title='bbox 134 3003 331 3091; x_wconf 76' lang='lat' dir='ltr'>supradicto.</span> <span class='ocrx_word' id='word_1_202' title='bbox 356 3003 576 3091; x_wconf 81' lang='lat' dir='ltr'>Aliaautem,</span> <span class='ocrx_word' id='word_1_203' title='bbox 600 3025 662 3089; x_wconf 90' lang='lat' dir='ltr'>que</span> <span class='ocrx_word' id='word_1_204' title='bbox 683 3005 723 3071; x_wconf 92' lang='lat' dir='ltr'>de</span> <span class='ocrx_word' id='word_1_205' title='bbox 739 3008 843 3073; x_wconf 87' lang='lat' dir='ltr'>seruis</span> <span class='ocrx_word' id='word_1_206' title='bbox 860 3013 892 3074; x_wconf 89' lang='lat' dir='ltr'>et</span> <span class='ocrx_word' id='word_1_207' title='bbox 907 3007 1037 3075; x_wconf 88' lang='lat' dir='ltr'>anoillis</span> <span class='ocrx_word' id='word_1_208' title='bbox 1054 3008 1121 3074; x_wconf 89' lang='lat' dir='ltr'>suis</span> <span class='ocrx_word' id='word_1_209' title='bbox 1137 3008 1264 3077; x_wconf 82' lang='lat' dir='ltr'>ordina·</span> 
     </span>
     <span class='ocr_line' id='line_1_26' title="bbox 133 3111 1265 3200; baseline 0.004 -22"><span class='ocrx_word' id='word_1_210' title='bbox 133 3114 191 3200; x_wconf 89' lang='lat' dir='ltr'>uit,</span> <span class='ocrx_word' id='word_1_211' title='bbox 215 3111 422 3179; x_wconf 86' lang='lat' dir='ltr'>eontinentur</span> <span class='ocrx_word' id='word_1_212' title='bbox 438 3111 471 3176; x_wconf 94' lang='lat' dir='ltr'>in</span> <span class='ocrx_word' id='word_1_213' title='bbox 487 3111 606 3178; x_wconf 90' lang='lat' dir='ltr'>litteris</span> <span class='ocrx_word' id='word_1_214' title='bbox 623 3113 810 3179; x_wconf 83' lang='lat' dir='ltr'>testamenti</span> <span class='ocrx_word' id='word_1_215' title='bbox 834 3115 884 3180; x_wconf 90' lang='lat' dir='ltr'>sui</span> <span class='ocrx_word' id='word_1_216' title='bbox 910 3117 943 3181; x_wconf 92' lang='lat' dir='ltr'>in</span> <span class='ocrx_word' id='word_1_217' title='bbox 969 3135 1100 3182; x_wconf 83' lang='lat' dir='ltr'>camera</span> <span class='ocrx_word' id='word_1_218' title='bbox 1118 3115 1265 3183; x_wconf 77' lang='lat' dir='ltr'>sceleste</span> 
     </span>
     <span class='ocr_line' id='line_1_27' title="bbox 132 3219 1264 3304; baseline 0.005 -19"><span class='ocrx_word' id='word_1_219' title='bbox 132 3223 261 3304; x_wconf 85' lang='lat' dir='ltr'>nostre;</span> <span class='ocrx_word' id='word_1_220' title='bbox 287 3237 370 3302; x_wconf 86' lang='lat' dir='ltr'>quas</span> <span class='ocrx_word' id='word_1_221' title='bbox 396 3219 526 3285; x_wconf 85' lang='lat' dir='ltr'>litteras</span> <span class='ocrx_word' id='word_1_222' title='bbox 551 3219 637 3285; x_wconf 91' lang='lat' dir='ltr'>idem</span> <span class='ocrx_word' id='word_1_223' title='bbox 658 3220 771 3287; x_wconf 82' lang='lat' dir='ltr'>Comes</span> <span class='ocrx_word' id='word_1_224' title='bbox 788 3222 953 3289; x_wconf 77' lang='lat' dir='ltr'>Mor-ianus</span> <span class='ocrx_word' id='word_1_225' title='bbox 969 3225 1028 3290; x_wconf 91' lang='lat' dir='ltr'>sub</span> <span class='ocrx_word' id='word_1_226' title='bbox 1044 3237 1102 3288; x_wconf 88' lang='lat' dir='ltr'>suo</span> <span class='ocrx_word' id='word_1_227' title='bbox 1118 3229 1150 3289; x_wconf 91' lang='lat' dir='ltr'>et</span> <span class='ocrx_word' id='word_1_228' title='bbox 1165 3223 1264 3291; x_wconf 88' lang='lat' dir='ltr'>dioto·</span> 
     </span>
     <span class='ocr_line' id='line_1_28' title="bbox 134 3327 1262 3413; baseline 0.001 -18"><span class='ocrx_word' id='word_1_229' title='bbox 134 3351 205 3396; x_wconf 90' lang='lat' dir='ltr'>rum</span> <span class='ocrx_word' id='word_1_230' title='bbox 236 3329 385 3394; x_wconf 86' lang='lat' dir='ltr'>Fratrum</span> <span class='ocrx_word' id='word_1_231' title='bbox 412 3327 656 3394; x_wconf 88' lang='lat' dir='ltr'>Predieotornm</span> <span class='ocrx_word' id='word_1_232' title='bbox 683 3329 803 3413; x_wconf 82' lang='lat' dir='ltr'>sigillis</span> <span class='ocrx_word' id='word_1_233' title='bbox 827 3331 920 3397; x_wconf 91' lang='lat' dir='ltr'>nobis</span> <span class='ocrx_word' id='word_1_234' title='bbox 940 3333 1067 3396; x_wconf 84' lang='lat' dir='ltr'>curauit</span> <span class='ocrx_word' id='word_1_235' title='bbox 1088 3330 1262 3396; x_wconf 85' lang='lat' dir='ltr'>destinare.</span> 
     </span>
     <span class='ocr_line' id='line_1_29' title="bbox 133 3435 719 3520; baseline 0.003 -18"><span class='ocrx_word' id='word_1_236' title='bbox 133 3437 256 3503; x_wconf 89' lang='lat' dir='ltr'>Datum</span> <span class='ocrx_word' id='word_1_237' title='bbox 278 3435 379 3502; x_wconf 89' lang='lat' dir='ltr'>tereio</span> <span class='ocrx_word' id='word_1_238' title='bbox 397 3435 449 3501; x_wconf 92' lang='lat' dir='ltr'>die</span> <span class='ocrx_word' id='word_1_239' title='bbox 465 3435 563 3520; x_wconf 87' lang='lat' dir='ltr'>medij</span> <span class='ocrx_word' id='word_1_240' title='bbox 582 3435 719 3504; x_wconf 88' lang='lat' dir='ltr'>XL-me.</span> 
     </span>
    </p>
   </div>
   <div class='ocr_carea' id='block_1_3' title="bbox 362 3592 1064 3676">
    <p class='ocr_par' dir='ltr' id='par_1_3' title="bbox 362 3592 1064 3676">
     <span class='ocr_line' id='line_1_30' title="bbox 362 3592 1064 3676; baseline 0.014 -31"><span class='ocrx_word' id='word_1_241' title='bbox 362 3597 397 3650; x_wconf 83' lang='grc' dir='ltr'>(Δ</span> <span class='ocrx_word' id='word_1_242' title='bbox 410 3597 491 3648; x_wconf 87' lang='lat' dir='ltr'>budai</span> <span class='ocrx_word' id='word_1_243' title='bbox 506 3592 694 3664; x_wconf 67' lang='lat' dir='ltr'>ktptalannalr</span> <span class='ocrx_word' id='word_1_244' title='bbox 712 3601 770 3650; x_wconf 82' lang='grc'><strong>186.</strong></span> <span class='ocrx_word' id='word_1_245' title='bbox 784 3617 819 3650; x_wconf 84' lang='lat' dir='ltr'>sa.</span> <span class='ocrx_word' id='word_1_246' title='bbox 834 3615 857 3656; x_wconf 85' lang='lat' dir='ltr'>a.</span> <span class='ocrx_word' id='word_1_247' title='bbox 872 3597 1040 3664; x_wconf 64' lang='lat' dir='ltr'>torreretur.)</span> <span class='ocrx_word' id='word_1_248' title='bbox 1055 3670 1064 3676; x_wconf 29' lang='lat'>⁸</span> 
     </span>
    </p>
   </div>
   <div class='ocr_carea' id='block_1_4' title="bbox 594 3905 806 3916">
    <p class='ocr_par' dir='ltr' id='par_1_4' title="bbox 594 3905 806 3916">
     <span class='ocr_line' id='line_1_31' title="bbox 594 3905 806 3916; baseline 0 -2"><span class='ocrx_word' id='word_1_249' title='bbox 594 3905 806 3916; x_wconf 51' lang='grc' dir='ltr'>κιαι-...ιμ-</span> 
     </span>
    </p>
   </div>
   <div class='ocr_carea' id='block_1_5' title="bbox 0 0 1569 5158">
    <p class='ocr_par' dir='ltr' id='par_1_5' title="bbox 0 0 1569 5158">
     <span class='ocr_line' id='line_1_32' title="bbox 0 0 1569 5158; baseline 0 0"><span class='ocrx_word' id='word_1_250' title='bbox 0 0 1569 5158; x_wconf 95' lang='lat' dir='ltr'> </span> 
     </span>
    </p>
   </div>
  </div>
 </body>
</html>
