3140 5150
798 279 958 395 ...nne

314 433 479 564 adipisci,
495 476 588 544 firma
604 475 697 544 uobis
715 482 747 542 et
764 476 812 543 eis
822 525 831 560 ,
862 494 927 558 quc
942 475 1038 542 nobis
1067 476 1300 562 successerint,
1325 483 1359 544 et
1383 475 1445 544 illi-

313 585 391 652 bata
406 589 625 670 permaneant.
649 585 688 652 ln
703 584 820 668 quibus
846 581 906 652 beo
929 582 1071 669 proprijs
1095 583 1247 650 duximus
1272 585 1444 652 uocabulis

314 692 546 780 exprimenda:
581 693 701 760 Locum
726 693 852 779 ipsum,
875 690 910 756 in
934 710 997 775 quo
1023 689 1182 776 prelatum
1212 693 1442 760 Mouasterium

314 801 412 869 situm
429 807 499 888 est,
531 818 604 866 oum
635 799 785 868 omuibus
815 798 1022 886 pertinentijs
1053 799 1141 886 suis,
1174 819 1215 866 ex
1245 801 1330 868 dono
1354 800 1443 868 clare

315 909 469 978 memorie
485 908 564 978 Belo
580 910 680 994 Regis
706 910 869 996 vigoris,
890 911 946 996 jus
972 913 1180 994 patronatus,
1203 910 1290 993 quod
1315 909 1443 978 habetis
1562 949 1563 982 1

314 1017 349 1084 in
365 1019 460 1106 plebe
476 1018 595 1086 Sancte
611 1016 714 1086 llario
729 1015 910 1103 Eudemia,
934 1024 1054 1106 terras,
1085 1017 1316 1106 possessiones,
1342 1017 1441 1084 tribu·
1562 1081 1563 1124 ἦ

315 1132 393 1213 tum,
410 1132 441 1193 ot
458 1125 610 1212 quioquid
636 1125 717 1192 iuris
742 1123 871 1194 habetis
889 1125 922 1192 iu
939 1127 1049 1193 Monte
1074 1124 1217 1194 Budensi
1233 1133 1266 1194 et
1281 1126 1444 1214 pertiuen-

316 1235 372 1318 lijs
389 1233 476 1318 suis,
500 1254 599 1302 vnum
616 1230 834 1301 molendinum
867 1231 908 1299 de
939 1233 1058 1302 calidis
1084 1233 1176 1318 aquis
1197 1255 1269 1301 cnm
1285 1253 1442 1318 aquarum

315 1339 504 1410 decursibus
535 1346 567 1408 et
597 1341 676 1428 aliis
714 1342 918 1429 pertiuentijs
956 1340 1045 1430 suis,
1068 1339 1182 1410 villam
1202 1341 1444 1427 queapellatnr

315 1451 403 1535 Ysa,
426 1469 498 1516 oum
518 1447 698 1536 piscatione
728 1447 762 1516 in
793 1468 859 1534 qua
876 1449 1048 1534 capiuntur
1078 1469 1216 1532 usoues,
1241 1455 1274 1517 et
1304 1451 1443 1518 insulam

315 1556 408 1623 iuxta
437 1557 574 1625 eandem
589 1555 722 1643 uillam;
747 1563 910 1644 stagnum,
936 1575 1057 1642 aquam
1072 1555 1238 1624 fluuialem
1269 1556 1374 1644 Sytua
1389 1578 1443 1644 ap-

315 1664 490 1752 pellatam,
515 1672 547 1732 11
562 1663 718 1750 quiequid
748 1664 875 1736 habetis
906 1663 993 1732 iufra
1017 1666 1171 1733 terminos
1202 1665 1288 1732 dicte
1315 1665 1394 1734 uillc
1411 1673 1444 1733 et

315 1771 565 1857 fluuij.1nlooo
589 1771 646 1856 qui
671 1773 791 1841 dicitur
815 1773 980 1858 Cholquus
1008 1771 1122 1840 uillam
1147 1773 1253 1842 'leina
1278 1781 1310 1840 et
1333 1774 1445 1842 uillam

317 1879 472 1947 Gemulob
491 1900 565 1948 oum
581 1880 789 1967 pertinentijs
806 1880 1002 1965 earundem,
1025 1888 1145 1948 terram
1162 1888 1194 1949 et
1210 1882 1325 1950 villam
1344 1883 1443 1950 Potos

317 1986 415 2055 sitam
431 1988 465 2054 in
479 1987 585 2055 medio
602 1988 692 2074 fluuij
710 1989 765 2074 qni
782 1988 901 2056 dicitnr
918 1987 1041 2056 Cholch
1051 2009 1124 2056 oum
1135 1989 1341 2076 pertinentijs
1356 1991 1444 2075 suis,
1563 2029 1564 2074 p

316 2101 436 2162 terram
468 2095 588 2164 Chatar
618 2098 799 2182 uulgariter
835 2097 1057 2186 appellatam,
1092 2104 1126 2168 et
1156 2099 1294 2166 alteram
1326 2105 1445 2166 terram
1563 2129 1564 2166 1

317 2201 422 2272 eidem
438 2212 525 2272 terre
540 2204 745 2290 contiguam,
770 2227 834 2291 quc
858 2206 979 2274 dicitur
1003 2206 1135 2292 flanta3
1159 2207 1272 2274 villam
1298 2207 1396 2274 Ynou
1411 2207 1447 2273 in

317 2316 413 2397 portu
430 2311 572 2398 Danubij
606 2314 723 2400 sitam,
747 2320 780 2381 et
796 2314 881 2382 alias
906 2315 948 2382 de
967 2315 1147 2402 Zymgata,
1180 2321 1212 2382 et
1237 2313 1382 2404 Nemeg,
1415 2321 1447 2381 et

317 2418 455 2506 Noghus
470 2419 542 2488 ¹oum
559 2421 666 2490 feneto
683 2429 716 2489 et
731 2422 808 2508 aliJs
827 2422 1033 2510 pertinentijs
1053 2423 1142 2510 suis,
1166 2423 1208 2490 de
1224 2423 1375 2511 Hasnar,
1403 2423 1445 2491 de

318 2527 399 2596 Sulu
415 2533 447 2596 et
463 2527 504 2596 de
518 2528 627 2596 Veurd
642 2529 742 2598 villas
758 2550 831 2600 oum
847 2531 995 2600 omuibus
1020 2529 1227 2616 pertiuentiis
1250 2531 1446 2616 earundem,

318 2635 434 2704 villam
449 2635 585 2704 'Pooxun
610 2644 643 2705 et
667 2636 780 2706 villam
813 2637 965 2705 Voschan
997 2638 1089 2706 iuxta
1120 2636 1324 2724 Danubium,
1348 2637 1447 2705 villas

319 2743 490 2826 Harqoian
507 2749 538 2810 et
554 2744 595 2810 de
611 2743 757 2830 Foglhar
777 2764 850 2812 oum
875 2745 1081 2832 pertinentijs
1106 2745 1300 2832 earundem,
1330 2745 1365 2811 in
1380 2747 1449 2813 lla·

319 2871 384 2938 gua
400 2851 514 2920 Insula
530 2851 613 2920 duas
625 2851 724 2921 villas
740 2853 831 2920 blovs
849 2859 881 2921 et
895 2853 1026 2938 Rognld
1041 2853 1219 2939 nulgariter
1238 2852 1448 2940 appellatas,

319 2965 439 3028 terram
454 2961 556 3030 Poree
572 2981 645 3028 oum
664 2961 870 3050 pertinentijs
889 2959 976 3047 suis,
1000 2962 1213 3049 piscationem
1232 2961 1266 3028 in
1281 2963 1447 3048 Danubio,

319 3087 382 3152 que
399 3068 517 3136 dicitur
533 3067 756 3148 Queruluhere
776 3089 847 3136 cum
865 3070 1013 3139 omnibus
1038 3069 1273 3155 piseationibus
1292 3071 1380 3156 suis,
1414 3078 1448 3138 11
1564 3113 1565 3144 1

317 3181 435 3242 terram
474 3173 518 3242 ad
544 3173 680 3242 eandem
711 3177 925 3263 piscationem
950 3177 1184 3265 pertinentem,
1216 3197 1255 3245 ao
1285 3176 1451 3264 mancipia
1564 3229 1565 3234 1

319 3301 382 3368 quo
398 3281 490 3351 uobis
506 3281 673 3368 predictus
687 3286 759 3351 Rex
774 3285 832 3370 pia
863 3285 1060 3354 liberalitate
1086 3283 1301 3369 condonant,
1333 3284 1449 3352 villam

320 3389 482 3474 Cholnuc,
498 3390 608 3460 uillam
628 3390 738 3459 Kuldu
755 3399 788 3459 11
803 3393 917 3460 villam
931 3393 1054 3477 Neweg
1069 3391 1158 3460 cirea
1173 3391 1315 3478 Kewao;
1336 3391 1451 3460 villam

244 3575 249 3583 ¹
318 3497 465 3583 Wosyan
481 3517 554 3566 oum
570 3499 672 3566 tribus
688 3501 863 3587 mancipijs
879 3501 911 3568 in
927 3499 1088 3569 comitatu
1104 3499 1311 3586 Simigiensi3
1334 3500 1451 3567 villam

319 3605 452 3692 Tbelky
467 3625 538 3672 oum
555 3607 658 3676 vineis
684 3615 717 3676 et
741 3608 889 3677 omnibns
917 3607 1120 3700 pertiuentijs
1145 3607 1234 3693 suis,
1258 3608 1291 3674 iu
1314 3608 1448 3696 Kereluy

318 3716 448 3781 vineam
465 3735 638 3804 magnam,
663 3737 725 3800 que
741 3717 981 3804 suerntRegis,
1006 3725 1039 3784 11
1063 3715 1144 3785 duas
1169 3715 1274 3798 olias,
1298 3737 1360 3801 que
1381 3718 1452 3784 lue-

318 3829 392 3891 rant
406 3823 539 3910 Teken,
563 3824 676 3892 villam
693 3825 834 3892 Zaoalus
860 3845 933 3893 oum
958 3827 1085 3914 piscina
1100 3832 1132 3893 et
1147 3825 1224 3910 alijs
1240 3824 1452 3910 pertiuentijs

318 3932 404 4018 suis,
429 3937 462 3999 et
476 3939 596 4000 terram
615 3952 679 4016 que
704 3933 822 3999 dicitur
852 3933 947 4002 Noua
978 3933 1083 4020 Bech,
1118 3953 1193 4001 oum
1219 3933 1400 4019 piscatione
1417 3935 1453 4000 iu

318 4039 480 4108 Danubio.
520 4039 570 4106 Ex
591 4039 675 4106 dono
707 4039 742 4108 ll.
768 4039 907 4108 illustris
935 4041 1060 4125 Regino
1090 4041 1234 4124 Vugarie
1267 4044 1452 4126 portionem

320 4153 402 4214 terre
418 4165 515 4231 quam
531 4146 659 4215 hebetis
675 4147 708 4214 in
725 4148 828 4234 villa,
852 4169 914 4234 qne
929 4149 1047 4216 dieitur
1064 4145 1133 4216 (11111
1149 4169 1222 4216 oum
1238 4149 1341 4217 tribus
1359 4143 1454 4216 man-

320 4255 426 4341 cipijs.
444 4256 494 4322 Ex
513 4255 598 4324 dono
629 4255 794 4341 quondam
821 4255 955 4324 Comitis
985 4257 1082 4325 Nona
1114 4255 1226 4324 villam
1255 4255 1344 4340 'I'ulg
1375 4277 1455 4324 cum
1551 4315 1553 4318 ,

321 4361 426 4449 silua,
450 4361 559 4431 leuato
575 4367 608 4430 et
624 4363 701 4450 alijs
725 4364 933 4450 pertinentijs
949 4365 1040 4450 suis,
1064 4363 1177 4432 villam
1201 4361 1349 4442 Questus
1375 4385 1454 4432 cum

320 4470 528 4556 pertiuentijs
564 4468 653 4555 suis,
700 4471 810 4539 villam
840 4471 932 4557 Apar
962 4491 1034 4539 oum
1065 4469 1214 4539 omuibus
1246 4471 1455 4560 pertinentijs

322 4577 410 4664 suis;
435 4578 541 4646 locum
567 4581 623 4665 qui
639 4578 756 4648 dicitnr
787 4577 895 4647 Boocb
921 4600 992 4649 eum
1008 4581 1155 4669 piscina,
1178 4585 1298 4649 terram
1315 4598 1378 4661 qno
1392 4601 1454 4668 ap·
