3124 5158
645 1013 722 1080 168.

110 1217 135 1280 Ι
138 1214 178 1278 V.
206 1213 321 1278 Maste
343 1181 454 1296 ΙῙσίνάίῃ
486 1213 602 1278 Lcsztt
626 1213 811 1297 cszterqarnc'
831 1214 1030 1298 propostnuk
1054 1215 1245 1299 mycoqodi,

175 1325 259 1407 bogy
278 1318 400 1406 Gyerki
419 1319 595 1386 birtckdrot
611 1319 772 1384 rocbodon
786 1321 1059 1386 sordetbezhcsctk.
1085 1321 1183 1387 1279.

223 1517 290 1582 Nos
315 1513 491 1581 Ladizlaus
518 1513 579 1580 Dei
603 1514 717 1598 gracia
743 1516 812 1582 Rex
838 1513 1006 1599 Hungcrie
1022 1515 1242 1600 significemus

108 1624 231 1706 quibus
256 1623 389 1708 expedit
413 1623 619 1708 presencium
644 1644 702 1708 per
718 1629 882 1690 tenorem:
908 1622 994 1707 quod
1009 1622 1165 1706 Magister
1181 1625 1241 1688 La·

108 1730 242 1798 dizleus
267 1731 459 1814 Propositus
487 1729 736 1815 Strigoniensis‚
772 1729 893 1796 domini
918 1732 1008 1816 Papo
1035 1729 1242 1814 Capelianus,

109 1837 254 1904 dilectus
270 1844 302 1904 et
318 1836 424 1904 tidelis
440 1845 564 1920 noster,
590 1839 624 1903 in
650 1839 734 1904 lecto
755 1837 949 1922 egritudinis
965 1836 998 1904 in
1014 1843 1127 1904 nostre
1151 1841 1240 1906 curis

108 1944 327 2026 constitutus,
353 1943 452 2029 pccijt
468 1963 489 2009 a
504 1943 599 2011 nobis
616 1943 781 2011 humiliter
798 1952 829 2010 ct
845 1945 980 2028 deuote,
1007 1951 1041 2010 ut
1058 1943 1099 2009 de
1114 1963 1240 2030 posses·

107 2053 204 2118 sione
238 2071 298 2118 soe
331 2051 463 2139 Gereky
479 2061 614 2140 uocata,
649 2053 682 2117 in
708 2052 870 2118 Comitatu
890 2051 1052 2120 Huntcnsi
1069 2050 1240 2140 existente,

105 2161 249 2228 liberem
274 2166 471 2244 potestatem
498 2160 640 2226 donandi
660 2161 742 2225 inter
762 2160 855 2226 rivos
881 2165 912 2226 et
937 2167 1128 2226 testamento
1143 2159 1238 2225 relin-

106 2267 234 2350 quendi
251 2267 429 2335 concedere
449 2267 488 2333 de
504 2267 704 2351 benignitate
729 2267 833 2351 Regia
858 2265 1081 2350 dignaremur3
1105 2272 1172 2332 tam
1198 2287 1238 2333 ec

104 2379 204 2459 parte
213 2427 224 2461 ,
248 2394 310 2458 que
329 2381 379 2442 est
396 2373 548 2460 emptitia
558 2427 568 2462 ,
594 2395 692 2459 quam
713 2375 755 2442 de
774 2395 823 2460 ee,
841 2393 904 2458 que
919 2373 1031 2460 gracie
1046 2374 1125 2440 Bcle
1139 2375 1237 2458 Regis

104 2482 163 2548 eui
181 2483 285 2549 nostri
299 2480 466 2548 karissimi
493 2489 524 2548 ct
549 2489 661 2549 nostra
687 2483 838 2566 aquisite.
862 2483 930 2549 Nos
946 2481 1057 2566 itaque
1073 2481 1238 2549 meritorie

104 2599 138 2658 et
165 2589 365 2676 multiplicis
389 2588 527 2656 seruicia
554 2589 658 2674 ipsius
684 2591 907 2678 attendentes,
935 2609 997 2674 que
1020 2589 1148 2675 prefato
1173 2610 1237 2658 auo

104 2703 241 2780 nostro,
267 2697 443 2764 karissimo
466 2697 553 2782 putri
570 2702 694 2781 nostro,
719 2697 877 2780 nobisque
893 2695 1038 2763 exhibuit
1052 2695 1236 2782 indefessc;

102 2805 214 2890 ipsius
230 2805 383 2891 precibus
403 2805 496 2872 iustis
515 2805 682 2888 Regeiitcr
704 2803 874 2891 inclinati,
899 2804 1119 2872 concessimus
1136 2825 1236 2871 annu-

105 2911 207 2998 endo,
233 2917 268 2978 ut
283 2914 324 2980 de
340 2914 414 2999 ipsa
430 2919 518 2979 terre
534 2911 638 2998 possit
654 2911 805 2981 ordinere
821 2917 853 2978 et
868 2911 1049 2998 disponere,
1068 2919 1134 2978 tum
1150 2913 1237 2980 inter

102 3021 212 3104 uiuos,
239 3040 337 3104 quam
352 3021 386 3086 in
400 3029 513 3107 morte,
539 3021 797 3108 corundunam,
820 3019 959 3104 legando
985 3023 1235 3107 consenquineis

100 3137 134 3197 et
151 3127 349 3194 nominatim
365 3130 432 3197 suis
448 3132 616 3199 sororibus
633 3130 856 3216 (meri)tisque
873 3131 1047 3199 earundem
1072 3137 1103 3198 et
1122 3131 1234 3198 Eccle-

98 3237 170 3322 siJs,
197 3235 247 3301 ita
264 3233 349 3319 quod
365 3237 472 3306 nullus
489 3237 748 3324 ordinacionem,
771 3260 869 3323 quam
889 3237 931 3306 dc
948 3238 1094 3325 predicte
1110 3257 1236 3324 posses·

98 3348 197 3413 sicne
213 3343 337 3428 iecerit,
362 3343 518 3428 impedire
533 3347 655 3435 ualeat,
679 3347 732 3414 uel
752 3345 781 3412 ei
798 3365 880 3414 ausu
897 3345 1085 3433 (temerario
1106 3351 1234 3412 contra-

96 3449 176 3538 ire).
201 3449 297 3516 Etsi
322 3451 395 3534 quis
421 3451 482 3519 buc
498 3453 760 3538 attemptuuerit5
785 3473 850 3520 non
871 3453 977 3520 solum
993 3452 1233 3538 indignacionis

95 3559 217 3644 Regio,
233 3577 344 3626 verum
360 3561 463 3627 eciem
480 3559 564 3629 false
580 3579 639 3628 suc
655 3560 916 3647 attemptacionis
933 3559 1057 3629 senciat
1074 3560 1232 3628 ulcionem
1288 3551 1289 3558 '

95 3700 385 3716 -----
415 3687 535 3752 magns
550 3675 644 3753 porto
663 3669 707 3735 sit
722 3667 875 3756 empticic
890 3668 993 3756 ipsius
1015 3676 1047 3734 et
1062 3669 1095 3735 in
1112 3687 1232 3753 magne

92 3783 195 3861 perte
205 3794 228 3840 s
239 3773 368 3843 domino
386 3776 466 3844 Belo
482 3777 600 3845 illustri
609 3780 698 3863 Rege
710 3779 886 3870 Hungeric,
903 3799 967 3847 auo
983 3785 1104 3864 nostro,
1128 3785 1161 3844 ct
1175 3799 1231 3846 no-

93 3885 148 3953 bis
177 3903 200 3948 e
229 3919 508 3934 -----
535 3886 618 3952 siout
636 3887 670 3953 in
686 3888 832 3974 pluribus
848 3889 975 3976 litteris,
993 3886 1111 3955 exindc
1126 3885 1231 3954 conie-

92 3993 169 4078 ctis,
188 3991 312 4057 dicitur
327 3991 498 4060 contineri.
524 3993 566 4061 Vt
585 3993 683 4080 igitur
701 3996 762 4065 hec
778 4002 892 4065 nostru
905 3995 1048 4064 salubris
1065 3992 1230 4061 concessio

90 4107 167 4168 rete
185 4105 221 4168 et
235 4101 330 4166 firma
345 4101 380 4167 in
397 4107 565 4186 posterum
580 4113 778 4192 perseueret,
796 4111 962 4193 presentes
983 4101 1088 4173 eidem
1103 4122 1231 4170 conces-

92 4209 203 4277 simus
219 4207 383 4292 duppiicis
399 4207 503 4293 sigilli
519 4210 620 4278 nostri
635 4213 810 4280 munimine
820 4215 996 4282 roboratos.
1013 4213 1134 4281 Datum
1145 4231 1230 4280 enno

90 4315 232 4388 Domini
256 4313 479 4384 M⁰co⁰uxx⁰
499 4338 595 4387 nono.

179 4492 234 4558 (As
247 4494 353 4548 sredcti
365 4494 433 4550 utin
447 4499 544 4552 Kucus
559 4495 680 4569 Ntndor,
698 4502 813 4569 Msgyer
825 4500 890 4554 Sion
904 4501 956 4556 111.
970 4503 1026 4556 ket.
1040 4502 1101 4554 tto.
1115 4499 1144 4566 1.)
1185 4521 1197 4544 ο
