3140 5150
585 311 744 408 AE.
875 371 880 380 .

86 513 166 600 larij
188 511 304 581 dilecti
330 516 363 578 et
388 508 494 580 fidelis
520 506 631 594 nostri,
654 525 740 573 anno
765 503 900 573 Domini
925 502 1037 571 ΜὋΟ0
1058 515 1228 589 septuage-

88 623 179 691 simo
197 621 346 708 septimo,
369 619 474 703 Regni
491 621 599 684 autem
615 614 719 683 nostri
735 634 821 682 anno
838 613 960 698 quinto.

91 802 237 868 (Eredetic
251 797 424 866 bdrhdrtydn,
444 814 461 849 a
482 795 632 865 pecsdtnek
655 791 809 861 adid-siege
823 791 1046 861 seiyomasindron
1060 792 1145 858 ittggd
1160 795 1228 842 titre·

332 886 485 952 ddkdrsi,a
502 887 586 940 budai
599 885 651 938 lrir.
666 885 790 937 kamarai
803 879 995 947 tevdltirban.)

629 1624 705 1692 114.

91 1829 151 1895 IV.
170 1829 287 1896 Lesztd
315 1829 493 1914 dissignat
520 1825 696 1893 Fuldornbo
720 1834 799 1892 neorii
806 1826 914 1914 fuldae
930 1825 1085 1914 tdrpyoed
1100 1825 1226 1892 eademst·

296 1959 364 2022 aya
381 1933 540 2019 Szernflrt,
562 1938 674 2004 Konta
679 1937 733 2019 fla
750 1939 907 2002 aadmdra.
932 1938 1028 2002 1277.

203 2129 380 2199 Ladizlans
414 2133 476 2198 Dei
502 2132 616 2216 gracia
645 2133 832 2217 Hungarie,
862 2130 1048 2215 Dalmacie,
1085 2129 1227 2214 Oroaoie,

92 2243 208 2321 Reme,
235 2237 368 2327 Seruis,
394 2239 549 2325 Gallioie,
588 2240 799 2326 Lodomerie,
826 2237 982 2308 Cumanis
1010 2237 1226 2322 Bulgarieqne

94 2351 165 2416 Rex
183 2347 334 2416 omnibus
350 2355 417 2414 tam
434 2349 638 2434 presentibus
655 2368 752 2434 quam
778 2347 894 2415 suturis
914 2353 1081 2433 presentes
1098 2348 1225 2414 litteras

90 2457 290 2545 inspecturis
308 2458 447 2525 salutem
464 2459 498 2524 in
513 2479 562 2546 eo,
587 2459 642 2543 qui
670 2458 814 2542 Regibus
840 2456 897 2523 dat
914 2458 1062 2524 salntem.
1086 2455 1225 2522 Circum·

90 2566 225 2650 speccio
242 2566 365 2648 Regum
383 2564 519 2649 prouida
540 2565 713 2648 condignis
739 2565 888 2651 pecunijs
915 2564 975 2632 sibi
1003 2561 1223 2645 subsequenti·

92 2674 156 2739 bus
175 2673 223 2739 sio
240 2671 339 2740 debet
356 2691 534 2758 occurrere,
560 2681 595 2738 ut
615 2673 670 2758 aiij
693 2693 803 2739 eorum
824 2673 973 2759 exemplo
999 2669 1167 2758 prouocati
1182 2667 1225 2736 ad

91 2779 263 2846 fidelitatis
281 2779 389 2846 studia
399 2779 519 2848 sorcius
537 2781 764 2848 accendantur.
788 2779 929 2847 Proinde
947 2779 988 2846 ad
1004 2780 1225 2847 uniuersorum

91 2887 248 2956 noticiam
274 2895 386 2956 tenore
412 2890 616 2972 presencium
643 2889 791 2956 uolumus
813 2888 1004 2974 peruenire:
1029 2888 1115 2972 quod
1131 2888 1224 2954 Sera·
1314 2955 1316 2962 ,

90 2997 212 3082 phinus
227 2995 315 3062 filius
332 2997 443 3062 Knnta
459 2996 597 3064 dilectus
623 3005 655 3064 et
681 2998 786 3066 fidelis
807 2997 952 3065 seruiens
977 3003 1087 3064 noster
1111 2996 1154 3062 ad
1170 3017 1224 3062 no·

91 3110 195 3171 stram
222 3103 383 3170 ancedeus
415 3106 637 3190 presenciam,
671 3108 764 3174 nobis
784 3105 966 3174 humillime
992 3105 1178 3191 supplicans
1204 3123 1225 3169 a

91 3212 189 3279 nobis
205 3211 441 3280 instantissime
456 3214 646 3298 postulauit,
672 3222 706 3282 ut
722 3215 885 3299 quandam
912 3222 1031 3280 terram
1047 3211 1153 3279 Casiri
1167 3233 1223 3279 no·

89 3320 151 3387 stri
168 3321 456 3405 Zulgegeuriensis
473 3321 650 3390 Fuldombo
667 3331 816 3391 uocatam
837 3323 878 3392 de
894 3320 1098 3405 benignitate
1122 3321 1225 3405 Regia

90 3431 155 3496 sibi
172 3427 318 3496 conferre
345 3427 562 3514 dignaremur.
588 3432 704 3500 Verum
737 3433 816 3516 quia
847 3433 943 3500 nobie
967 3451 1031 3497 nou
1057 3429 1225 3496 constabat

91 3537 216 3602 ueritas
236 3533 417 3621 decadem,
441 3536 594 3604 fidelibus
613 3539 732 3604 uostris
760 3539 910 3624 Capituio
928 3536 1120 3606 Posoniensi
1136 3536 1224 3604 dedi-

91 3663 163 3710 mus
180 3644 216 3708 in
232 3641 407 3728 mandatis,
430 3651 467 3710 ut
483 3644 643 3710 mitterent
672 3666 770 3712 unum
799 3667 840 3714 ex
864 3637 944 3732 ipsis
964 3665 1023 3732 pro
1040 3643 1224 3712 testimonio

92 3750 306 3833 fidediguum‚
337 3769 446 3817 coram
463 3771 526 3835 quo
543 3750 659 3821 Comes
673 3753 836 3822 Fascianus
851 3755 936 3822 iilius
951 3753 1041 3819 Bark
1057 3753 1150 3820 homo
1166 3769 1222 3819 no·

91 3863 158 3922 ster
173 3858 349 3925 accederet
373 3858 415 3924 ad
442 3866 562 3926 terram
589 3869 819 3949 memoratam,
845 3867 878 3927 ot
903 3859 1040 3928 candem
1067 3864 1223 3926 statueret

92 3961 198 4029 eidem
216 3964 400 4049 Seraphino
417 3965 538 4034 dilecto
556 3976 588 4035 et
603 3968 691 4036 fideli
708 3971 863 4036 seruienti
888 3975 998 4036 nostro
1007 4020 1017 4055 ,
1041 3969 1070 4034 si
1087 3987 1150 4033 non
1166 3967 1223 4033 fie-

92 4077 142 4137 ret
158 4073 412 4162 contradictum,
437 4075 710 4164 contradiotores,
736 4077 764 4143 si
785 4077 841 4161 qui
856 4076 991 4162 fierent,
1015 4069 1058 4140 ad
1076 4080 1221 4142 nostram
1339 4089 1343 4096 ·

92 4180 299 4264 presenciam
317 4189 479 4250 euocaret.
497 4181 560 4260 Qui
576 4182 705 4267 quidem
723 4181 927 4269 postmodum
942 4183 1036 4251 nobis
1051 4183 1223 4268 rescripse-

91 4295 177 4371 runt,
202 4295 238 4354 vt
264 4287 351 4355 idem
378 4289 475 4357 homo
500 4298 609 4359 noster
633 4293 837 4378 presentibus
862 4291 1011 4359 omnibns
1037 4289 1221 4360 conuocatis

91 4396 323 4463 commetaneis
348 4403 379 4463 et
406 4397 523 4464 vicinis
549 4399 788 4468 reambulasset
805 4405 924 4465 terram
945 4399 1175 4484 supradictam,
1191 4405 1223 4465 et

92 4503 265 4568 statuisset
281 4503 388 4570 eidem
406 4505 658 4592 Seraphinosub
670 4508 791 4576 eisdem
807 4507 903 4574 certis
920 4508 1013 4574 metis
1030 4506 1173 4590 antiquis
1190 4515 1222 4574 et

93 4579 238 4696 erniinis,
264 4611 348 4679 siout
364 4619 441 4680 ante
457 4614 638 4701 predictum
665 4613 814 4684 Castrum
831 4621 975 4684 nostrum
998 4615 1140 4683 eandem
1156 4620 1218 4686 ter·
