3140 5150
612 355 778 460 Q.

124 548 315 635 Hungarie,
340 569 436 634 quam
461 551 581 620 nostris
607 555 809 640 temporibus
834 554 1075 640 quomodolibet
1091 575 1258 642 processe-

125 665 202 724 runt
217 660 271 726 uel
286 657 497 744 imposterum
514 668 725 746 emanarent,
752 682 833 746 quas
852 669 884 731 et
903 683 965 746 que
980 664 1173 732 auctoritate
1189 686 1260 751 pre·

125 767 286 854 sencium,
314 787 357 833 ne
382 769 538 862 premisse
556 767 730 835 collacioni
745 778 854 839 nostre
870 769 1086 857 preiudicinm
1101 781 1261 858 generent

126 875 181 940 uel
199 893 389 961 gravamen,
408 895 608 963 reuocamus,
626 897 802 964 cassamus,
837 885 868 945 ct
884 878 1006 967 pariter
1024 879 1197 948 irritamus.
1221 879 1259 946 In

127 981 221 1048 cuius
238 983 285 1048 rci
300 983 490 1050 memoriam
509 982 762 1069 firmitatemque
786 993 976 1071 perpetuam
1001 995 1170 1072 presentes
1187 1007 1261 1054 con-

127 1091 288 1158 cessimus
313 1091 442 1158 litteras
468 1090 613 1177 duplicis
639 1092 740 1178 sigilli
766 1092 870 1160 nostri
895 1095 1010 1162 robore
1034 1093 1260 1162 communitas.

127 1199 250 1265 Datum
266 1217 324 1284 per
341 1219 456 1266 manus
472 1200 671 1267 venerabilis
696 1200 758 1267 viri
784 1201 932 1284 Magistri
958 1201 1081 1270 'rhome
1107 1203 1261 1269 Albensis

129 1306 277 1375 Ecclesia
310 1306 417 1373 Electi
440 1308 516 1373 aule
541 1313 649 1376 nostre
675 1308 963 1394 ViceOancellarij
982 1309 1093 1376 dilecti
1109 1315 1141 1376 ct
1155 1308 1262 1376 fidelis
1384 1369 1393 1394 ,

130 1415 253 1500 nostri,
286 1435 372 1483 anno
396 1415 531 1482 Domini
561 1415 735 1484 millesimo
769 1416 989 1485 ducentesimo
1021 1417 1262 1504 septuagesimo

129 1529 256 1608 octauo,
272 1523 377 1609 Regni
394 1531 503 1593 autem
520 1525 622 1592 nostri
638 1546 723 1595 anno
740 1531 842 1593 sexto.

128 1700 268 1767 (Eredetie
281 1701 457 1770 bo'rhtrtydn²
477 1706 592 1772 melyro'l
606 1722 623 1758 a
636 1703 726 1772 kirtly
738 1707 829 1760 kettds
842 1702 1017 1771 pecsetjtnelr
1031 1703 1160 1757 tdreddke
1173 1711 1264 1758 vitros-

219 1795 280 1846 zuld
302 1795 534 1861 selyemnsindron
552 1794 631 1862 titgg,
651 1795 762 1848 abudai
774 1796 826 1846 kir.
842 1795 967 1846 kamarai
980 1791 1170 1862 lerdlttrban.)

556 2063 562 2075 ¹
592 2073 806 2086 -ιι-ι--ιιι-

665 2434 741 2502 144.

14 2673 30 2702 α
131 2633 189 2700 Ν.
206 2632 326 2701 Laeto
349 2633 527 2720 kirdlyacle
552 2633 687 2701 Noomin
705 2633 812 2721 fo'ldet
827 2637 982 2722 tdcppaad
996 2635 1180 2723 odontdoye
1195 2635 1266 2702 Mo-

312 2805 315 2814 ,
385 2745 469 2827 tycia,
492 2742 663 2808 Errdrdmlo
675 2742 729 2826 fia
743 2747 900 2810 raumara.
924 2745 1021 2811 1278.
1091 2835 1093 2842 Α

242 2919 421 2987 Ladizlaus
449 2919 514 2986 Dei
540 2921 652 3004 gracia
676 2921 864 3008 Hungaric,
897 2920 1087 3004 Dalmacie‚
1121 2920 1265 3007 Oroatis,

132 3030 257 3114 Barac,
281 3027 412 3112 Seruis,
440 3025 602 3112 Gallicis,
631 3027 845 3117 Lodomerie,
869 3027 1027 3096 Cumanie
1043 3027 1268 3112 ‚Belgarieque

131 3135 206 3200 Rex
224 3135 377 3202 omnibus
395 3132 514 3200 Christi
540 3131 694 3201 fidelibus
720 3141 888 3220 presentes
911 3135 1038 3202 litteras
1062 3135 1268 3223 inspecturis,

131 3240 276 3308 salutem
307 3240 341 3307 in
372 3240 519 3308 omnium
550 3241 724 3309 saluatore.
775 3241 824 3308 Ad
858 3241 1083 3336 uniuersorum
1114 3242 1268 3309 noticiam

131 3359 246 3418 tenore
262 3350 468 3434 presencium
499 3349 650 3419 volumus
681 3352 863 3438 peruenire,
892 3349 977 3435 quod
1002 3349 1156 3416 Matthias
1182 3347 1267 3414 filius

133 3457 270 3525 Andrce
295 3457 339 3524 ad
354 3463 499 3526 nostram
525 3459 685 3526 accedens
710 3459 913 3544 presenciam
938 3457 1104 3524 humiliter
1130 3457 1269 3525 anobis

132 3565 354 3652 supplicando
367 3569 560 3655 postulauit,
587 3575 621 3634 ut
646 3569 680 3634 in
707 3569 930 3635 concambium
945 3573 1029 3636 terre
1044 3587 1102 3633 sue
1119 3566 1271 3632 Ocrmula

131 3682 268 3757 vocate,
292 3677 378 3741 inter
402 3675 520 3743 fluuios
547 3674 694 3742 Oercmle
719 3683 750 3741 et
766 3674 860 3742 lnkle
881 3675 914 3740 in
930 3675 1067 3760 Lyptow
1088 3673 1268 3758 existentis,

133 3801 235 3865 quam
252 3783 294 3850 ab
311 3782 384 3868 ipso
401 3781 615 3868 abstulimus,
640 3784 719 3866 quia
744 3783 779 3849 in
805 3783 878 3868 ipsa
902 3789 990 3848 terra
1015 3779 1197 3848 aurifodina
1222 3787 1273 3847 est

132 3895 279 3976 reperta,
298 3888 462 3972 quandam
479 3897 599 3957 terram
615 3890 757 3977 Numsyr
772 3897 922 3970 vocatam
938 3889 973 3954 in
987 3887 1116 3956 'Purooh
1131 3889 1270 3955 existen-

132 4003 205 4062 tem
221 3995 263 4062 de
279 4003 393 4063 nostra
409 3997 583 4068 Maiestate
607 3998 712 4080 Regia
736 3997 799 4063 sibi
827 3995 971 4065 conferre
987 3995 1206 4080 dignaremur,
1240 3999 1272 4060 et

132 4123 198 4190 per
222 4101 324 4170 Bittcr
349 4103 508 4171 Comitem
533 4107 566 4172 in
593 4105 792 4189 corporalem
818 4103 1055 4190 possessionem
1080 4101 1167 4168 dicte
1185 4107 1269 4168 terre

131 4212 318 4279 laceremus
344 4211 484 4281 eundem
509 4209 682 4279 introduci.
716 4208 968 4280 considerantes
1002 4209 1113 4294 itaque
1137 4207 1267 4296 peticio·

133 4337 200 4384 nes
217 4317 323 4404 ipsius
338 4319 476 4386 Matthia
492 4319 562 4386 fore
581 4321 694 4406 iustas,
721 4317 807 4387 dicto
825 4317 940 4387 Comiti
956 4317 1044 4386 Biter
1059 4323 1138 4387 tunc
1154 4315 1271 4384 (iomiti
1344 4367 1345 4372 η

135 4425 182 4492 de
197 4425 335 4492 Zoulum
361 4423 509 4494 dedimus
534 4427 569 4492 in
593 4427 765 4514 preceptis,
797 4433 831 4492 vt
855 4425 962 4512 ipsam
988 4431 1106 4494 terram
1126 4427 1270 4512 Numsyr

134 4530 246 4601 eidem
270 4531 412 4600 Matthia
437 4539 595 4601 statueret
614 4539 645 4602 et
660 4534 845 4619 assignaret
870 4529 1100 4618 possidendam
1124 4551 1182 4617 pro
1199 4549 1273 4598 con·
1389 4581 1391 4588 ,

134 4642 271 4711 cambio
288 4647 376 4710 terre
393 4661 452 4710 sue
466 4648 651 4712 memorate.
676 4641 781 4722 Quam
806 4639 987 4728 peripsum
1003 4637 1158 4708 (tomitem
1184 4635 1273 4706 Biter
