3138 5164
844 291 1008 404 Α,

363 507 458 586 patns
473 497 711 584 Traguriensls,
727 495 856 564 nomine
866 495 978 562 etviee
989 492 1066 561 dicti
1083 491 1278 578 capitulien
1296 513 1360 561 vna
1371 501 1476 581 parte;

363 615 396 676 et
410 606 529 674 nobilis
545 606 594 673 vir
610 601 762 672 dominus
776 600 958 668 Palmerius
973 599 1097 668 domini
1112 598 1203 666 Falci
1219 598 1260 666 de
1284 600 1391 667 Firmo
1415 623 1479 687 pre·
1549 620 1550 656 l

361 713 449 780 dioto
464 711 615 779 Ciuitab‘s
631 707 784 798 Tragurij
802 701 962 794 Potestss',
978 706 1019 773 de
1034 706 1203 773 voluntate
1219 706 1390 775 Generalis
1406 709 1481 784 Con·
1549 669 1550 756 ἓ

361 818 427 903 silij
446 817 523 885 dicti
539 814 725 885 Communis
751 835 793 882 ex
811 814 935 900 altera;
953 813 1150 881 unanimiter
1166 820 1198 878 et
1212 815 1415 882 concorditer
1429 837 1480 882 sn·
1549 821 1550 838 ¹

363 946 421 1011 per
436 924 570 992 decimis
586 921 703 990 dandis
727 921 770 988 ad
786 922 885 988 talem
898 918 1105 989 concordiam
1122 920 1329 1008 decorarunt,
1343 923 1482 991 scilicet:

362 1030 450 1116 quod
465 1031 601 1117 quilibet
616 1026 844 1112 Traguriensis
868 1025 950 1094 einis
975 1033 1124 1094 teneatur
1148 1033 1181 1094 et
1205 1029 1324 1097 debeat
1339 1029 1484 1098 exhibere

362 1138 520 1206 decimam
549 1138 611 1204 hoe
641 1135 755 1222 modo,
786 1154 846 1220 pro
872 1135 1017 1219 quolibet
1042 1135 1125 1203 boue
1148 1143 1264 1204 arante
1294 1157 1392 1204 vnum
1427 1159 1486 1203 mo·

362 1245 451 1310 dium
482 1241 594 1332 bladi,
625 1241 749 1310 scilicet
779 1238 922 1308 medium
952 1240 1100 1308 modium
1132 1244 1245 1328 grani,
1286 1251 1319 1310 et
1350 1243 1485 1308 medium

362 1349 469 1437 ordei,
499 1371 557 1436 pro
587 1349 735 1416 omnibns
776 1347 910 1416 decimis
949 1347 1058 1416 debito
1089 1348 1302 1438 exhibendis,
1344 1350 1485 1434 exeeptis

362 1458 501 1526 decimis
524 1476 692 1542 agnorum.
723 1455 778 1521 Illi
807 1474 903 1540 vero,
935 1455 992 1538 qui
1021 1463 1139 1524 terram
1170 1459 1312 1543 proprijs
1342 1457 1486 1523 manibus

362 1565 490 1654 colunt,
523 1564 573 1630 vel
604 1565 705 1632 boues
735 1562 862 1630 alienos
887 1563 1088 1649 conducunt,
1112 1563 1271 1632 decimam
1303 1572 1485 1633 consuetam

363 1671 442 1739 dare
472 1679 663 1758 teneantur,
694 1671 778 1737 sicut
808 1671 964 1739 hactenus
1000 1673 1233 1758 persoluerunt.
1264 1675 1306 1740 Et
1335 1674 1364 1742 si
1395 1675 1487 1741 blane

362 1778 612 1851 deuastarentur
635 1799 712 1848 casu
740 1777 872 1847 fortuito
888 1781 1086 1866 temporibus
1118 1801 1306 1866 guerrarum
1331 1783 1385 1849 vel
1415 1788 1486 1848 tem·

363 1893 546 1972 pestatum,
575 1885 660 1971 quod
689 1884 789 1953 sitin
820 1883 987 1952 voluntate
1020 1887 1199 1955 laborantis
1231 1887 1407 1954 dedendo
1438 1887 1487 1955 sel

363 1993 521 2061 decimam
538 1993 579 2060 de
596 2013 634 2060 eo
651 1989 736 2076 quod
752 1992 961 2075 recolligeret
976 1993 1033 2059 ille
1050 1992 1106 2076 qui
1121 1993 1299 2079 laboraret,
1315 1995 1369 2062 vel
1386 1995 1486 2078 ipsun

362 2099 504 2166 modium
521 2119 578 2183 pro
596 2098 742 2182 quolibet
759 2097 850 2166 boue.
867 2097 973 2176 Quam
993 2098 1153 2167 decimam
1186 2100 1325 2184 quilibet
1352 2101 1431 2168 dare
1445 2109 1486 2168 ta·

363 2213 479 2273 neatur
495 2205 640 2289 quolibet
656 2225 742 2272 auno
773 2225 876 2289 usque
892 2204 936 2270 ad
952 2205 1113 2273 kalendae
1130 2205 1291 2290 Augusti,
1324 2213 1357 2275 et
1373 2207 1488 2291 siquis

363 2332 428 2381 non
444 2309 653 2396 duratusque
680 2311 723 2377 ad
748 2310 869 2377 dictum
886 2313 1076 2398 terminum,
1107 2313 1215 2379 soluat
1231 2312 1402 2380 Communi
1417 2310 1488 2380 Tra-

363 2420 449 2505 gurij
466 2441 523 2506 pro
539 2421 648 2486 banno
664 2417 697 2484 X
707 2418 808 2484 libras
824 2419 1021 2485 Venetorum
1039 2439 1220 2507 pannorum,
1237 2429 1269 2487 et
1285 2419 1489 2488 nihilominus

364 2525 486 2594 dictam
503 2527 663 2596 decimam
680 2525 758 2592 dere
774 2531 932 2594 teneatur.
961 2527 1004 2592 Et
1018 2527 1188 2608 Potestas,
1215 2528 1374 2596 Consules
1391 2535 1424 2596 et
1438 2529 1488 2596 Ju·

313 2716 319 2725 Ι
364 2633 452 2703 dices
469 2634 654 2702 Communis
671 2633 837 2718 Tragurij,
854 2633 909 2716 qui
925 2652 985 2718 pro
1001 2641 1146 2720 tempore
1171 2635 1301 2723 fuerint,
1315 2645 1486 2704 teneantur

300 2735 306 2745 '
363 2741 511 2829 predicta
526 2739 633 2808 facere
649 2740 837 2825 obseruari,
863 2747 897 2807 et
912 2761 1043 2828 operam
1060 2741 1223 2810 efficacem
1239 2743 1319 2810 dare
1335 2749 1370 2812 vt
1384 2746 1486 2811 obser

362 2855 499 2932 uentur;
517 2853 549 2913 ct
563 2847 592 2914 si
608 2846 725 2932 aliquis
741 2849 793 2913 vol
811 2847 915 2930 aliqui
942 2869 1006 2915 nou
1029 2849 1154 2916 dabunt
1179 2850 1268 2935 ipsas
1285 2849 1439 2928 decimas,
1454 2857 1486 2916 nt

362 2955 590 3041 supradictum
603 2961 662 3038 est,
674 2954 990 3046 Potestas,Oonsules
1001 2963 1034 3024 et
1043 2955 1185 3043 ludices,
1198 2957 1253 3041 qni
1266 2977 1325 3043 pro
1342 2965 1482 3046 tempore

361 3061 492 3148 fuerint,
509 3061 635 3130 iaciant
650 3063 779 3147 publice
795 3063 942 3148 bandiri3
969 3070 1001 3129 et
1016 3063 1196 3152 inhibeant,
1222 3071 1257 3132 vt
1273 3065 1384 3133 nullus
1401 3065 1485 3134 labo·

364 3176 415 3239 ret
430 3169 471 3237 de
486 3171 578 3237 terris
595 3178 628 3237 et
644 3170 903 3254 possessionibus
920 3171 1011 3238 illius
1021 3224 1031 3258 ,
1062 3171 1118 3254 qui
1143 3192 1207 3237 non
1224 3170 1317 3238 daret
1334 3171 1485 3240 decimam

362 3279 406 3346 ad
421 3279 563 3345 bannum
579 3275 781 3363 predictum
813 3279 934 3364 etipsa
958 3278 1068 3347 banne
1084 3285 1256 3348 teneantur
1273 3279 1403 3363 exigere
1432 3300 1485 3365 pro

363 3384 543 3453 Communi.
559 3386 609 3451 De
632 3405 696 3469 quo
712 3384 886 3452 concordio
917 3382 982 3453 duo
999 3391 1074 3452 sunt
1095 3385 1217 3472 scripta
1243 3387 1428 3454 consimilia
1443 3385 1483 3450 in·

362 3497 551 3577 strumenta,
569 3490 725 3559 videlicet
738 3511 837 3558 vnum
853 3511 910 3577 pro
927 3491 1071 3574 qualibet
1086 3498 1190 3578 parte.
1206 3491 1321 3560 Actum
1338 3494 1482 3581 Tragurij

362 3599 396 3666 in
410 3597 540 3686 palacio
555 3597 693 3682 predicti
718 3597 840 3666 domini
864 3599 1019 3684 Episcopi
1029 3623 1042 3683 ;
1067 3599 1272 3685 presentibus
1287 3601 1484 3688 sapientibus

361 3705 440 3772 viris
456 3703 593 3772 dominis
609 3703 716 3772 Dessa
731 3705 773 3771 de
786 3703 968 3789 Amblasio,
989 3705 1150 3791 Gregorio
1167 3705 1207 3773 de
1239 3706 1350 3794 Gega,
1366 3708 1482 3774 Thema

361 3810 508 3896 Janiclre,
524 3810 667 3880 Mattbeo
683 3812 724 3879 do
740 3812 877 3900 Pascha,
908 3813 1077 3882 Amblasio
1093 3814 1211 3900 Desse,
1228 3815 1387 3900 Gregorio
1403 3816 1482 3882 Gua-

362 3919 489 4004 limerij,
507 3925 539 3984 et
554 3919 663 3985 Deesa
683 3919 804 4005 Duymi
821 3919 862 3986 de
877 3920 1018 3987 Morsice
1051 3921 1327 3990 examinatoribus
1344 3921 1480 3991 testibus.

468 4025 539 4108 logo
555 4024 661 4092 Dessa
675 4025 796 4111 Doymi
815 4025 1018 4095 examinator
1037 4029 1185 4096 conscius
1200 4031 1399 4098 examinani.

468 4131 510 4198 Et
525 4151 588 4216 ego
604 4131 747 4201 Jacobus
764 4131 805 4200 de
823 4133 932 4198 Firmo
958 4133 1144 4203 Communis
1166 4136 1320 4221 Tragurij
1338 4143 1369 4204 et
1383 4135 1482 4222 predi·

362 4237 405 4307 cti
421 4237 544 4306 domini
559 4237 735 4306 Potestatis
758 4239 891 4308 lutatus
916 4240 1071 4310 Notarius
1103 4249 1235 4328 rogatus
1251 4243 1369 4329 scripsi
1384 4249 1416 4310 et
1429 4259 1481 4326 pn-

363 4346 493 4416 blicani.

604 4523 726 4592 (Lucius,
739 4527 868 4579 Memorie
881 4527 998 4580 storiche
1011 4528 1038 4579 di
1052 4528 1125 4582 ibon
1140 4529 1199 4580 tae.
1214 4525 1245 4598 l.)

824 4637 1035 4656 ψ
