3124 5158
824 268 983 376 2⁷⁰..

339 457 557 545 heredumque
573 478 702 526 suorum
721 463 983 550 suecessoribus,
1009 483 1081 532 oum
1107 465 1257 533 omnibus
1278 467 1462 538 utilitatibus

340 573 371 634 et
386 567 597 654 pertinenoijs
614 570 701 656 suis,
726 571 787 642 sub
813 572 908 638 metis
934 571 1077 657 antiquis
1104 580 1136 640 et
1151 573 1317 660 terminis,
1351 576 1462 658 quibus

339 673 460 740 dietum
476 676 626 742 Castrum
644 697 716 743 eam
727 677 929 762 dignoscitur
939 680 1136 768 possedisse,
1154 683 1259 765 Regis
1269 683 1461 749 authoritate

339 781 509 868 dedimus,
542 782 736 852 donnuirnus
761 792 794 852 et
818 787 1012 856 contulimus
1036 789 1108 857 iure
1124 800 1283 877 perpetuo
1298 790 1460 877 possiden·

338 890 425 956 dom.
465 890 585 958 Datum
617 913 702 959 anno
732 893 865 960 Domini
900 895 1072 963 millesimo
1107 897 1329 965 ducentesimo
1360 903 1459 964 octus·

244 1073 250 1082 ¹
338 997 472 1081 gesimo.

338 1160 372 1224 (Δ
392 1163 484 1215 leiesni
507 1162 681 1214 konventnelr
706 1163 815 1214 rete-m
837 1161 994 1228 itirstdbdi,
1016 1181 1034 1216 e
1059 1167 1141 1219 budui
1165 1167 1216 1221 lrir.
1236 1168 1362 1220 kemsrui
1386 1168 1460 1220 level·

847 1252 963 1322 tithan.)

863 1899 938 1966 loo.

335 2097 357 2158 Ι
360 2095 392 2160 V.
410 2095 526 2162 Loszto
540 2097 652 2183 kirtly
681 2096 792 2164 Timor·
810 2099 992 2185 helyseqdeo
1008 2099 1083 2165 tato
1100 2099 1169 2166 toto
1186 2103 1338 2168 idsmoiotit
1352 2105 1458 2167 moueri

717 2205 841 2270 dilutura
856 2207 954 2272 emeli.
980 2209 1077 2273 1280.

441 2397 616 2466 liadiniaus
646 2399 709 2464 Dei
733 2401 845 2484 gracia
876 2401 1041 2487 Vngerie,
1070 2401 1258 2486 Dalmeoie,
1293 2404 1454 2487 Orouueie

334 2509 445 2594 Reme,
463 2505 585 2593 Seruie,
604 2506 970 2595 ealtioie,L0d0me1·ie,
988 2509 1143 2578 Comunie
1159 2511 1379 2596 Belgarieque
1394 2515 1456 2580 Rex

333 2614 495 2682 vniuersis
511 2613 633 2682 Christi
648 2614 797 2684 fidelibus
825 2623 993 2702 presentes
1019 2617 1145 2685 littores
1165 2618 1357 2702 inspecturis
1372 2621 1453 2687 salu·

332 2731 398 2790 tem
412 2723 447 2789 in
463 2723 605 2791 omnium
631 2725 805 2792 saluatore.
829 2725 971 2792 Munitur
995 2725 1263 2812 gubernaculum,
1287 2727 1456 2813 ampliatur
1543 2719 1544 2794 J

332 2833 486 2918 regimen,
511 2852 583 2898 eum
600 2831 795 2901 bellatorum
811 2853 962 2901 numerus
978 2833 1138 2902 continuis
1155 2834 1274 2902 ereseit
1288 2837 1453 2901 ineremen·
1543 2867 1544 2930 ᾗ

332 2939 383 3006 tis.
408 2938 551 3007 Proinde
566 2940 609 3005 ad
624 2939 848 3008 uniuersorum
868 2947 936 3008 tam
953 2939 1157 3027 presentium
1173 2959 1269 3024 quem
1281 2941 1453 3008 futurorum
1543 2951 1544 2982 i

332 3043 512 3134 (notieiem)
541 3047 657 3116 herum
673 3047 759 3115 serie
776 3049 925 3116 uolumus
941 3049 1129 3134 peruenire,
1162 3049 1250 3134 qnod
1266 3051 1376 3117 Comes
1394 3050 1454 3114 Ma·

330 3154 408 3240 they
423 3154 531 3222 fidelis
560 3161 592 3221 et
615 3155 785 3223 familiaris
811 3157 998 3224 tauernious
1026 3162 1136 3223 noster
1152 3154 1194 3222 ud
1211 3163 1353 3225 nostram
1366 3175 1454 3222 seeo-
1543 3209 1544 3240 ,

330 3262 413 3330 dens
428 3260 631 3350 presencium
655 3261 697 3330 de
721 3270 834 3332 nostre
853 3264 1028 3330 Maiestate
1042 3265 1146 3348 Regio
1161 3263 1324 3330 humiliter
1339 3262 1454 3348 suppli·
1543 3247 1544 3268 ¹

331 3369 437 3436 eundo
453 3370 652 3458 postulauit,
691 3378 727 3440 ut
752 3374 861 3458 ipsum
886 3372 928 3440 ob
953 3369 1069 3438 merite
1097 3371 1309 3439 seruioiorum
1329 3391 1453 3438 suornm
1543 3435 1544 3446 ,

328 3477 423 3545 nobis
439 3477 664 3565 inpensorum,
691 3485 723 3545 et
741 3499 800 3565 per
819 3499 891 3546 eum
907 3479 1045 3546 Zumbot
1061 3477 1194 3546 fratrem
1212 3499 1316 3566 suum,
1339 3479 1453 3544 Foroa-

328 3584 412 3651 sium
423 3589 455 3650 et
466 3585 768 3672 Bsoszfiliosssene,
786 3587 927 3671 Gyroult
937 3583 998 3673 (et)
1010 3581 1227 3670 Augustinum
1240 3586 1324 3653 filios
1337 3583 1454 3669 Grego

327 3695 380 3780 rij,
398 3693 501 3782 Helys
518 3699 549 3761 et
565 3695 692 3781 Kemyn
709 3701 864 3778 eognutos
881 3713 955 3761 suos
972 3694 1013 3759 de
1028 3693 1109 3760 uille
1125 3694 1257 3781 Tymar,
1274 3693 1315 3760 de
1330 3691 1455 3778 populis

327 3803 564 3870 isuarnieorum
579 3809 760 3869 nostrorum
778 3800 942 3887 oriundos,
959 3801 1001 3867 eb
1018 3801 1138 3868 honere
1154 3801 1259 3887 ipsius
1276 3797 1454 3870 tauerniea·

327 3917 380 3976 tue
397 3909 538 3976 eximere
554 3929 625 3976 oum
642 3915 730 3976 terro
745 3908 888 3994 ipsorum
905 3909 938 3975 in
955 3909 1036 3975 uilla
1051 3909 1173 3992 Tymor
1189 3908 1349 3990 existenti,
1372 3913 1405 3973 et
1422 3908 1455 3972 in
1543 3919 1544 3922 ’

327 4023 434 4084 eetum
459 4037 499 4084 ae
524 4016 700 4102 eollogium
720 4016 894 4102 Regelium
915 4014 1130 4084 seruieneium
1147 4023 1327 4083 nostrorum
1351 4021 1454 4081 truns-

327 4121 413 4190 ferre
429 4123 648 4207 dignoremur.
673 4122 742 4192 Nos
757 4123 878 4210 itaque,
898 4141 994 4208 quem
1010 4120 1115 4205 Regis
1131 4121 1256 4187 induoit
1273 4119 1454 4203 benignitas

330 4249 389 4314 pro
405 4229 528 4297 meritis
544 4228 688 4298 fidelium
707 4229 923 4317 respondere,
947 4227 1163 4298 oonsiderutis
1189 4228 1336 4313 semioijs
1352 4227 1456 4312 ipsius

327 4336 463 4405 Comitis
480 4339 622 4426 Methey,
646 4359 710 4422 que
727 4341 769 4406 ab
789 4337 1013 4406 adolescentie
1030 4357 1087 4406 sue
1104 4337 1326 4423 temporibus,
1349 4335 1454 4420 primo

326 4443 457 4511 domino
474 4445 641 4532 Stephano
659 4446 740 4531 Regi
757 4447 845 4532 petri
860 4451 970 4513 nostro
987 4441 1162 4512 karissimo
1178 4443 1291 4512 inolito
1306 4439 1452 4508 reoorda-
1543 4437 1544 4512 ἒ

327 4549 429 4616 donis
454 4551 622 4638 inpendit,
655 4559 687 4619 et
717 4552 844 4622 demum
869 4572 941 4620 oum
967 4571 1026 4620 nos
1051 4547 1138 4619 dioto
1169 4551 1259 4634 Rege
1289 4548 1452 4635 Stephano
