3146 5166
833 317 991 416 32⁶4

349 511 473 577 truzlou
491 511 531 578 dc
547 509 772 594 iobagionibus
788 509 895 578 (lustri
905 514 1006 580 nostri
1023 513 1225 599 simigiensis
1238 501 1380 594 oriundi,
1390 513 1465 598 quod

350 617 443 704 Opsy
458 619 546 704 ipsos
573 617 798 704 destruxisset,
817 625 850 686 ct
875 625 994 686 terram
1011 621 1155 706 ipsorum
1180 621 1313 689 Neccoh
1330 629 1467 688 uocatam

349 725 493 794 indebite
510 723 667 794 detineret
683 733 875 812 occupatam
890 750 898 811 ;
914 725 1071 813 dicendo,
1099 727 1205 813 ipsam
1221 734 1341 795 terram
1357 729 1418 795 sibi
1432 747 1468 793 cx

350 840 463 900 nostra
478 833 658 902 collacione
674 833 835 902 adiacere.
860 835 953 902 Vnde
979 857 1050 902 cum
1067 843 1171 902 terras
1190 837 1401 921 iobegionnm
1417 835 1467 900 Ga·

351 943 409 1010 stri
425 941 526 1008 nostri
542 943 721 1028 populosas
732 943 854 1009 nemini
865 943 1080 1027 conferamus,
1097 944 1206 1029 stipsi
1221 943 1315 1029 Opey
1332 941 1469 1010 conferre

351 1047 473 1116 dietam
504 1053 624 1116 terram
654 1049 785 1116 Nechec
800 1070 864 1116 non
888 1049 1043 1117 uelimus:
1076 1049 1225 1118 fidelitati
1257 1055 1367 1116 uestre
1382 1049 1470 1134 preci·

350 1157 470 1242 piendo
486 1155 687 1243 mandamus,
714 1164 875 1241 quatenus
892 1157 1066 1224 Martinam
1091 1163 1123 1224 ct
1138 1158 1235 1224 Bank
1259 1153 1392 1224 orfanos
1415 1175 1472 1222 me-

352 1271 494 1333 moratos
509 1267 543 1332 in
558 1266 653 1333 terris
669 1267 813 1351 ipsorum
831 1273 863 1333 et
880 1265 1004 1333 iuribus
1033 1271 1146 1332 contro
1162 1264 1255 1351 Opey
1271 1265 1471 1345 oonsemctis,

352 1374 441 1459 ipsos
458 1374 491 1438 in
509 1379 650 1441 neumam
676 1372 917 1457 protensionem
944 1373 1132 1460 recipiendo
1156 1372 1342 1457 specialem.
1359 1373 1472 1438 Datum

352 1480 386 1544 in
410 1479 544 1566 Lypche
573 1481 717 1548 secundo
748 1479 804 1546 die
835 1480 1027 1548 lestinitutis
1057 1479 1303 1565 Assumpcionis
1335 1478 1472 1564 Virginis

224 1657 228 1660 .
354 1586 512 1657 Glorioso.

460 1695 512 1761 Ki
523 1693 614 1762 vul:
638 1691 747 1763 Endre
762 1695 830 1764 filio
846 1694 970 1762 Lothar
985 1701 1018 1762 et
1034 1695 1193 1781 Gregorio
1208 1694 1274 1760 lilio
1289 1693 1371 1760 Patr.

354 1909 688 1980 (Eredcticbtirhdrtydm
702 1929 719 1965 a
731 1911 925 1980 udrpccsttnelr
938 1909 1066 1967 structus
1079 1925 1194 1978 mcgvcm
1208 1931 1215 1974 ς
1238 1927 1255 1962 u
1264 1902 1351 1963 bedul
1365 1910 1415 1961 lrir.
1430 1909 1472 1960 lue-

764 2005 849 2054 msrsi
861 1999 1050 2066 levdltdrban.)

811 2291 1027 2302 -—..-—

883 2881 962 2948 407.

356 3075 416 3146 IV.
431 3082 547 3147 Ldszlo
560 3079 670 3168 leirclly
686 3081 816 3168 Mttcty
832 3090 944 3146 contest
964 3082 996 3147 c's
1008 3082 1088 3166 ficit
1098 3131 1109 3163 ,
1141 3083 1222 3166 kopp
1237 3077 1328 3147 Olet
1358 3086 1479 3142 ‚tenuo-

356 3189 471 3274 ccpbclc'
495 3188 603 3254 Pc'tcrt
635 3189 667 3254 c's
698 3189 803 3286 Mopst
841 3186 928 3274 opta
942 3187 1111 3296 felldzudt
1126 3187 1206 3270 ficit
1229 3185 1389 3272 mepctrst,
1414 3188 1477 3249 min

591 3297 652 3362 den
667 3297 804 3362 bttntctcs
822 3295 1058 3382 alolfelmcnti.
1077 3296 1126 3361 Eu
1141 3293 1259 3361 cettei.

465 3507 640 3577 Ludizlous
656 3508 717 3576 Dei
734 3509 847 3594 groela
863 3510 932 3574 Rex
963 3505 1116 3574 fidelibus
1131 3506 1199 3574 suis
1215 3503 1376 3573 uniuersis
1390 3503 1477 3572 ludi-

359 3619 449 3686 elbus
466 3620 500 3684 in
517 3618 629 3702 Regno
645 3637 704 3684 suo
725 3617 911 3684 constitutis
938 3616 1077 3683 salutem
1103 3619 1137 3679 et
1151 3615 1307 3698 graciam.
1324 3611 1408 3691 Quin
1423 3611 1480 3676 Go-

359 3747 426 3794 mes
442 3725 581 3792 Michacl
606 3723 693 3790 filius
716 3724 832 3812 Wbut,
862 3721 1067 3808 Stephanus,
1097 3722 1214 3790 Petrus
1239 3727 1272 3788 et
1287 3720 1409 3787 Paulus
1425 3715 1478 3800 filij

305 3874 309 3890 ι
359 3834 515 3918 eiusdem,
532 3834 662 3899 Petrum
679 3831 780 3898 filium
811 3833 884 3900 Jule
909 3837 1021 3897 contra
1036 3851 1096 3897 nos
1112 3827 1327 3914 procedentes
1343 3833 1375 3893 ct
1390 3844 1482 3892 noeu-

359 3948 465 4009 mentu
482 3939 658 4008 inferentes
674 3939 878 4007 occiderunt:
895 3936 1090 4024 precipimus
1106 3935 1257 4002 fidelitati
1272 3941 1391 4020 vestre,
1408 3952 1483 4016 qus-

359 4057 452 4118 tenus
469 4045 604 4116 eundem
632 4048 789 4131 Comitem
813 4046 1004 4114 Michaelcm
1032 4049 1065 4111 et
1079 4043 1163 4112 lilios
1180 4063 1267 4130 suos,
1284 4044 1313 4110 si
1329 4041 1371 4108 de
1387 4047 1483 4107 morte

360 4159 505 4244 ipsorum
521 4155 609 4222 Petri
640 4159 673 4220 et
689 4156 794 4242 Moys,
825 4162 856 4222 et
873 4153 1066 4239 captiuitate
1095 4150 1244 4236 Andros,
1269 4157 1302 4216 et
1317 4147 1484 4216 oblacione

358 4285 467 4331 rernm
484 4281 613 4329 suarum
645 4259 786 4349 (questio
802 4258 925 4347 fuerit),
951 4280 1015 4327 non
1041 4257 1186 4326 debeatis
1214 4275 1275 4323 nec
1291 4253 1483 4342 presumatis

356 4370 529 4457 judicare3
546 4389 621 4436 cum
648 4370 778 4438 eosdem
809 4366 965 4436 Comitem
994 4365 1209 4444 Michaelem,
1239 4363 1438 4449 Stephanum
1455 4369 1484 4426 ot

359 4477 497 4544 Paulum
521 4495 619 4560 super
634 4484 736 4545 morte
751 4477 968 4562 predictomm
979 4473 1066 4542 Petri
1083 4478 1115 4540 et
1131 4473 1232 4556 liloys,
1248 4477 1281 4538 et
1296 4489 1396 4555 super
1410 4486 1482 4551 esp·

362 4581 488 4647 tiniteto
520 4581 663 4650 eiusdem
693 4582 823 4652 Andree
855 4589 887 4650 et
901 4584 1098 4653 seruientnm
1129 4597 1280 4663 suorum,
1312 4595 1352 4644 ec
1381 4591 1482 4642 rerum
