3118 5158
155 1053 184 1120 A
199 1056 386 1122 kermatesck
401 1055 583 1142 matcrpumc'
597 1056 759 1140 kooceatjc
775 1056 880 1140 citirja
896 1052 952 1120 IV.
978 1052 1095 1118 Luccio
1109 1053 1283 1140 kirdlyaclc

156 1165 292 1230 1274-lti
311 1163 567 1250 privilcqicmcit,
592 1165 734 1249 mclylyel
768 1161 802 1226 V.
823 1162 999 1228 Ictodooolr
1024 1162 1106 1249 Epel
1130 1163 1283 1248 halyccpct

155 1271 308 1356 trirpyoao
334 1271 469 1340 raso-ai
493 1271 762 1356 adoardoylcoalo‘t
782 1275 1014 1355 moperooitctte,
1035 1291 1074 1334 oz
1099 1271 1283 1356 matcrpomc'
1378 1313 1381 1318 -
1452 1295 1454 1299 ’

518 1379 636 1464 cpplrcia
651 1383 810 1443 cadmo.
830 1381 927 1443 1274.

261 1591 543 1660 Excellentissimo
560 1593 690 1658 domino
707 1585 765 1658 suo
781 1590 912 1657 domino
924 1588 1080 1658 Ladizlao
1091 1589 1151 1656 Dei
1168 1593 1281 1674 gracia

132 1731 134 1736 ·
155 1699 277 1767 illustri
301 1701 384 1786 Regi
407 1700 577 1785 Hungarie
603 1699 703 1766 frater
719 1699 910 1768 Dominious
930 1697 1088 1782 Magister
1104 1699 1282 1784 Hospitalis

154 1813 186 1874 et
209 1814 299 1874 totus
324 1809 511 1876 Conuentus
535 1807 775 1876 Oruciierorum
801 1805 912 1873 Sancti
936 1805 1034 1889 Regis
1059 1806 1217 1892 Stephani
1239 1809 1280 1873 ule

155 1915 318 2000 Strigonio
334 1918 503 1985 oraciones
528 1915 562 1982 in
578 1915 710 1983 Christo
727 1914 854 1981 debitas
870 1921 903 1981 ot
918 1915 1066 1982 denotas.
1090 1915 1209 1982 Vestra
1225 1937 1279 1983 no-

156 2025 237 2090 uerit
262 2024 440 2114 celsitudo,
467 2024 554 2111 qnod
579 2024 711 2092 discreti
737 2024 800 2091 viri
825 2025 1014 2110 Propositus
1041 2029 1074 2092 et
1094 2023 1280 2110 Capitulum

154 2132 302 2200 Ecclesie
326 2132 558 2217 Strigoniensis
584 2132 714 2199 anobis
739 2151 904 2216 persuum
931 2131 1084 2198 nuncium
1101 2133 1281 2220 pecierunt,

155 2248 189 2306 ut
213 2247 357 2308 tenorem
389 2241 555 2328 priuilegij
582 2242 693 2325 uestri,
720 2237 862 2308 conlecti
884 2261 981 2326 super
1006 2232 1086 2306 villa
1110 2261 1168 2309 seu
1195 2248 1282 2308 terra

154 2351 234 2435 Epel
250 2355 375 2433 vocata,
391 2349 587 2417 continentis
612 2350 646 2415 in
661 2368 701 2416 se
716 2348 851 2416 formam
869 2349 1032 2434 priuilegij
1053 2349 1160 2416 ielicis
1177 2370 1280 2417 recor-

154 2457 301 2525 dacionis
318 2457 439 2526 domini
466 2459 566 2543 Regis
583 2458 742 2543 Stephani
767 2457 933 2525 karissimi
958 2455 1063 2544 patris
1084 2459 1194 2542 vestri,
1220 2459 1280 2526 sub

154 2574 262 2633 nostro
287 2567 396 2652 sigillo
413 2569 529 2635 Vestro
546 2569 757 2635 Excellencie
783 2567 991 2635 mitteremus.
1027 2567 1171 2646 Quorum
1197 2567 1279 2652 peti-

155 2675 278 2743 cionem
295 2675 329 2742 in
346 2676 406 2742 hac
423 2681 515 2762 parte
530 2695 589 2742 nos
605 2693 677 2744 esse
694 2675 937 2743 considerantes
964 2694 1140 2758 congruam
1156 2675 1279 2742 racioni

155 2789 184 2848 et
208 2803 385 2850 consonam
410 2783 565 2867 equitati3
590 2783 772 2868 predictum
797 2781 1008 2868 priuilegium
1035 2803 1099 2848 non
1117 2783 1278 2867 abrasum,

154 2910 215 2958 non
230 2891 398 2978 abolitum,
419 2912 483 2957 non
501 2891 728 2976 cancellatum,
747 2909 806 2956 nec
826 2890 858 2954 in
876 2889 987 2974 aliqua
1006 2891 1056 2956 sui
1073 2897 1165 2976 parts
1181 2891 1279 2957 vicia-

156 3002 230 3086 tum,
256 2997 297 3063 de
313 3000 413 3065 uerbo
439 2998 483 3064 ad
499 2999 643 3082 uerbum,
669 2997 740 3064 sine
756 2995 979 3064 additamento
1006 3003 1038 3062 et
1063 2995 1279 3064 diminucione

155 3105 360 3188 presentibus
376 3106 495 3172 litteris
511 3105 708 3192 inserentes,
733 3105 777 3171 ad
793 3103 979 3174 faciendam
995 3104 1090 3171 uobis
1106 3104 1201 3172 iidem
1219 3109 1280 3174 sub

156 3211 366 3297 impressione
400 3214 502 3280 nostri
532 3213 637 3297 sigilli
662 3214 777 3280 Vestro
801 3211 948 3280 misimus
974 3212 1148 3280 Maiestati.
1181 3213 1279 3278 (luins

156 3319 281 3401 quidem
296 3317 461 3406 priuilegij
480 3327 573 3386 tenor
589 3319 665 3386 talis
680 3327 730 3386 est
746 3344 754 3384 ε
1020 3307 1026 3318 '

258 3428 432 3494 ladizlaus
450 3429 488 3493 D.
507 3447 552 3510 gr.
569 3428 738 3512 Hungarie
754 3429 813 3496 stb.
830 3429 899 3494 Rex
916 3428 977 3496 stb.
995 3425 1208 3516 (lovetkezilr
1223 3431 1277 3495 lV.

153 3533 267 3602 Laszlo
299 3536 476 3622 kiralynak
511 3535 644 3603 lact-ki
675 3535 921 3624 privilegiuma,
948 3539 1028 3604 mint
1059 3537 1192 3603 fentsbb
1223 3541 1277 3608 43.

152 3647 237 3708 suam
255 3640 297 3729 a.)

238 3823 286 3886 (Aa
299 3826 402 3876 credoti
416 3821 482 3876 utin
495 3828 592 3876 limana
605 3822 726 3888 Ninum,
746 3827 863 3892 Ma-gyar
877 3826 894 3876 S
908 3843 940 3876 on
955 3827 1005 3876 llI.
1021 3826 1076 3874 kur.
1091 3829 1151 3874 297.
1165 3826 1172 3874 l
1189 3835 1194 3882 l
