3080 5160
105 1213 171 1282 IV.
197 1215 330 1284 Moron
348 1221 443 1304 popo
466 1239 487 1286 s
511 1217 653 1305 repuens·
677 1216 794 1286 &sehet
808 1216 1084 1301 jammonam,
1107 1219 1190 1308 iopp
1214 1242 1236 1284 a

126 1324 260 1410 arpent
283 1327 316 1390 ee
340 1323 493 1411 tredipnei
508 1321 807 1498 meppdijizmdro
818 1323 984 1412 perpotet
1008 1325 1212 1420 nminem.

213 1625 374 1694 Martinus
407 1625 592 1712 Episcopus
622 1645 736 1694 servos
766 1643 933 1696 servornm
962 1626 1026 1694 Dei
1057 1627 1235 1698 venorabili

101 1732 198 1800 tratri
214 1783 222 1802 .
241 1784 274 1801 ..
305 1731 557 1820 Arohiepisoopo
591 1733 758 1818 Ragosino
782 1731 922 1803 salutem
947 1739 980 1802 et
1007 1733 1234 1820 Apostoliosm

99 1838 372 1908 benedietionem.
390 1839 443 1908 Ad
459 1837 659 1909 audientiam
674 1847 820 1911 nostram
835 1843 995 1930 pervenit,
1013 1839 1102 1926 qood
1118 1843 1234 1911 'inibu-

98 1948 230 2016 nieneis
254 1954 286 2015 et
310 1946 501 2034 Stagnensis
535 1948 687 2017 Eoolesie
720 1945 955 2036 cathedrales,
981 1953 1037 2015 tns
1060 1947 1233 2018 Provinoie

98 2048 342 2141 Metropolitioo
357 2055 420 2122 tibi
435 2056 504 2123 inre
518 2055 676 2141 sobieete,
699 2061 790 2122 tento
805 2060 950 2144 tempore
965 2055 1150 2139 pastoribus
1165 2057 1231 2124 iam

100 2168 315 2250 vaoarernnt,
341 2161 427 2248 qnod
451 2182 562 2231 earum
577 2159 720 2250 provisio
746 2161 853 2230 estad
876 2162 993 2232 Sedem
1008 2161 1231 2250 Apostolioam

98 2267 282 2338 seeundum
307 2269 478 2338 Generalis
502 2275 626 2337 statuta
649 2267 792 2338 (ionoilii
814 2267 960 2355 legitime
985 2269 1147 2340 deuolute.
1162 2271 1232 2340 Nos

98 2377 227 2464 itaque,
242 2376 357 2460 quibus
372 2395 414 2443 ex
428 2375 572 2445 inioneto
587 2369 681 2443 nobis
695 2375 904 2462 Apostolatns
920 2375 1028 2445 offinio
1044 2373 1230 2446 sollicitudo

99 2483 323 2552 Ecclesiam
348 2483 494 2554 imminet
516 2484 700 2570 generalis,
724 2483 926 2572 dispendiis,
953 2503 1016 2568 que
1042 2503 1083 2552 ex
1106 2481 1233 2552 diutino

98 2591 275 2660 reontione
290 2593 500 2682 imposterum
516 2590 660 2660 Eoelesie
675 2591 819 2678 prediote
833 2598 967 2678 possent
982 2590 1155 2680 inenrrere,
1173 2613 1232 2681 per

96 2705 215 2768 nostre
229 2699 432 2787 providentie
447 2697 587 2768 studium
599 2705 774 2769 'ooonrrere
788 2699 1006 2790 intendentes,
1022 2721 1061 2768 ao
1077 2705 1230 2785 gerentes

97 2804 143 2873 de
170 2812 229 2875 tna
252 2805 540 2894 oironmspeotione
564 2806 715 2876 fiduciam
740 2805 774 2874 in
789 2807 929 2875 Domino
945 2805 1141 2894 speoialem;
1166 2803 1231 2872 ira·

96 2913 248 2982 ternitati
272 2921 328 2982 tne
351 2899 411 3001 per
433 2913 625 3001 apostoliea
650 2915 772 3002 scripta
796 2913 998 3001 mandamus,
1014 2914 1231 3000 pestanensi

96 3017 164 3088 tibi
188 3021 368 3090 eonstiterit
391 3021 439 3090 ita
463 3042 543 3108 esse,
565 3021 719 3108 prediotis
735 3021 904 3106 Eeolesiis,
920 3021 1060 3108 singolis
1076 3019 1232 3087 videlieet

96 3127 253 3211 singulas
277 3119 438 3216 personas
462 3127 623 3218 ydoneos,
649 3129 922 3216 dependentium
948 3136 980 3196 et
1001 3125 1229 3212 religiosorum

95 3235 247 3304 virorum
263 3235 412 3323 oonsilio,
429 3235 493 3304 heo
507 3235 580 3304 vino
595 3236 790 3304 anotoritste
806 3242 917 3303 nostra
933 3231 1082 3321 prefioias
1098 3232 1133 3300 in
1152 3231 1230 3320 Epi·
1368 3249 1371 3254 ’

95 3361 220 3429 scopos
236 3348 269 3410 et
284 3351 451 3430 pastores;
473 3345 595 3428 eisque,
612 3343 726 3411 asoitis
742 3341 802 3410 tini
818 3343 922 3409 tribus
937 3341 989 3409 vel
1005 3337 1132 3411 dnobus
1148 3339 1230 3426 Epi·

94 3447 221 3536 soopie,
246 3469 362 3517 manns
386 3450 643 3520 oonsoorationie
667 3449 849 3538 impendas,
873 3448 998 3517 iaoiens
1023 3447 1104 3534 ipsis
1124 3449 1229 3518 asnis

94 3556 240 3625 subditis
257 3557 477 3626 obedientiam
491 3563 524 3625 ot
538 3557 755 3628 reverentiam
771 3555 915 3628 debitam
928 3555 1073 3625 exhiberi
1083 3578 1091 3642 ς
1103 3563 1231 3626 eontra·

95 3665 243 3733 diotores
267 3685 325 3752 per
349 3685 521 3734 oensnram
538 3665 793 3735 eeclesiastioam
810 3664 1031 3752 appellatione
1046 3663 1230 3751 postposita

95 3771 347 3858 oompesoendo.
372 3773 447 3842 Non
471 3775 632 3857 obstante,
658 3771 686 3841 si
711 3771 914 3858 aliquibnsa
934 3769 1019 3839 Sede
1033 3769 1225 3858 Apostolioa

95 3882 144 3950 sit
158 3881 332 3970 indultum,
347 3877 435 3967 qnod
450 3881 722 3952 exeommunioari
736 3887 795 3948 aut
818 3877 968 3948 interdiei
983 3883 1156 3966 nequeant,
1174 3875 1226 3946 vei

94 3987 272 4078 suspendi
282 4009 339 4076 per
362 3989 488 4058 litteras
513 3987 598 4057 dioto
613 3988 708 4058 Sedis
724 4009 788 4058 non
804 3987 962 4056 iaoientes
977 3987 1108 4072 plenam
1128 3993 1160 4054 et
1175 4005 1228 4052 sx-

93 4117 256 4185 presssm,
281 4117 321 4166 so
347 4095 389 4166 de
415 4097 514 4182 norbo
529 4095 574 4164 ad
588 4097 722 4166 verbnm
739 4095 781 4162 de
796 4095 924 4164 indulto
940 4093 1124 4164 huiusmodi
1140 4114 1226 4162 men·

94 4207 234 4275 tionem.
260 4207 382 4274 Datnnn
406 4203 495 4293 apnd
519 4204 641 4275 Urbem
666 4203 797 4274 Vetorm
813 4203 886 4272 idos
901 4201 1000 4289 iunii,
1015 4202 1227 4272 Pontidoatns

94 4317 201 4384 nostri
216 4332 305 4384 anno
320 4321 445 4398 quade.

92 4499 226 4570 (Theiner
237 4479 368 4568 dgoston,
384 4495 482 4548 Vetera
493 4493 670 4550 Monumenta
691 4491 837 4547 Siavor'orn
849 4487 1070 4544 Meridioneiism
1083 4489 1225 4562 historiam

156 4583 166 4606 ”
459 4581 738 4642 ‘itinerantiattee
755 4583 815 4636 100.
828 4581 858 4649 1.)
1050 4588 1054 4596 “

555 4743 766 4764 W
868 4763 870 4770 Ι
