3126 5150
120 1044 155 1110 A
182 1042 447 1130 azabeafebtruriri
472 1041 693 1126 kopmluanok
718 1039 1001 1126 bizoayatiplooele,
1032 1049 1114 1131 boqy
1137 1047 1259 1112 Pooieb

118 1155 185 1218 bon
201 1157 232 1220 θ’]
249 1153 439 1238 zulanoeppai
455 1151 596 1237 fb'iapcia
610 1150 732 1236 Payabe
756 1153 788 1215 θ’]
803 1152 934 1238 Pur-pub
954 1155 1091 1218 adnabat
1109 1156 1258 1244 bizooyos

289 1261 447 1346 foito'teleb
463 1259 574 1324 arettas
590 1259 788 1324 teatoe'roineb
803 1262 969 1345 dteopedte.
997 1265 1094 1329 1272.

230 1462 300 1527 Nos
313 1458 498 1544 Capitulum
516 1455 669 1522 Albensis
685 1455 833 1524 Eoolesio
860 1453 977 1524 damus
1003 1477 1061 1542 pro
1089 1461 1254 1544 memoria,

118 1567 207 1654 quod
229 1567 330 1634 Ponio
345 1567 437 1633 Bano
458 1563 583 1630 (lomite
601 1561 792 1629 Zaladiensi
817 1563 860 1630 ab
876 1583 941 1632 una
965 1572 1078 1650 parte3
1103 1565 1253 1652 Nyoolao

119 1679 192 1744 tilio
208 1675 355 1762 Arnoldi,
373 1672 520 1741 Arnoldo
535 1670 637 1738 tratre
653 1691 720 1754 suo,
745 1671 868 1738 Ponioh
885 1671 1020 1760 Currite,
1047 1673 1140 1742 Chala
1156 1675 1255 1758 Magi·

118 1793 200 1870 stro,
227 1785 318 1868 Oguu
345 1783 411 1850 tilio
428 1779 539 1847 Buzad
565 1779 722 1846 tratribus
747 1779 815 1846 suis
841 1800 880 1846 ux
902 1780 1006 1848 altera
1030 1798 1139 1848 noram
1157 1782 1253 1850 nobis

117 1892 341 1979 personaliter
376 1887 581 1971 constitutis;
615 1886 700 1952 ἰάθη
727 1886 848 1953 Ροηίθί]
878 1889 988 1954 Bnnus
1018 1891 1196 1976 assumpsit
1221 1899 1253 1958 et

118 2001 295 2085 obligauit,
324 2006 360 2067 ut
385 1997 447 2066 duo
473 2003 581 2063 eastra
599 1995 725 2080 Plyske
751 2001 784 2060 et
799 1995 930 2080 Parpah
950 2004 1069 2070 uocata
1093 2019 1166 2066 oum
1183 2001 1252 2068 suis

116 2107 344 2193 pertinonoijs‚
369 2113 401 2173 et
418 2104 581 2189 quandam
601 2103 839 2189 possessionem
859 2103 978 2189 Nylroh
995 2111 1157 2193 uooatam,
1182 2113 1250 2174 tum

115 2223 255 2302 proptor
271 2215 388 2282 bonum
415 2209 764 2296 consanguineitatatis
790 2211 894 2296 ipsius
916 2211 1055 2297 Nyoolai
1081 2219 1113 2280 et
1132 2233 1251 2297 oogue-

114 2331 225 2390 torum
242 2343 372 2391 suorum
389 2320 546 2388 nobilium
573 2318 801 2404 predictorum,
826 2324 894 2384 tum
911 2319 1013 2385 eniam
1035 2340 1093 2404 pro
1109 2321 1249 2389 remedio

115 2431 230 2498 animo
257 2429 378 2497 domini
404 2429 453 2496 sui
472 2431 517 2497 St.
534 2428 673 2498 illustris
693 2427 790 2512 Regis
806 2426 949 2512 Vugarie
968 2427 1057 2496 olare
1084 2429 1247 2514 memorie,

113 2561 160 2607 ex
176 2540 268 2608 ouius
285 2539 466 2607 nollaoioue
489 2537 603 2604 eadem
629 2541 737 2604 eastra
763 2542 796 2603 et
810 2535 973 2620 possessio
990 2535 1191 2605 donenerant
1205 2537 1249 2604 ad

112 2649 223 2732 ipsum
243 2647 346 2714 Ponio
360 2649 496 2731 Banum,
521 2645 708 2712 restitueret
734 2651 766 2710 et
792 2641 940 2711 redderet
963 2643 1008 2708 ad
1033 2663 1148 2712 manus
1170 2643 1249 2713 (lioti

113 2755 257 2841 Nyoolai
274 2756 370 2840 pleno
390 2755 460 2822 iure
484 2756 543 2821 sub
561 2752 744 2821 testimonio
761 2752 903 2837 Capituli
920 2751 1199 2838 Wesprimiomis3
1216 2760 1248 2822 et

114 2863 160 2931 ad
176 2866 331 2930 maiorem
358 2863 518 2930 cautelam
545 2862 631 2929 idem
647 2861 748 2931 Ponio
764 2863 874 2930 Barrus
884 2913 893 2948 ,
919 2868 955 2928 ut
975 2861 1172 2946 obligaoioni
1189 2862 1244 2930 hu·
1308 2891 1311 2898 ¹

114 2973 257 3040 iusmodi
274 2971 454 3056 peripsum
471 2991 579 3036 eoram
605 2970 699 3038 nobis
716 2969 804 3037 laete
828 2989 893 3035 non
910 2971 1011 3056 possit
1038 2969 1246 3054 aliquatenus

116 3079 288 3163 contraire,
306 3078 514 3148 manifestum
540 3077 572 3144 ἰη
589 3077 730 3146 ecelesia
749 3079 850 3146 Beate
866 3078 1010 3162 Virginis
1026 3098 1125 3162 super
1141 3077 1246 3144 altare

114 3189 237 3255 Sancte
264 3185 376 3253 Ornois
401 3187 544 3273 prestitit
578 3193 835 3273 sacramentum
869 3193 903 3254 ot
932 3207 951 3254 θ
977 3203 1133 3256 conuerso
1157 3185 1244 3253 idem

113 3295 282 3378 llyoolaus
298 3315 356 3382 pro
373 3315 517 3380 expensa
542 3303 574 3364 et
590 3297 770 3382 sumptibus
789 3317 852 3364 non
870 3296 1016 3380 modieis,
1044 3315 1124 3380 quos
1140 3291 1245 3362 diotus

114 3401 215 3469 Ponio
232 3403 345 3470 Banus
371 3405 405 3468 in
430 3403 582 3471 tenendis
606 3404 672 3473 illis
697 3405 812 3473 eastris
838 3412 985 3492 tempora
1005 3423 1194 3490 guerrarum
1210 3401 1245 3468 in

113 3510 265 3578 eonfliotu
281 3511 380 3595 Regis
400 3509 557 3578 Bohemie
582 3511 659 3579 lenit
684 3519 716 3579 ot
741 3511 855 3579 babuit
880 3533 939 3598 pro
958 3513 1100 3580 utilitate
1126 3516 1243 3578 oestro-

114 3637 184 3683 rum
201 3615 385 3705 oornndom,
410 3616 503 3684 dedit
519 3625 550 3684 et
566 3619 700 3686 donauit
714 3639 826 3686 seruos
843 3617 903 3708 (et)
920 3619 1060 3688 aneillas
1076 3639 1150 3686 oum
1166 3618 1242 3703 filijs

113 3732 151 3792 et
165 3726 291 3793 filiabus
309 3746 348 3793 ao
363 3726 519 3794 uxoribus
537 3727 603 3795 suis
620 3725 726 3796 eidem
742 3727 865 3795 Ponioh
881 3729 972 3794 Bano
988 3734 1020 3794 ot
1032 3727 1099 3794 suis
1115 3745 1242 3793 suooes·

111 3833 250 3902 soribus.
285 3832 375 3911 Quos
391 3834 479 3902 idem
496 3833 619 3902 Poniob
636 3837 745 3903 Bonus
772 3855 886 3904 seruos
902 3841 935 3902 et
950 3835 1088 3902 aneillas
1113 3832 1239 3900 traduci

110 3938 157 4007 ad
180 3961 214 4008 se
240 3941 363 4009 leserat
389 3943 430 4011 άθ
456 3941 603 4029 prediola
628 3943 835 4029 possessione
863 3944 1001 4032 Nynolai
1026 3947 1183 4029 perpetuo
1208 3947 1242 4006 et

110 4049 371 4116 irreuooabiliter
407 4049 632 4134 possidendos.
681 4051 821 4118 Nomina
853 4071 1020 4118 seruorum
1052 4046 1240 4134 eorundem,

110 4175 194 4240 quos
218 4158 386 4226 nominare
412 4179 521 4226 ooram
547 4161 642 4228 nobis
667 4165 861 4245 potuerunt,
887 4160 946 4227 heo
972 4165 1070 4226 sunt:
1104 4158 1241 4226 Zalawa

110 4285 184 4332 oum
200 4265 301 4333 tratre
317 4285 376 4333 suo
392 4268 517 4350 Zulaw,
533 4268 672 4336 Miohael
689 4288 796 4352 ooous,
822 4267 984 4352 Metabus,
1004 4268 1127 4352 Ohelre,
1145 4267 1239 4354 Paul,

112 4373 283 4452 Martinus,
311 4375 485 4460 Durgnzlo,
511 4375 653 4444 Thomas
678 4380 912 4466 oarpentarius,
938 4377 1061 4466 Zunda,
1088 4378 1236 4461 Doboya,

111 4479 256 4566 Ohegtre,
284 4481 384 4548 Wolk
400 4505 472 4550 oum
488 4485 586 4572 tilijs,
612 4487 742 4554 filiabus
767 4495 799 4554 et
815 4488 980 4555 uxoribus.
1006 4483 1056 4550 Αά
1072 4485 1134 4553 heo
1150 4483 1237 4549 idom

107 4588 273 4674 Nyoolaus
300 4597 478 4680 assumpsit
502 4616 599 4681 super
623 4595 720 4664 fidem
746 4617 858 4684 suam,
886 4595 975 4678 quod
990 4613 1108 4663 nouem
1124 4592 1238 4678 eapite
