3080 5160
658 956 736 1024 288.

130 1183 160 1249 A
179 1187 306 1270 ayitrai
322 1188 542 1271 kdptalarmek
557 1189 820 1276 bisonyse'plevele
832 1191 1001 1275 Raeticae,
1012 1193 1096 1256 lecte
1110 1197 1141 1256 ts
1151 1191 1257 1256 Keret-

129 1315 196 1379 meq
221 1293 401 1378 kerssetye'n
425 1293 532 1358 hunolt
556 1295 749 1382 bosramepyet‘
762 1296 901 1382 tirtoke,
919 1295 1136 1382 katerjctrctsa
1156 1300 1254 1382 irunt,

128 1399 237 1483 Μάγοι
261 1399 391 1485 raray
415 1401 579 1466 meetmelt
594 1403 626 1467 ts
642 1405 769 1468 terruere
784 1405 971 1469 Far-ramat
988 1401 1138 1468 etadnak.
1156 1405 1255 1472 1284.

239 1627 406 1695 Vniuersis
431 1627 552 1696 Christi
576 1627 741 1715 fidelibus,
766 1629 881 1715 quibus
897 1637 1064 1714 presentes
1079 1631 1254 1729 patuerint

127 1735 302 1804 Nitriensis
312 1733 458 1802 Eeelesie
468 1733 652 1820 Capitulum
663 1737 846 1804 salutemin
861 1735 1001 1803 Domino
1016 1739 1256 1824 sempiternam.

127 1841 358 1928 Signifieamus
373 1841 476 1930 robis,
504 1841 592 1926 quod
606 1845 696 1910 Iwan
713 1851 745 1910 et
760 1843 930 1928 Kuehmeg
945 1841 1101 1911 Oristieni
1117 1845 1258 1911 (inmani

127 1950 170 2016 de
202 1947 364 2016 comitatu
389 1947 562 2036 Borsiensi,
588 1945 632 2014 ad
657 1955 802 2017 nostram
827 1949 1017 2017 aecedentes
1043 1950 1256 2036 presenciam,
1317 1945 1320 1950 ’

125 2056 255 2124 litteras
269 2055 419 2123 Ladialai
434 2053 570 2124 illustris
586 2055 683 2142 Regis
700 2055 870 2140 Hungarie
886 2061 916 2124 et
931 2056 1063 2124 Domini
1079 2057 1180 2124 nostri
1197 2075 1253 2124 no·

124 2165 180 2231 bis
208 2163 430 2252 exhibuerunt,
456 2163 543 2230 hune
568 2171 710 2231 tenerem
737 2163 957 2248 continentes;
973 2163 1059 2248 queri
1073 2181 1133 2231 nos
1148 2163 1252 2230 homi-

128 2289 206 2338 nem
231 2277 376 2338 nostrum
402 2273 507 2338 virum
523 2269 686 2358 ydoneum
703 2277 735 2338 et
765 2269 837 2338 fide
861 2270 994 2354 dignum
1024 2289 1096 2337 eum
1127 2267 1256 2336 homine

130 2373 277 2444 eiusdem
294 2375 415 2443 domini
440 2377 541 2460 Regis
555 2375 664 2443 Mikus
680 2373 784 2442 nobili
800 2374 841 2442 de
856 2375 1028 2444 Babindou
1044 2375 1087 2443 ari
1104 2375 1256 2443 eireuien·

125 2483 204 2549 dam
223 2491 343 2551 terram
363 2481 548 2552 eorumdem
564 2483 780 2551 Cumanorum
796 2483 961 2551 Rasnieha
976 2489 1127 2552 veeetem
1143 2484 1178 2548 iu
1194 2481 1253 2550 Oo-

125 2587 243 2657 mitstu
267 2587 433 2657 Borsiensi
457 2589 660 2676 existentem,
686 2589 895 2658 mitteremus.
910 2592 978 2658 Nos
993 2591 1094 2676 igitur
1109 2591 1258 2658 fauentes
1290 2581 1295 2589 ’

124 2695 228 2780 Regio
249 2703 412 2784 precepto,
435 2701 470 2764 nt
483 2702 639 2784 tenemur,
647 2703 803 2786 ,nostrum
820 2697 965 2765 misimus
981 2696 1144 2767 hominem
1161 2697 1253 2765 adid

126 2801 362 2890 exequendum,
371 2803 428 2888 qui
438 2803 566 2871 demum
578 2803 707 2873 rediens
717 2805 761 2872 ad
771 2823 831 2873 nos
842 2821 981 2872 unaeum
992 2805 1105 2874 eodem
1121 2803 1251 2872 homine

123 2908 234 2996 ipsius
249 2907 370 2976 domini
389 2909 500 2997 Regis
525 2909 732 2978 eoneorditer
756 2909 955 2997 propesitum
972 2911 1079 2979 extitit
1102 2929 1163 2998 per
1187 2926 1255 2978 eos-

122 3019 220 3102 dem3
246 3017 333 3103 quod
348 3017 454 3104 ipsam
483 3023 603 3085 terram
627 3018 898 3103 reambulaesent,
919 3031 1023 3086 nouas
1040 3023 1144 3086 metas
1159 3018 1251 3084 iuxta

123 3131 256 3192 ueteres
272 3121 438 3212 erigendo,
456 3131 488 3192 et
511 3122 649 3191 eandem
674 3125 748 3191 vsui
775 3131 899 3212 septem
913 3132 1096 3192 aratrorum
1110 3123 1252 3190 invenis·

125 3239 214 3318 sent,
248 3237 386 3318 exeepta
401 3231 480 3300 Isok
512 3231 622 3300 fratris
651 3231 836 3318 eorundem,
862 3231 1013 3301 similiter
1027 3229 1180 3300 (tristieui
1196 3227 1256 3296 Gu-

123 3339 237 3425 mnni3
268 3354 366 3424 quam
396 3337 528 3424 quidem
558 3345 675 3406 terram
713 3355 754 3406 ex
784 3339 997 3424 permissione
1028 3343 1062 3406 et
1091 3338 1256 3405 uoluntate

126 3443 277 3513 eiusdem
302 3444 425 3512 demini
450 3442 559 3530 Regis,
583 3451 679 3532 prout
697 3446 731 3512 in
747 3445 864 3512 litteris
880 3445 1065 3532 patentibus
1082 3444 1183 3530 ipsius
1198 3461 1253 3508 no-

123 3551 178 3620 bis
204 3551 348 3620 constitit
372 3550 551 3637 euidenter,
566 3551 723 3637 Magistro
748 3551 913 3636 Miehaeli
939 3555 971 3619 et
990 3549 1146 3619 Fareasie
1159 3550 1252 3616 tratri

119 3677 198 3743 suo,
212 3655 288 3742 fllijs
302 3655 419 3743 Dama,
438 3663 471 3724 et
495 3677 555 3744 per
580 3675 652 3725 eum
668 3657 737 3726 suis
753 3657 935 3743 heredibus,
951 3655 1169 3742 heredumque
1184 3677 1255 3725 sue

125 3765 310 3833 censoribus
333 3785 393 3852 pro
416 3765 532 3851 uiginti
557 3771 590 3834 et
615 3782 681 3833 una
696 3783 806 3833 marea
822 3767 864 3833 ab
880 3765 1002 3833 eisdem
1028 3781 1138 3834 eoram
1163 3763 1257 3832 uobis

121 3868 277 3958 plenarie
300 3869 471 3958 pereeptts,
499 3872 569 3940 ture
592 3879 749 3959 perpetuo
771 3871 988 3942 uendiderunt
1003 3857 1255 3958 possidendam

125 3987 162 4047 et
178 3978 255 4046 huie
269 3978 454 4048 venditioni
469 3979 635 4066 predictus
651 3980 752 4048 trater
771 3977 914 4066 ipsorum
925 3979 1012 4066 lsok,
1030 3987 1062 4048 et
1078 3979 1256 4062 Teseeneh,

123 4084 264 4170 quidam
288 4087 373 4154 alter
398 4085 579 4155 cristianus
606 4085 778 4172 Cumanus,
802 4087 903 4156 irater
923 4087 1061 4175 predieti
1076 4087 1256 4174 Kuehmeg,

123 4195 207 4261 item
233 4193 350 4260 (temes
376 4193 501 4276 Petrus,
519 4214 591 4260 eum
608 4193 675 4262 tilio
692 4213 751 4262 sue
766 4195 859 4281 Burs,
873 4196 958 4264 Bees
972 4195 1061 4262 tilius
1076 4194 1158 4260 Bees
1185 4212 1258 4260 eum

123 4299 234 4366 fratre
258 4317 316 4367 suo
342 4299 435 4386 Burs,
452 4301 529 4368 item
544 4299 660 4386 Zeeho,
678 4301 794 4388 Bense,
810 4303 935 4369 Domus
951 4307 984 4368 et
997 4299 1098 4384 Miko,
1116 4299 1258 4382 iobagio·

126 4425 188 4473 nes
214 4405 318 4473 castri
343 4405 542 4490 Bersiensis,
569 4409 782 4474 eommetanei
807 4414 839 4475 et
862 4407 959 4474 uieini
983 4405 1125 4475 eiusdem
1151 4413 1258 4472 terree

125 4509 226 4600 (igy),
244 4511 349 4598 quiin
370 4511 632 4582 reambulaeione
647 4517 713 4583 iam
728 4515 816 4584 diete
832 4521 936 4582 terree
951 4519 1118 4602 presentes
1134 4511 1249 4580 extite-
