3146 5166
668 339 827 436 jab—l-

181 527 267 611 quod
285 529 404 598 nobilis
420 533 470 598 vir
494 531 686 616 Lampertus
702 530 788 597 filius
814 530 954 614 Nycclai
970 529 1010 595 de
1035 549 1153 615 genere
1182 531 1305 600 Hunth-
1347 545 1350 551 ’
1438 541 1439 544 ’

181 631 311 718 paenan
327 637 372 702 ad
386 637 588 721 presenciam
619 643 763 704 nostram
789 637 965 724 accedens,
989 637 1157 705 dimidiam
1181 647 1307 724 partem

50 753 63 767 '
181 745 398 826 possessionis
414 744 484 810 siue
500 753 584 810 terre
599 763 657 810 sue
673 745 752 838 Beel
767 749 881 810 uocate
896 744 955 814 sub
983 751 1092 811 monte
1117 744 1243 830 Scycen
1268 747 1303 811 in

181 849 346 917 Comitatu
361 851 522 917 Huntensi
539 850 717 936 existentis,
746 851 843 918 certis
861 851 954 917 metis
971 856 1004 916 et
1027 851 1171 934 antiquis
1197 855 1306 920 termi-

181 956 233 1022 nis
247 957 394 1043 limitato,
411 957 564 1026 videlieet
578 960 764 1043 porcionem
782 958 823 1024 de
842 957 956 1025 eadem
972 959 1180 1042 possessione
1196 958 1301 1043 ipsum

159 1145 165 1150 ,
183 1063 226 1129 de
241 1065 309 1130 iure
325 1065 520 1133 hereditario
536 1067 789 1152 contingentem,
807 1085 848 1131 ex
864 1064 1079 1150 permissione
1095 1071 1128 1130 et
1152 1067 1306 1150 beneplu

183 1172 248 1237 cito
265 1191 305 1238 ac
318 1191 475 1240 consensu
492 1178 785 1240 commetaneorum
795 1178 826 1238 et
836 1173 1150 1255 consanguineorum
1159 1192 1301 1258 suorum,

183 1277 311 1345 seilicet
326 1279 385 1363 filij
402 1279 484 1346 Ders
502 1281 545 1345 de
560 1299 679 1362 magno
696 1298 777 1346 naso
793 1298 864 1346 eum
881 1278 960 1346 villa
975 1298 1035 1345 sua
1058 1277 1177 1344 Prinoh
1190 1284 1307 1344 uocata

186 1383 293 1451 eidem
335 1385 531 1471 possessioni
574 1387 721 1471 proxime
752 1385 946 1469 uicinantis;
978 1391 1011 1453 et
1040 1383 1220 1452 Alexandri
1249 1383 1307 1468 filij

184 1491 283 1556 Welh
298 1493 339 1558 de
355 1491 572 1577 generacione
587 1512 649 1560 sua
664 1493 792 1577 prefata
808 1493 841 1558 in
867 1492 1035 1559 vicinitate
1051 1512 1125 1560 cum
1140 1491 1222 1559 villa
1246 1511 1309 1583 sua

185 1599 345 1668 Kalesata
359 1605 478 1666 uocata
493 1601 597 1668 eciam
623 1599 824 1684 adiacentis,
847 1618 907 1684 pro
933 1598 1085 1666 trecentis
1115 1599 1234 1666 marcis
1262 1617 1311 1664 ar-

186 1705 276 1791 genti
291 1706 332 1772 de
347 1707 473 1794 Banya,
491 1707 681 1792 adplenum
707 1706 828 1774 habitis
844 1711 876 1771 et
902 1705 1053 1790 receptis,
1077 1705 1213 1772 honesto
1238 1705 1308 1772 viro

185 1813 334 1896 Nyeolac
351 1812 417 1878 filio
434 1814 589 1882 Hermani
606 1813 647 1881 de
663 1813 918 1898 Selmeezbanya
935 1811 1009 1896 ciui,
1025 1831 1083 1897 pro
1100 1831 1164 1895 quo
1176 1812 1309 1878 Vrrieus

185 1919 274 1985 filius
290 1917 424 1986 Sefrech
441 1921 588 1989 seruiens
606 1941 686 1989 suus
701 1941 800 2007 super
815 1920 972 1987 hocfacte
996 1919 1179 2004 comparuit
1202 1938 1309 1984 coram
1426 1935 1430 1945 ·

186 2026 290 2109 nobis,
307 2033 339 2093 et
354 2027 599 2112 posteritatibus
616 2028 760 2096 eiusdem
776 2027 917 2112 Nyeolai
928 2025 1123 2092 suecessiuis
1143 2025 1311 2092 consessus

186 2139 236 2199 est
252 2151 288 2231 se
303 2133 490 2201 vendidisse
505 2142 538 2202 et
554 2136 750 2221 assignasse,
767 2154 920 2202 unacum
949 2133 1149 2199 dimidietate
1174 2131 1252 2198 ville
1277 2132 1311 2198 in

187 2240 304 2307 eadem
320 2249 407 2308 terra
422 2241 501 2309 Beel
518 2242 698 2329 existentis,
715 2251 745 2309 et
770 2242 946 2309 vtilitatum
974 2261 1012 2308 ac
1037 2240 1311 2325 pertinenciarum

187 2367 331 2432 suarum,
346 2350 381 2414 in
397 2355 587 2434 perpetuum
604 2349 741 2434 pacifice
757 2348 1005 2434 possidendam
1022 2349 1069 2414 ita
1085 2353 1119 2412 ut
1142 2347 1186 2413 ab
1212 2345 1312 2414 omni-

187 2455 249 2521 bus
265 2455 374 2520 causis
390 2457 520 2522 racione
535 2455 670 2522 dimidie
686 2456 789 2540 partis
806 2454 954 2520 eiusdem
970 2452 1187 2539 possessionis
1204 2460 1237 2519 et
1253 2453 1314 2520 vti·

186 2561 316 2627 litatum
332 2581 464 2628 suarum
479 2562 695 2647 venditarum,
722 2561 848 2629 seilicet
874 2561 978 2627 eidem
1004 2566 1037 2626 rt
1061 2559 1309 2646 prescripsimus

187 2666 344 2752 Nyeolao‚
359 2689 417 2753 per
432 2667 633 2753 Stephanum
650 2667 785 2736 fratrem
800 2669 905 2753 ipsius
920 2667 1097 2752 Lamperti,
1124 2666 1178 2732 uel
1203 2687 1312 2750 quem-

187 2773 269 2842 libet
285 2773 386 2840 alium
402 2775 563 2843 hominem
579 2775 646 2842 vllo
663 2794 805 2857 unquam
822 2782 968 2859 tempore
1003 2773 1180 2858 suscitatis,
1205 2771 1312 2858 ipsum

189 2881 373 2967 Nyeolaum
390 2887 422 2948 et
438 2901 514 2948 suos
531 2889 679 2968 posteros
688 2883 760 2968 ipse
777 2883 971 2968 Lampertus
988 2887 1019 2946 et
1035 2881 1085 2948 sui
1101 2899 1317 2966 successores,

189 2987 273 3054 sicut
295 2987 470 3073 assumpsit
495 2994 527 3055 et
556 2989 599 3054 ad
624 2987 686 3054 hoc
711 3008 746 3054 se
772 2989 905 3055 firmiter
940 2986 1111 3073 obligauit,
1141 2987 1316 3073 expedient

191 3093 410 3179 indempniter
425 3097 493 3162 suis
520 3096 662 3179 proprijs
691 3095 857 3162 laboribus
889 3101 922 3162 et
951 3093 1117 3177 expensis.
1150 3093 1312 3159 Asserens

191 3200 279 3266 idem
314 3201 506 3285 [rampertus
531 3207 736 3286 prenotatam
759 3200 927 3267 dimidiam
952 3203 1078 3284 partem
1103 3197 1318 3286 possessionis

190 3308 262 3375 siue
277 3314 362 3374 terre
393 3309 472 3375 Beel
497 3309 531 3374 in
556 3308 817 3393 redempcionem
842 3316 874 3374 et
898 3307 1153 3374 remutaeionem
1169 3305 1317 3372 eiusdem

190 3415 352 3501 Stephani
367 3416 478 3484 fratris
494 3419 544 3484 sui
560 3419 595 3483 in
611 3418 801 3503 captiuitate
819 3417 993 3486 existentis
1010 3437 1046 3484 se
1062 3437 1104 3483 ex
1119 3415 1316 3482 necessitate

192 3523 378 3590 ineuitabili
388 3523 791 3613 vendidisse;condieione
801 3533 833 3591 et
842 3524 1047 3610 obligacione
1056 3521 1243 3590 huiusmodi
1253 3543 1316 3588 me-

192 3628 316 3716 diante,
333 3629 405 3696 rtsi
416 3631 870 3719 eidemStephanosratrisuo
886 3632 1065 3718 predictam
1083 3630 1319 3697 dimidietatem

192 3736 410 3832 possessionis
424 3723 492 3804 iam
508 3740 675 3806 uenditam
690 3739 845 3808 uidelicet
860 3740 965 3825 Regni
990 3738 1188 3808 consuetudo
1213 3757 1317 3804 remu·

191 3843 326 3910 tandem
343 3841 533 3911 decerneret
559 3853 592 3912 et
616 3849 740 3932 pariter
766 3846 1006 3933 rehabendam,
1031 3866 1098 3912 non
1122 3851 1234 3931 posset
1261 3843 1319 3909 ali-

194 3957 353 4033 quatenus
380 3953 544 4042 remutari,
570 3955 632 4020 nisi
657 3956 747 4040 prius
773 3953 841 4022 illis
866 3953 1017 4020 trecentis
1044 3953 1163 4018 mareis
1189 3953 1318 4036 argenti

193 4059 357 4142 prenotati
374 4059 479 4128 eidem
504 4063 653 4147 Nycolao
670 4082 710 4128 ex
725 4070 817 4147 parte
832 4061 937 4146 ipsius
962 4061 1119 4147 Stephani
1143 4058 1320 4143 restitutis3

195 4166 291 4230 salua
306 4172 415 4232 tamen
431 4167 498 4236 alia
513 4175 606 4254 parte
633 4169 776 4237 eiusdem
801 4168 1020 4254 possessionis
1044 4189 1101 4235 ser
1124 4173 1210 4234 terre
1234 4165 1322 4250 Beel,

194 4290 257 4354 que
273 4271 378 4339 eidem
394 4273 561 4360 Stephano
577 4275 668 4342 fratri
684 4297 742 4344 suo
759 4278 906 4344 debetur.
916 4275 955 4341 In
969 4274 1060 4340 cuius
1070 4293 1127 4358 rey
1138 4272 1320 4340 firmitatem

85 4421 90 4429 -
195 4383 228 4444 et
243 4379 430 4446 memoriam
447 4385 678 4468 sempiternam
695 4391 862 4471 presentes
879 4365 1007 4450 litteras
1023 4381 1065 4448 ad
1081 4379 1278 4466 peticionem
1288 4387 1320 4446 et

193 4483 389 4554 instanciam
407 4487 509 4574 ipsius
526 4491 691 4578 Lamperti
708 4497 819 4560 nostro
834 4491 947 4575 sigillo
973 4488 1123 4557 dedimus
1149 4487 1323 4556 communi·

193 4598 256 4660 tas.
271 4591 390 4662 Datum
407 4619 466 4686 per
481 4619 597 4669 manus
614 4601 746 4670 discreti
762 4601 823 4668 viri
839 4600 986 4684 Magistri
1004 4594 1159 4684 Cypriani
1169 4595 1317 4664 Ecclesia

1100 4703 1163 4774 34*
