3138 5164
109 1131 170 1198 IV.
189 1134 305 1222 Macte
321 1091 498 1220 hircilpnalo
514 1137 642 1202 Douma
665 1147 746 1201 neoti
762 1133 871 1226 stildet
887 1143 1043 1226 tdrpycad
1057 1141 1243 1227 odomcnya

353 1242 459 1309 Jctrror
482 1243 658 1309 Jotabock
668 1247 721 1328 fla
737 1251 896 1313 ezcimoirn.
914 1248 1011 1313 1285.

226 1419 294 1485 Nos
310 1417 485 1487 Ladiaiaus
502 1422 565 1488 Dei
591 1421 704 1506 gracia
735 1425 804 1492 Rex
829 1423 996 1508 Hungarie
1022 1424 1241 1509 significamus

108 1524 275 1594 uniuersis
291 1525 409 1610 quibus
424 1529 554 1613 expedit
579 1529 779 1613 presencium
807 1551 863 1615 per
896 1523 1058 1599 tenorem:
1086 1527 1172 1616 quod
1188 1531 1242 1598 Jo-

109 1631 241 1700 hannes
257 1633 343 1700 iilius
357 1635 472 1702 iacobi
487 1636 537 1702 ad·
546 1644 691 1703 nostram
716 1640 875 1706 accedens
893 1641 1093 1725 presenciam
1110 1661 1131 1704 a
1148 1643 1239 1706 nobis

111 1741 217 1825 pccijt
232 1737 415 1828 diligenter,
433 1751 467 1808 nt
484 1741 647 1826 quandam
673 1753 793 1813 terram
822 1748 944 1812 Durma
970 1754 1115 1812 vocatam
1132 1747 1166 1813 in
1184 1747 1241 1813 eo·
1297 1785 1307 1802 ·

111 1849 233 1916 mitatu
248 1849 289 1916 de
304 1849 399 1932 Vngh
416 1851 622 1938 existentem,
638 1873 737 1936 snper
761 1873 825 1936 qua
850 1853 983 1938 quidam
1000 1852 1095 1919 Odon
1111 1853 1248 1919 nomine'

111 1954 292 2041 residebat,
309 1955 365 2039 qui
380 1975 467 2024 nunc
483 1957 637 2024 heredum
648 1979 762 2026 carens
778 1961 900 2026 solacio
918 1959 1034 2026 dicitur
1050 1959 1241 2046 decessisse,

111 2063 224 2130 eidem
239 2063 281 2130 de
297 2063 500 2149 benignitate
517 2066 618 2148 Regia
634 2066 713 2133 dore
729 2075 760 2133 ct
776 2066 921 2135 conferre
946 2069 1162 2152 dignaremur.
1178 2067 1241 2134 Ve-

111 2193 186 2238 rum
204 2169 337 2254 quiade
354 2173 513 2256 qualitate
529 2181 561 2239 et
577 2174 760 2258 quantitate
777 2175 863 2241 dicte
880 2183 963 2242 terre
979 2196 1042 2242 non
1059 2177 1241 2260 constabat,

113 2287 146 2346 et
162 2284 271 2344 vtrum
287 2279 330 2347 sit
345 2280 415 2348 sine
433 2280 550 2348 herede
565 2281 764 2367 decedentis,
779 2287 855 2348 tnnc
872 2283 963 2350 nobis
980 2304 1044 2350 non
1061 2283 1242 2369 constabat,

112 2387 267 2456 fidelibus
282 2390 403 2456 nostris
420 2390 588 2476 Preposito
599 2399 631 2457 et
648 2391 826 2458 Conuentui
844 2390 885 2456 de
901 2391 998 2458 Lelea
1014 2393 1132 2456 nostris
1148 2388 1243 2457 dede·

113 2515 227 2562 ramus
243 2495 362 2564 litteris
378 2496 412 2562 in
428 2497 601 2581 mandatis,
614 2504 649 2564 vt
663 2517 735 2564 cum
747 2497 913 2582 Stephano
928 2497 995 2564 filio
1012 2498 1098 2566 Jako
1115 2497 1245 2564 homine

111 2609 227 2672 nostro
250 2603 467 2672 testimonium
500 2603 644 2688 ipsorum
676 2603 830 2671 idoneum
859 2603 1118 2672 transmitterent
1136 2604 1245 2671 tidedi·

112 2730 227 2797 gnum,
243 2731 353 2777 coram
370 2731 434 2795 quo
451 2711 538 2777 idern
556 2711 653 2777 homo
678 2719 788 2776 noster
804 2710 963 2796 prefatam
981 2719 1110 2795 terram,
1129 2712 1156 2778 si
1174 2715 1245 2778 sine

112 2817 235 2884 herede
251 2817 437 2885 decedentis
453 2817 633 2899 inueniret,
660 2826 777 2883 extunc
793 2817 997 2903 presentibus
1013 2818 1244 2885 commetaneis

112 2933 146 2992 et
163 2924 291 3011 vicinis,
309 2925 538 3008 reambularet,
563 2931 595 2989 et
616 2923 720 2989 eidem
746 2930 888 3006 statuat,
920 2923 1027 2991 sinon
1044 2925 1133 2992 tieret
1164 2943 1245 2990 con-

111 3032 302 3100 tradictum.
335 3032 397 3110 Qui
428 3031 633 3118 postmodum
661 3031 755 3098 nobis
780 3033 1025 3118 rescripserunt,
1056 3031 1143 3115 quod
1167 3051 1240 3098 eom

111 3140 244 3228 prefato
274 3140 404 3206 homine
434 3146 543 3207 nostro
574 3141 793 3206 testimonium
823 3139 969 3224 ipsorum
1004 3139 1168 3205 misissent
1208 3138 1243 3204 fi·

113 3249 306 3335 dedignnm,
322 3253 355 3314 et
384 3247 471 3332 quod
494 3246 699 3331 presentibus
732 3246 961 3318 commetaneis
991 3253 1023 3312 et
1052 3245 1169 3312 vicinis
1201 3245 1244 3312 ei·

113 3357 189 3421 dem
221 3354 411 3422 statuissent
451 3355 541 3422 nullo
572 3353 812 3422 contradictore
842 3361 1032 3439 apparente.
1064 3355 1132 3420 Nos
1165 3373 1242 3420 vcro

114 3461 331 3531 consideratis
362 3461 511 3547 scruioijs
543 3469 575 3528 et
599 3459 812 3531 fidelitatibus
842 3461 963 3547 prefati
979 3459 1149 3546 Johannis,
1183 3480 1247 3546 qne
1323 3523 1327 3530 .

115 3571 205 3640 idem
220 3571 255 3637 in
272 3571 420 3638 omnibns
452 3569 717 3654 expedicionibus
733 3567 838 3653 Regni
868 3567 970 3635 nostri
994 3567 1135 3636 fideliter
1154 3565 1244 3636 exhi·

114 3681 188 3746 huit
203 3684 237 3744 et
265 3676 421 3762 inpendit,
450 3675 610 3762 prefatam
629 3681 750 3742 terram
774 3677 896 3743 Durma
921 3693 993 3742 eum
1010 3673 1078 3743 suis
1092 3673 1240 3743 utilitati·

116 3895 251 3962 redibus
266 3892 487 3974 heredumque
511 3909 639 3956 sucrum
672 3888 913 3957 successorihus
929 3889 999 3956 iure
1015 3894 1172 3975 perpetuo
1188 3887 1246 3956 du·

118 4003 227 4070 ximus
244 3998 493 4083 conferendam
519 4003 551 4065 et
566 4015 663 4082 super
683 3995 746 4064 hoc
761 4002 906 4064 nochum
924 3995 1028 4063 eidem
1044 3995 1248 4064 conteremus

116 4109 339 4199 priuilegium,
354 4127 427 4175 eum
443 4111 610 4193 presentes
642 4105 738 4172 nobis
769 4103 890 4171 inerint
920 4107 1095 4189 reportate.
1127 4103 1248 4169 Datum

119 4237 223 4308 prope
237 4217 468 4284 monasterium
496 4213 616 4283 Sancte
640 4213 785 4280 Barbare
808 4212 843 4280 in
859 4209 1024 4296 quindena
1038 4210 1247 4279 Pentecosten

118 4347 204 4396 anno
219 4323 353 4394 Domini
368 4323 540 4393 millesimo
557 4321 776 4390 ducentesimo
793 4319 1014 4405 octuagesimo
1034 4317 1156 4403 quinto.

122 4541 172 4608 (Aa
186 4537 444 4612 egrikdptalannak
469 4539 580 4616 teet-kt
605 4534 761 4600 tetrartum,
789 4535 862 4603 meiy
888 4536 965 4588 tete.
992 4533 1020 4588 ds
1034 4535 1112 4590 tres.
1125 4546 1142 4584 a
1155 4531 1250 4586 leiensi

163 4635 289 4694 trouvent
308 4629 375 4687 ital
387 4631 508 4700 njouuan
520 4627 661 4694 ttiratott3
683 4627 794 4680 abudsi
813 4628 864 4681 kir.
879 4623 1007 4683 temnat
1021 4619 1213 4699 lecticarum.)

583 4788 791 4820 ...n-a·-
