3080 5160
561 325 719 435 aec-

78 525 115 592 lis
131 523 284 615 memorie
299 541 396 609 super
411 523 668 610 possessionibus
694 530 762 597 suis
778 528 1000 617 hereditariis,
1032 531 1205 618 donatiuis,

80 629 243 718 acquisitis
267 638 300 700 et
321 649 430 700 earum
445 623 640 704 'utilitatibus
656 643 851 725 emanatura,
868 637 902 706 iu
917 639 1134 708 Oomitatibus
1153 639 1200 706 ri·
1294 703 1298 710 .

76 738 186 806 delicet
203 737 387 840 Orodieusi,
405 729 634 828 Obanadieusi,
650 741 866 828 Tymissiensi
882 752 914 812 et
930 746 1129 832 syrmiensi,
1145 765 1202 832 pe-

75 854 141 914 tens
166 845 297 915 anobis
312 865 385 914 cum
410 845 585 934 instancia,
600 857 634 916 vt
661 850 768 936 ipsum
791 850 997 938 priuilegium
1023 860 1129 920 ratum
1146 853 1201 921 be-

76 955 153 1040 bere,
170 961 203 1020 et
217 961 329 1022 nostro
344 954 519 1042 priuilegio
534 954 576 1023 de
602 956 706 1040 Regia
724 959 925 1043 benignitate
941 960 1143 1050 confirmare,
1160 979 1200 1028 ae

73 1059 288 1148 pecatores
313 1061 347 1128 iu
372 1059 487 1129 eodem
509 1061 683 1152 priuilegio
708 1063 891 1134 nominatas
912 1085 971 1151 por
987 1057 1197 1151 quoscunque

72 1169 212 1240 indebite
229 1175 412 1258 occupatas,
436 1171 488 1239 vel
507 1169 640 1238 liabitas
666 1192 708 1238 ex
721 1172 860 1256 aliquali
876 1171 1056 1240 collacione
1070 1157 1196 1261 Regali,

70 1298 108 1346 ex
123 1286 213 1347 certa
228 1276 371 1346 sciencie
396 1298 561 1376 reuocare,
587 1286 620 1347 et
646 1279 816 1348 restituere
841 1280 946 1348 eidem
970 1301 1010 1349 ac
1031 1280 1099 1349 suis
1116 1276 1196 1347 'suo-

69 1386 251 1455 eessoribus
268 1384 486 1472 dignaremur.
498 1387 597 1480 Ouios
613 1387 744 1472 quideui
761 1388 925 1474 priuilegij
939 1387 1118 1478 tenortalis
1128 1393 1198 1454 est:

173 1494 255 1562 Belu
265 1493 305 1559 D.
322 1514 370 1578 gr.
383 1492 549 1579 Huugarie
565 1495 625 1562 stb
640 1495 710 1562 Rex
725 1495 787 1563 stb.
804 1493 1019 1580 (kbvetkezik
1035 1493 1090 1562 IV.
1108 1491 1190 1560 Bdla

67 1601 248 1688 kirtlynak
258 1600 398 1670 1247-ki
408 1601 584 1688 okmdnya,
596 1587 677 1670 urint
692 1602 973 1690 gybjtemeuydnk
988 1599 1058 1668 Vll:
1074 1598 1192 1687 vugyis

66 1709 254 1778 emtsodik
269 1709 394 1797 iolyam
409 1707 452 1775 11.
468 1709 644 1778 kbtetdben
661 1711 738 1780 221.
754 1710 795 1796 l.)
1169 1710 1172 1716 ’

171 1815 237 1886 Sed
255 1815 331 1901 quia
346 1815 491 1903 sigillum
507 1805 674 1904 priuilegij
692 1817 772 1885 Belo
787 1818 886 1904 Regis
903 1819 999 1887 uobis
1016 1815 1193 1903 presentati

63 1944 118 2010 per
134 1924 295 1994 (tomitem
312 1925 471 1994 'ihomarn
487 1925 589 1992 lilium
606 1929 792 2013 Paugracij,
810 1925 899 2012 quod
914 1927 1046 2017 petebat
1062 1945 1083 1992 a
1098 1927 1192 1993 uobis

63 2035 225 2101 instanter
239 2029 433 2120 continuari,
453 2053 474 2098 a
489 2039 584 2119 parte
600 2031 752 2118 inferiori,
768 2033 922 2101 videlicet
938 2054 958 2100 a
974 2033 1089 2118 gennis
1106 2029 1191 2098 iufra

61 2145 92 2206 et
117 2138 205 2206 nihil
230 2159 329 2226 supra
353 2161 425 2208 cour
453 2139 558 2208 serico
583 2147 719 2208 exeunte
745 2140 786 2208 de
802 2139 912 2225 sigillo
928 2140 990 2206 init
1005 2139 1144 2208 scissum
1161 2145 1193 2204 et

60 2248 192 2332 penitus
216 2255 373 2316 resectum
386 2273 394 2334 ;
420 2249 468 2314 ita
484 2245 571 2330 quod
587 2247 670 2313 nihil
686 2247 733 2314 ibi
748 2248 912 2332 pendebat
926 2236 1033 2334 preter
1049 2245 1191 2331 superio·

60 2374 125 2420 rem
136 2359 268 2440 partem
279 2353 391 2439 sigilli,
409 2361 441 2422 et
458 2355 552 2436 quasi
570 2353 761 2440 apparebat,
779 2353 864 2437 quod
880 2360 950 2420 erat
965 2352 1187 2436 combustum

57 2461 258 2548 supercuius
269 2461 515 2528 confirmacione
526 2479 673 2528 unacum
683 2463 788 2546 Regni
805 2459 909 2530 nostri
926 2459 1066 2528 Prolatis
1082 2467 1115 2527 at
1125 2459 1191 2526 Ba·

56 2569 376 2638 rouibus'nobiscum
392 2565 783 2656 assidentibus,vidslicet
792 2567 888 2634 Petro
898 2569 1060 2654 Episcopo
1070 2569 1188 2634 Trans-

58 2677 202 2762 siluauo,
213 2677 314 2744 Paulo
325 2673 676 2762 Quiuqueecclasiensi,
693 2676 818 2743 Thone
829 2674 1005 2762 Waoiensi,
1020 2673 1188 2740 Bartholo-

55 2807 127 2854 meo
155 2775 406 2870 wesprimiensi
422 2790 456 2850 et
472 2782 629 2867 Gregorio
645 2781 885 2877 Chanadiensi5
903 2781 1069 2867 Stephano
1085 2779 1185 2847 Pala·

54 2895 125 2961 tino
142 2891 346 2978 filiuseius,
366 2888 509 2958 Mattbeo
524 2889 682 2974 Magistro
699 2888 964 2974 Tanaruicorum,
981 2888 1069 2975 Opor
1090 2889 1201 2972 Ways

54 3001 153 3089 uode,
171 2997 321 3068 dobauue
336 2997 427 3063 Bauo
444 2996 509 3065 lilio
524 2997 668 3084 Haurici,
685 3003 717 3063 et
733 2996 888 3080 Magistro
904 2996 998 3062 Petro
1015 2995 1102 3062 dieto
1116 2979 1189 3062 Bre-

53 3129 152 3198 rynn,
165 3113 288 3175 attente
297 3105 339 3172 de
349 3104 493 3172 salsitate
504 3103 825 3173 excausaverisimili
832 3101 1187 3188 ruminariiucipieudo,

53 3237 93 3283 ue
106 3215 234 3282 falsum
250 3213 284 3280 in
300 3209 504 3296 dispendium
521 3208 654 3279 honoris
670 3211 772 3278 nostri
789 3217 821 3277 et
837 3210 945 3277 anime
960 3207 1188 3286 detrimentum

51 3347 111 3414 pro
123 3345 207 3392 vero
217 3321 402 3410 recipiatur,
414 3326 585 3406 querentes
602 3318 644 3386 ab
661 3318 783 3403 eodem,
801 3318 879 3402 quid
895 3317 1004 3402 sigillo
1019 3313 1185 3403 priuilegij

50 3433 132 3502 Belo
152 3431 256 3516 Regis
272 3429 365 3497 uobis
381 3426 562 3514 presentati
588 3425 779 3511 occidisset;
796 3427 869 3512 ipso
885 3430 992 3490 auteur
1009 3428 1187 3504 asserente,

50 3539 142 3626 quod
170 3537 309 3604 Cumani
334 3555 431 3622 super
456 3534 586 3602 domum
611 3554 703 3602 suam
719 3534 885 3602 venientes
903 3535 936 3600 iu
951 3528 1186 3618 ligyhauaslser

51 3645 199 3716 eundem
209 3641 355 3722 occidero
371 3643 560 3727 voluisseut,
578 3641 699 3710 curiam
717 3661 808 3708 suam
826 3661 897 3708 cum
914 3639 1082 3708 totavilla
1102 3656 1184 3703 corn·

49 3751 392 3838 bussissent,acalias
401 3748 625 3838 possessiones
636 3769 714 3818 suas
724 3749 758 3814 in
774 3750 881 3816 vicino
896 3749 1021 3834 positas
1036 3745 1185 3813 omuibus
1326 3795 1327 3798 ,

48 3863 148 3932 bouis
177 3859 382 3947 spoliassent,
407 3858 533 3926 scilicet
556 3857 675 3942 Paean,
701 3856 826 3944 Ghaka,
842 3857 925 3924 Zeut
940 3853 1060 3922 Miklos
1076 3857 1110 3919 et
1125 3853 1186 3918 Bo·
1206 3849 1209 3852 ’

46 3969 206 4053 rumlak3
223 3975 256 4036 et
285 3987 356 4035 cunr
372 3965 451 4032 iude
467 3965 545 4050 iuge
561 3964 704 4051 presidio
720 3963 753 4030 in
770 3962 933 4048 quandam
949 3961 1187 4048 possessiouem

46 4099 148 4149 suam
170 4075 355 4144 Temerkeu
370 4081 520 4144 vocatam
537 4073 738 4159 accessisset,
754 4080 786 4140 et
802 4072 836 4138 in
851 4071 1025 4139 ecclesiam
1042 4061 1186 4135 oiirdem

45 4188 131 4258 ville
158 4187 290 4253 muana
319 4184 479 4270 plurimas
504 4181 631 4250 litteras
657 4188 689 4248 et
713 4179 888 4266 priuilegia
912 4179 946 4246 in
972 4175 1186 4245 foraminibus

44 4293 237 4380 sanctuarij
249 4290 488 4377 abscondisset,
499 4289 632 4357 taudem
643 4288 780 4355 Cumani
799 4292 1030 4374 persequentes
1038 4281 1185 4369 eundem,

44 4403 225 4472 eredentes
250 4399 285 4466 in
310 4397 450 4468 ecclesia
476 4397 680 4488 absconsum,
707 4394 886 4482 predictam
903 4393 1073 4462 ecclesiam
1100 4409 1184 4457 eoru-

43 4512 249 4598 bussissout,
275 4505 401 4576 duobus
418 4503 572 4574 iratribus
589 4503 657 4571 suis
672 4503 878 4590 patruelibus
893 4507 927 4570 et
940 4500 1018 4586 alijs
1032 4497 1182 4586 pluribus
1212 4493 1214 4498 ’

47 4617 256 4710 pauperibus
272 4617 340 4684 suis
361 4611 596 4698 jobagionibus
616 4609 741 4678 ‘ibidem
767 4605 981 4695 interemptis;
1007 4607 1078 4694 ipse
1094 4597 1203 4674 solus

90 4752 204 4794 ιιοιιυιι.
220 4750 303 4789 uuus.
319 4748 389 4786 uren.
408 4758 446 4770 -
465 4749 575 4785 onnon.
604 4741 639 4784 17.
978 4717 1021 4784 '25
