3140 5150
679 992 733 1058 93.

139 1193 171 1259 Α
202 1196 389 1262 bereazteaelr
428 1193 707 1280 ratkeafebtrudri
741 1193 963 1279 bonusatjauelr
995 1192 1271 1280 biaouyadylevete,

138 1307 223 1392 boqy
238 1305 417 1370 Poebuutui
432 1301 580 1371 sabran
598 1303 712 1369 Dobnu
726 1310 806 1366 uenit
812 1299 938 1387 futdjtt
957 1300 1086 1366 Dobrau‘
1099 1301 1272 1367 Demoleos-

609 1411 674 1476 nat
690 1409 806 1477 daura.

254 1607 371 1676 Fassio
388 1607 546 1675 Gabriani
566 1605 625 1674 filii
641 1605 745 1674 Jaeou
756 1606 797 1673 da
813 1604 982 1673 Poehnnta
1000 1624 1096 1690 super
1111 1608 1198 1672 terra
1214 1626 1273 1673 sna

138 1717 253 1783 Dobra
268 1717 303 1782 in
327 1715 490 1783 Comitatu
512 1714 552 1781 de
568 1714 674 1781 Volko
701 1711 879 1800 existente,
903 1732 1001 1796 quam
1018 1712 1175 1782 videlieet
1199 1713 1269 1799 ipse

140 1825 183 1892 ad
200 1823 416 1908 quantitatem
432 1842 490 1889 sex
507 1827 688 1888 aratrorum
704 1841 725 1886 a
740 1818 910 1888 Dominieo
933 1819 1001 1886 filio
1017 1819 1108 1902 Egue
1125 1819 1166 1886 de
1183 1818 1271 1884 dicta

139 1934 253 1999 Dobra
269 1931 419 2015 emisset,
449 1931 584 1997 Hernico
610 1929 676 1994 filie
702 1927 831 1995 Nicolai
857 1927 899 1993 de
918 1927 1146 2013 Urumyghan,
1171 1926 1271 1994 hodie

140 2027 378 2126 Orbmegyhaz,
398 2059 457 2126 pro
475 2041 516 2106 15
533 2037 652 2105 mareis
669 2037 711 2103 ad
725 2033 882 2104 haeredes
900 2035 1068 2104 masculini
1083 2055 1180 2104 sexus
1196 2057 1270 2122 per·

141 2147 304 2216 annaliter
320 2145 462 2232 vendita,
486 2165 597 2213 eoram
615 2133 782 2212 Cenvsntu
799 2143 1035 2211 Orusiferorum
1052 2142 1092 2209 de
1107 2144 1193 2210 Alba
1210 2143 1271 2211 sub

141 2251 347 2342 expeditoria
363 2253 513 2322 cautione
523 2253 704 2349 'celebrata
727 2253 824 2320 1275.
841 2252 908 2318 Sub
924 2251 1120 2318 authentico.

142 2435 175 2500 (A
189 2435 274 2488 budai
288 2435 342 2494 kin.
357 2437 470 2486 kamara
482 2430 671 2486 leubltartnak
684 2431 989 2500 lajstromkbnyueib613
1020 2447 1052 2483 aa
1074 2429 1192 2500 okmtny
1215 2447 1270 2483 ere·

448 2525 503 2576 deti
515 2520 652 2591 pbldtnya
671 2519 815 2592 zagrtbba
828 2521 960 2588 vitatett.)

601 2812 805 2825 ι-ιησ--ιο-

680 3271 735 3340 94.

140 3474 317 3540 Lucanum·
332 3473 507 3538 Isturtuuulr
531 3494 588 3558 eqy
605 3473 763 3538 lucamdni
787 3471 877 3535 tetbet
902 3469 1056 3556 trirqyuzri
1080 3465 1269 3554 admsduyb

286 3585 400 3647 adsum
415 3581 672 3648 bore-monostrui
690 3583 832 3666 updtsdq
850 3582 1007 3644 raumara.
1026 3580 1121 3647 1275.

247 3779 320 3862 Ego
336 3776 522 3864 Stephanus
543 3777 583 3844 de
603 3773 802 3844 Lutsehman
812 3774 901 3844 filins
917 3771 1119 3862 Stephanido
1134 3793 1194 3860 pro
1205 3795 1270 3842 me·

140 3883 244 3952 muria
259 3883 420 3952 uniuersis
436 3890 605 3970 presentes
619 3884 747 3951 litteras
757 3883 962 3971 inspecturis,
980 3881 1068 3966 quod
1084 3902 1145 3967 ego
1161 3883 1202 3950 ob
1218 3903 1269 3950 re·

140 3991 282 4058 medium
298 3990 494 4076 animemus,
510 3998 543 4058 et
554 3991 594 4063 ub
605 3989 827 4059 reverenciam
837 3990 981 4076 Virginis
992 3989 1151 4078 Gloriosa,
1168 4010 1267 4058 vnum

140 4119 288 4167 mansum
304 4099 338 4166 in
354 4099 434 4167 villa
449 4097 648 4166 Lutsehman
673 4099 771 4166 eitum
788 4098 864 4184 dadj
882 4099 1028 4167 Ecclesia
1043 4099 1148 4166 Beate
1163 4096 1269 4182 Virgi-

140 4207 191 4274 nis
207 4205 250 4275 de
276 4209 383 4274 Monta
400 4208 520 4275 Sancte
535 4206 639 4274 Maris
663 4227 735 4273 eum
755 4207 902 4274 omnibus
928 4206 972 4275 ad
987 4206 1093 4292 ipsum
1108 4205 1271 4294 pertinen·

140 4314 236 4401 tibus,
252 4315 409 4400 pomerio,
426 4335 515 4401 agro,
533 4320 565 4381 et
581 4314 740 4398 quidquid
756 4320 816 4402 est,
843 4312 930 4398 qnod
945 4314 990 4382 ad
1005 4313 1113 4399 ipsum
1130 4313 1271 4380 dinosci-

139 4429 191 4490 tur
205 4422 391 4508 pertinere3
415 4422 474 4490 tali
489 4422 678 4491 condicione
697 4421 871 4511 adiuncta,
898 4421 986 4507 quud
1007 4420 1269 4506 quandocunque

142 4530 205 4617 ipsi
224 4530 386 4618 Ecclesia,
402 4529 524 4600 Abbati
535 4531 659 4604 scilieet
674 4531 922 4622 veiconuentui
933 4539 1135 4622 tres-mareas
1151 4529 1273 4599 dedero
