3138 5164
812 925 890 994 329.

285 1159 522 1227 Akesamenai
540 1164 729 1246 materqami
753 1159 977 1247 korseeotp'daele
1008 1163 1275 1248 samurdatensis
1286 1211 1295 1244 ‚
1326 1165 1406 1250 hoyy

285 1269 504 1380 Huptpdzaa'n
520 1268 751 1354 aemzetse'pbeli
766 1270 921 1354 sempera
950 1293 1050 1336 eomes
1066 1293 1107 1334 aa
1125 1272 1313 1356 emtarpumi
1328 1271 1405 1355 iscip-

544 1375 697 1441 taiaaaal
711 1375 916 1442 hirtokoaerdt
930 1378 1037 1443 kdtdtt.
1059 1379 1157 1444 1287.

551 1575 582 1636 A
840 1572 867 1638 B
1114 1569 1140 1640 G
1187 1615 1189 1620 ·

392 1767 505 1832 Frater
520 1765 703 1833 Hermanus
719 1766 895 1850 Magister,
926 1773 958 1832 et
975 1748 1120 1833 uniuersi
1135 1767 1252 1835 fratres
1270 1768 1404 1856 Grueiie

288 1893 394 1940 rorum
412 1873 523 1939 Sancti
546 1871 703 1959 Stephani
718 1873 816 1956 Regis
831 1872 872 1938 de
897 1874 1062 1958 Strigonio
1072 1925 1081 1960 ,
1097 1875 1274 1959 uniuersis,
1292 1876 1404 1958 quibus

286 1987 451 2065 presentes
469 1977 690 2064 ostenduntur,
708 1980 848 2046 salutem
864 1979 898 2044 in
924 1979 1065 2046 omnium
1082 1982 1267 2067 saluatum,
1286 1982 1341 2064 qui
1357 1991 1404 2048 est

285 2087 476 2156 nerasalus.
493 2086 544 2152 Ad
561 2087 786 2153 uniuersorum
810 2087 962 2154 noticiam
988 2095 1099 2154 tenore
1114 2088 1211 2156 huius
1227 2089 1339 2174 seripti
1354 2109 1403 2152 ro·

285 2195 391 2262 lumns
404 2194 590 2279 peruenire:
606 2193 692 2277 quod
708 2195 822 2260 cenes
838 2195 1032 2278 Lamponius
1049 2193 1135 2261 iilius
1151 2196 1284 2263 Pazdan
1299 2197 1340 2262 de
1354 2215 1403 2279 ge-

285 2321 362 2368 nere
378 2301 618 2386 Hunthpaadan
634 2297 729 2388 (igy),
746 2297 789 2366 ad
804 2307 950 2367 nostram
966 2300 1053 2368 venit
1069 2320 1141 2368 eum
1158 2302 1324 2369 Gazmerio
1338 2303 1404 2367 filio

285 2427 344 2474 suo
361 2409 575 2492 presenciam,
600 2413 632 2473 et
646 2406 740 2474 nobis
756 2405 849 2492 dixit,
867 2407 955 2491 qnod
970 2408 1150 2492 particulas
1167 2409 1404 2494 possessionum

285 2535 418 2582 suarum
432 2514 466 2579 in
482 2515 703 2598 Bekasmeger
719 2521 795 2580 ante
810 2513 947 2600 Budam,
964 2515 998 2580 in
1008 2516 1150 2598 Dorogh,
1167 2522 1199 2580 et
1215 2516 1304 2582 Chen
1319 2517 1404 2582 iuxta

286 2622 374 2687 viam
391 2629 423 2688 et
439 2620 611 2690 Ciuitatem
642 2620 885 2706 Srigoniensem
917 2622 1065 2708 habitas,
1094 2622 1238 2691 dedisset
1257 2623 1404 2710 capitulo

284 2727 506 2813 Strigoniensi,
523 2736 679 2796 eteorum
695 2728 789 2795 nobis
814 2729 971 2796 eumenis
988 2729 1171 2815 priuilegijs
1196 2730 1340 2815 donauit,
1355 2749 1404 2794 eo-

284 2857 354 2903 ram
370 2836 517 2902 omnibus
534 2833 603 2902 suis
623 2833 852 2903 eommetaneis
870 2843 900 2900 et
917 2835 1091 2921 proximis,
1118 2843 1149 2901 et
1169 2857 1232 2902 non
1249 2835 1404 2902 contradi·

284 2943 430 3010 sentibus
447 2949 602 3028 perpetuo
619 2949 651 3008 et
674 2941 931 3009 irremeabiliter
961 2939 1176 3028 possidendas
1192 2949 1225 3007 et
1241 2942 1404 3008 tenendas.

286 3052 313 3116 Ε
330 3070 484 3118 oonuerso
500 3049 587 3116 idem
603 3047 787 3133 Capitulum
813 3046 877 3134 ipsi
894 3049 1009 3116 Oomiti
1023 3049 1198 3134 Lamperto
1218 3055 1251 3114 et
1266 3048 1331 3113 filio
1348 3067 1404 3114 suo

285 3157 420 3225 donauit
435 3155 595 3239 quoddam
612 3155 759 3240 predium
787 3174 879 3221 suurn
896 3154 999 3222 Raieh
1024 3175 1096 3222 eum
1113 3155 1239 3241 piscina
1254 3154 1287 3220 in
1310 3153 1404 3218 fluuio

288 3265 377 3330 Arna
393 3270 426 3330 et
456 3265 532 3349 alijs
548 3265 615 3330 suis
631 3263 847 3348 utilitatibus,
867 3261 951 3330 sieut
966 3262 1014 3330 eis
1046 3262 1195 3329 dominus
1212 3262 1322 3328 Endre
1338 3263 1404 3327 Rex

285 3369 430 3455 eontulit,
447 3368 594 3436 similiter
608 3376 765 3453 perpetuo
780 3367 849 3433 iure
864 3367 1162 3435 otirreuouabiliter
1177 3367 1404 3452 possidendum

285 3486 317 3542 et
332 3475 517 3562 tenendum,
532 3473 566 3540 in
582 3473 666 3540 tilios
682 3473 820 3540 filiorum
837 3480 869 3540 et
885 3472 1041 3540 heredum
1054 3494 1112 3560 per
1136 3474 1282 3541 heredes.
1309 3473 1402 3540 Cuius

288 3583 495 3670 priuilegium
511 3580 596 3648 idem
613 3581 797 3666 Capitulum
815 3600 923 3649 soram
939 3583 1032 3648 nobis
1043 3581 1148 3648 eidem
1165 3581 1353 3666 assignauit
1369 3583 1402 3644 ln

286 3689 376 3758 euius
392 3688 643 3776 permutacionis
659 3687 877 3756 testimonium
889 3695 996 3773 partes
1013 3707 1035 3754 a
1051 3689 1144 3756 nobis
1161 3689 1224 3755 sibi
1239 3694 1401 3772 presentes

286 3797 357 3865 dari
389 3798 614 3883 postularunt,
646 3803 679 3864 et
719 3815 778 3862 nos
810 3795 966 3862 suadente
997 3797 1127 3863 iustieia
1157 3793 1309 3861 duximus
1338 3813 1402 3859 eas·

285 3905 359 3970 dem
384 3902 619 3970 concedendas.
651 3901 780 3998 Datum
796 3901 829 3966 in
854 3899 978 3968 oetaeis
1008 3901 1129 3986 Pasoe,
1163 3922 1249 3968 anno
1279 3897 1400 3967 Domini

286 4011 654 4079 M⁰C⁰G⁰LXXX⁰VII⁰.

429 4201 480 4272 (Aa
494 4207 594 4260 eredeti
607 4204 671 4260 utin
685 4208 790 4271 Kusua,
804 4208 919 4272 Magyar
933 4207 997 4258 Sion
1007 4208 1059 4258 111.
1071 4208 1126 4258 lr'dt.
1138 4209 1203 4258 694.
1216 4207 1247 4274 i.)

740 4411 953 4424 m
