3124 5158
335 1148 399 1215 IV.
425 1149 541 1216 deald
564 1151 675 1235 lcirdly
688 1153 870 1236 meyerdsita'
884 1175 905 1218 α
919 1153 1107 1238 opilecipeti
1123 1153 1304 1239 cpdcsdkct
1323 1175 1343 1216 c
1358 1151 1447 1217 dodoi

440 1261 501 1323 oda
510 1255 767 1345 pleddoidjdock
785 1259 920 1344 kcpyacri
926 1263 1011 1346 jope
1030 1258 1228 1326 birtolcddco.
1256 1261 1349 1327 1279.

443 1451 617 1520 Lcdizlaus
648 1453 709 1518 Dei
750 1453 865 1540 gracia
890 1453 1074 1541 Hungarie,
1101 1453 1288 1539 Dalmacie,
1314 1452 1444 1536 (troanie,
1535 1463 1536 1474 ¹

336 1559 446 1645 Rome,
468 1557 598 1645 Serrdc,
622 1559 780 1646 Gallicis,
803 1559 1015 1648 Lodomerie,
1044 1561 1220 1646 domanio,
1244 1559 1448 1645 Bulgarieqoe
1535 1567 1536 1590 ³

337 1664 405 1732 Rex
421 1665 580 1732 uniuersis
597 1666 798 1750 presencium
815 1667 967 1736 noticiam
987 1668 1147 1738 habituris
1162 1668 1301 1738 salutem
1314 1668 1346 1734 ln
1360 1667 1447 1734 omni·

337 1791 390 1837 um
407 1773 584 1842 saluatorc.
607 1773 660 1840 Ad
675 1783 865 1862 perpetuam
885 1779 932 1844 rei
948 1777 1136 1844 memoriam
1157 1779 1302 1863 presenti
1317 1775 1447 1842 insinua·

338 1879 431 1947 cione
447 1879 600 1947 duximus
615 1878 857 1969 declarandum,
874 1902 934 1952 nos
950 1885 1113 1968 recepisse
1129 1891 1161 1952 et
1176 1883 1358 1970 inspexisse
1373 1880 1448 1948 litte·

338 2006 392 2054 ras
407 1987 629 2072 priuilegialcs
646 1988 811 2057 karissimi
828 1981 880 2058 aul
898 1993 999 2060 nostri
1023 1990 1104 2060 Bcle
1119 1990 1181 2057 Dei
1197 1990 1310 2075 gracia
1325 1987 1446 2056 condam

338 2091 477 2160 illustris
493 2095 593 2179 Regis
609 2095 778 2180 Hungarie
795 2099 829 2166 in
846 2099 952 2184 prima
968 2105 1000 2167 et
1015 2117 1095 2166 uera
1109 2098 1215 2184 figora
1230 2119 1295 2165 non
1312 2097 1447 2177 viciatus,

339 2219 403 2266 uon
418 2202 628 2291 cancellatas,
656 2223 716 2272 neo
732 2205 765 2271 in
781 2205 894 2290 aliqua
908 2207 959 2273 soi
974 2215 1068 2294 parte
1084 2206 1235 2292 abolitas,
1259 2206 1321 2273 sub
1337 2223 1408 2273 uero
1421 2208 1447 2267 ct

338 2309 499 2379 autentico
527 2311 632 2397 ipsius
657 2311 765 2398 sigillo
790 2313 927 2381 formam
956 2320 987 2381 et
1011 2320 1156 2383 tenorem
1181 2311 1345 2382 huiusmdi
1362 2308 1447 2376 conti·

338 2422 472 2483 nentes:

445 2523 527 2592 Bela
543 2524 604 2592 Dci
621 2527 736 2610 gracia
751 2527 918 2612 Hungarie
934 2527 995 2599 etb.
1016 2529 1086 2596 Rex
1104 2529 1165 2597 stb.
1184 2524 1390 2615 (lrtretlseails
1404 2518 1448 2588 Ill.

340 2627 420 2698 Bdla
444 2630 623 2715 kirtlynalr
657 2631 791 2703 ltus-ki
816 2633 1070 2722 privilegiuma‘,
1100 2634 1183 2704 mint
1206 2632 1357 2719 Fejtmel
1382 2628 1449 2699 Ood.

340 2736 497 2820 mpl1v.
515 2725 582 2803 iot.
603 2741 635 2804 2.
652 2758 677 2804 r.
698 2739 773 2806 320.
790 2737 830 2826 ι.)

447 2843 526 2910 Oum
542 2842 640 2930 igitur
655 2847 710 2932 pie
726 2846 925 2915 desiderium
946 2847 1145 2928 voluntatis,
1170 2853 1203 2914 et
1221 2845 1384 2916 laudondc
1397 2841 1447 2909 dii·

340 2949 500 3020 finicionis
516 2953 658 3020 intencio
674 2954 850 3038 Regalibus
869 2956 914 3023 sit
934 2954 1090 3042 subsidljs
1109 2953 1308 3041 adiuuanda,
1332 2961 1364 3022 et
1384 2969 1450 3018 coro

340 3060 383 3124 sit
397 3057 610 3126 sollicitudini
630 3059 743 3128 merito
754 3061 949 3149 adhibenda,
971 3069 1006 3131 ut
1022 3082 1061 3128 ea
1073 3081 1136 3147 que
1154 3083 1212 3148 pro
1228 3061 1338 3146 quiete
1353 3057 1450 3141 religi·

340 3183 397 3232 ose
412 3167 674 3236 conuersacionis
693 3175 767 3237 sunt
784 3168 924 3237 diffinita
934 3177 966 3237 et
976 3167 1139 3254 ordinata,
1159 3167 1346 3235 nullatenus
1360 3165 1451 3249 negli-

339 3279 475 3359 gantur,
500 3272 558 3341 sed
583 3275 695 3359 pocius
719 3276 832 3362 Regijs
848 3277 1005 3363 subsidijs
1019 3278 1228 3360 roborentur;
1254 3294 1313 3341 nos
1330 3271 1452 3358 premis·

340 3397 409 3444 sam
427 3379 678 3469 ordinacionem,
699 3383 949 3470 concessionem,
965 3384 1180 3452 donacionem
1196 3389 1228 3449 et
1243 3381 1453 3460 collacionem,

340 3503 422 3569 quas
439 3506 480 3552 ex
495 3487 648 3556 instinctu
664 3490 806 3572 quodam
826 3491 946 3558 Diuino
963 3511 1029 3559 non
1045 3498 1094 3559 est
1110 3489 1243 3558 dubium
1261 3487 1454 3572 processisse,

339 3593 566 3681 approbamus,
590 3595 798 3684 ratificamus,
816 3605 850 3665 et
865 3605 977 3683 gratas
993 3597 1161 3684 habentes,
1183 3593 1345 3682 presentis
1360 3587 1454 3659 nostri

340 3698 503 3786 priuileglj
520 3701 701 3787 patrocinio
719 3703 964 3790 communimus,
988 3723 1026 3772 eo
1043 3702 1251 3771 affectuosius
1268 3701 1377 3768 omnia
1391 3717 1453 3783 pre·

340 3805 441 3873 missa
456 3813 488 3872 et
504 3807 635 3893 singula
658 3793 865 3877 intendentes
885 3829 1098 3893 conseruare,
1123 3828 1187 3892 quo
1216 3808 1341 3875 cercius
1366 3802 1455 3872 ineis

340 3913 493 3980 Diuinam
510 3913 633 3999 placari
648 3914 780 3982 firmiter
800 3915 961 3984 credimus
977 3917 1193 3984 Maiestatem.
1217 3915 1261 3984 Vt
1279 3915 1379 3999 igitur
1394 3930 1456 3998 pre·

339 4018 441 4089 missa
456 4020 631 4108 ordinacio,
656 4019 803 4110 donacio,
821 4022 957 4091 collacio
973 4043 1031 4092 seu
1047 4021 1223 4108 disposicio
1239 4025 1311 4088 rate
1326 4027 1359 4087 et
1375 4019 1456 4085 firme

339 4129 374 4193 in
390 4134 553 4214 posterum
573 4137 779 4214 perseueret,
803 4129 980 4215 premissos
1006 4128 1233 4236 priuilegiales
1256 4126 1387 4196 litteras
1409 4119 1456 4189 coi

339 4234 440 4301 nostri
457 4235 593 4318 predicti
610 4237 650 4306 de
667 4237 765 4304 verbo
781 4235 825 4304 ad
839 4237 974 4306 verbum
990 4237 1128 4305 insertas
1144 4235 1362 4324 presentibus,
1388 4233 1458 4315 dup-

339 4339 436 4424 plicis
461 4341 562 4426 sigilli
588 4345 689 4414 nostri
715 4345 890 4412 munimine
915 4345 1066 4412 duximus
1091 4343 1303 4412 roborandas.
1345 4343 1457 4408 Datum

339 4454 372 4514 et
402 4455 509 4518 actum
542 4469 626 4518 anno
658 4451 790 4519 Domini
822 4453 995 4520 millesimo
1026 4449 1199 4519 CG⁰LXX⁰
1224 4470 1328 4535 nono,
1363 4441 1458 4530 Regni

339 4561 448 4624 autem
473 4558 576 4626 nostri
592 4579 676 4626 anno
694 4567 797 4628 serto.
968 4557 974 4564 “
