3146 5166
648 297 806 400 ..Q

157 492 226 559 suis
243 490 429 575 attinenoijs
447 490 596 558 omnibus
624 489 775 558 similiter
784 542 794 576 ‚
821 491 850 558 si
868 511 950 576 quaa
966 493 1072 561 babet.
1090 493 1288 563 Oondioione

157 605 265 664 tamem
290 597 477 664 huiusmodi
503 595 668 664 mediante
679 648 689 684 ,
714 603 750 664 vt
765 598 808 664 ab
825 601 971 667 omnibus
998 599 1220 682 questionibus
1238 623 1286 670 ra-

157 704 250 772 oions
265 703 652 790 prediotarumterrarnm
675 703 743 772 vilo
759 725 910 790 umquam
927 701 1071 792 tempore
1096 708 1287 792 sussoitatis,

157 818 224 879 tam
240 831 308 896 nos,
325 829 424 893 quarn
440 810 543 878 eoiam
574 811 661 878 idem
675 809 840 880 Adrianus
866 819 898 880 et
913 813 962 880 sui
986 815 1118 901 posteri,
1136 821 1286 884 tenemur
1320 831 1322 834 ·

157 925 268 987 mutuo
284 924 318 986 et
333 916 608 986 vicissitudinario
624 917 779 1004 expensis
804 919 944 1006 proprijs
961 927 994 988 et
1008 921 1176 990 laboribus
1192 941 1286 1008 expa-

157 1026 235 1107 dire,
253 1026 287 1092 in
302 1013 400 1111 plena
417 1024 624 1110 possessione
641 1035 674 1092 et
688 1024 800 1108 quieto
823 1032 936 1096 tenuta
951 1026 1169 1112 prediotarnm
1184 1034 1284 1107 terra-

155 1153 228 1200 rum
243 1151 304 1200 nos
330 1129 373 1196 od
398 1131 536 1197 inuioom
567 1136 807 1200 oonseruantes.
839 1133 925 1200 Etsi
942 1133 1027 1200 idem
1053 1132 1215 1201 Adrianus
1231 1133 1285 1200 uel

155 1238 206 1308 sui
222 1235 344 1323 posteri
359 1237 539 1323 predictam
555 1244 674 1304 terram
690 1239 777 1307 Keer
800 1245 1020 1326 nuncupatam
1036 1259 1190 1324 prooessn
1206 1245 1284 1305 tem·

34 1347 43 1372 ”
156 1347 248 1430 poris
265 1347 526 1430 quandocunque
541 1345 725 1413 vendicioni
756 1345 910 1414 duxerint
940 1347 1186 1432 exponendam,
1218 1367 1282 1413 non

158 1452 237 1536 alijs
255 1451 417 1520 extraneis
429 1450 634 1537 hominibus;
649 1472 713 1520 non
729 1449 845 1538 („sed“
857 1449 996 1540 belyett)
1013 1451 1107 1520 nobis
1122 1474 1182 1540 pro
1198 1453 1284 1522 iusto

155 1567 189 1626 et
204 1558 352 1642 legitimo
367 1557 477 1644 pretio
494 1577 551 1626 sev
567 1558 679 1626 ualore
693 1559 837 1626 uendere
852 1561 1054 1626 tenebuntur.
1070 1560 1105 1625 Si
1121 1579 1198 1629 vero
1215 1581 1274 1645 pre

158 1666 261 1734 iotam
278 1673 399 1733 terram
414 1667 500 1734 Keer
517 1684 577 1732 nos
594 1685 719 1752 emere,
738 1667 792 1734 nel
808 1666 853 1734 ad
868 1686 927 1736 nos
943 1673 1105 1735 remutare
1118 1688 1282 1736 reeusare·

154 1794 246 1858 mus3
263 1773 411 1858 prefatus
427 1770 590 1838 Adrianus
616 1779 648 1840 et
664 1773 715 1840 sui
740 1793 944 1842 suooessores
954 1824 964 1861 ,
990 1772 1031 1840 de
1045 1775 1129 1840 soitu
1147 1793 1282 1842 venera·

155 1879 233 1949 bilis
250 1879 354 1965 petris
371 1878 492 1946 domini
508 1878 609 1947 nostri
628 1879 823 1966 Lodomerij,
839 1879 959 1948 Divino
976 1879 1186 1948 miseracione
1202 1879 1282 1946 Stri-

110 1997 112 2000 ’
155 1985 323 2072 goniensis
336 1985 592 2072 Arohiepisoopi,
610 1986 666 2069 qui
681 1993 834 2075 nunoest,
851 1996 885 2055 et
900 2006 1122 2056 suceessorum
1138 2006 1279 2072 suorum,

153 2093 211 2178 qni
225 2114 284 2180 pro
300 2101 443 2179 tempore
453 2093 579 2178 ruerint,
589 2092 751 2161 vendendi
761 2143 770 2176 ‚
781 2094 961 2179 ouiounque
985 2093 1147 2162 voluerint
1156 2145 1166 2180 ,
1183 2093 1282 2160 babo·

153 2206 237 2270 bunt
251 2201 387 2270 liberam
404 2200 602 2268 facultatem.
618 2201 657 2266 In
673 2201 765 2267 ouius
780 2201 827 2266 roi
843 2200 1025 2268 firmitatem
1047 2201 1079 2268 ot
1094 2200 1281 2270 memoriam

154 2308 387 2394 sempiternam
404 2313 569 2393 presentes
584 2307 710 2374 litteras
726 2306 837 2390 sigillo
853 2315 964 2374 nostro
979 2305 1127 2374 dedimus
1144 2327 1281 2374 eommu-

153 2417 252 2482 nitas.
268 2417 390 2483 Datum
405 2435 462 2500 per
477 2433 594 2480 manus
610 2412 744 2480 disereti
759 2413 821 2480 riri
832 2413 981 2500 Magistri
999 2413 1155 2499 Cypriani
1171 2413 1279 2480 Eoole·

153 2524 203 2591 sie
219 2528 330 2590 nostre
345 2522 503 2607 hectoris,
528 2539 615 2588 anno
630 2519 763 2586 Domini
779 2517 891 2588 ΨΟΘ
908 2519 1128 2606 nonagesimo,
1146 2517 1279 2588 infesto

152 2633 373 2704 Pentecosten.

152 2826 188 2891 (Δ
201 2827 375 2880 koroutessk
388 2827 549 2892 eostorgami
562 2823 767 2889 lronventjdnsk
796 2825 907 2878 luitdlri
935 2820 1094 2886 dtiratdbdl,
1116 2819 1280 2876 mintaltbb

293 2917 353 2968 393.
367 2930 404 2966 su.
417 2930 442 2966 a.
455 2916 551 2966 Knaun
564 2910 684 2976 andon
706 2916 822 2981 Magyar
835 2913 900 2966 Sion
914 2915 963 2965 111.
977 2914 1034 2966 ket.
1050 2915 1109 2964 iob.
1122 2911 1153 2979 1.)
