3140 5150
448 267 859 389 ,ssw—.

196 483 265 549 Nos
280 481 455 550 Ladinleus
481 484 544 550 Dei
566 485 682 569 gracia
705 485 776 550 Rex
790 482 960 567 Hungarie
975 483 1036 550 stb.
1054 479 1220 570 (kdretke-

88 588 140 654 nik
155 589 213 654 IV.
231 589 347 658 Ltsnld
362 590 542 678 kirtlynak
562 590 698 661 mut-ki
714 589 996 677 adomtnylevele,
1021 590 1102 656 mint
1120 589 1221 657 allebb

91 698 164 763 118.
183 717 228 764 sz.
251 693 298 784 a.)
1001 737 1004 746 ·

195 805 267 873 Nos
282 803 383 890 igitur
396 805 592 890 peticionem
609 801 696 893 (lgy)
713 803 860 873 eiusdem
877 803 985 872 fratris
1001 801 1087 871 Petri
1103 803 1221 872 libera·

88 911 182 979 litate
198 911 301 996 Regie
316 919 507 999 annuentes,
540 912 689 999 prelatas
704 912 832 980 litteras
848 911 891 979 de
907 912 1007 978 uerbo
1023 909 1067 977 ad
1082 913 1219 980 uerbum

88 1021 234 1087 insertas
251 1019 443 1088 anctoritate
463 1023 667 1106 presencium
684 1019 834 1088 duximus
858 1016 1116 1108 confirmandas,
1141 1017 1220 1106 dup-

90 1126 188 1212 plicis
205 1127 322 1211 sigillli
345 1129 449 1196 nostri
464 1129 641 1197 munimine
657 1127 852 1201 roborando.
875 1130 961 1197 Mete
988 1135 1096 1196 autem
1114 1125 1219 1214 ipsius

88 1243 183 1322 terre,
207 1243 303 1321 prout
326 1237 359 1304 in
386 1236 505 1305 litteris
537 1235 682 1324 Capituli
705 1237 876 1324 Budensis,
902 1237 961 1304 sub
978 1255 1116 1319 qnorum
1131 1235 1219 1304 testi-

88 1343 197 1410 monio
212 1364 271 1432 per
287 1343 461 1412 discretum
477 1345 585 1412 uirum
601 1345 792 1431 Magistrum
818 1345 1002 1414 lohannem
1017 1340 1220 1429 Prepesitum

88 1450 239 1518 Ecclesia
254 1453 400 1518 eiusdem
416 1459 627 1521 memoratam
643 1453 809 1521 dominam
824 1449 996 1520 Elisabeth
1006 1469 1148 1519 sororem
1165 1472 1219 1518 no·

89 1565 191 1626 stram
207 1558 415 1627 karissimam
432 1559 466 1627 in
482 1562 683 1647 corporalem
708 1559 950 1648 possessionem
969 1557 1058 1625 dicte
1073 1563 1158 1626 terre
1173 1557 1219 1626 fe·

88 1669 192 1735 cimus
208 1667 378 1756 introduci,
404 1668 563 1736 contineri
589 1666 748 1754 uidimus,
772 1668 831 1736 hoc
852 1665 1219 1750 ordinedistingnntur:

87 1775 196 1842 Prima
226 1781 315 1842 meta
339 1775 453 1862 incipit
479 1797 501 1844 a
525 1783 618 1862 parte
642 1776 804 1862 orientali,
828 1777 883 1843 vbi
900 1771 1051 1841 (licuntur
1067 1791 1137 1841 esse
1153 1778 1219 1841 tres

88 1891 172 1950 mete
189 1891 293 1950 terrea
309 1890 341 1949 et
356 1885 501 1971 antique,
527 1888 717 1969 separantes
744 1903 811 1951 una
836 1903 858 1950 a
882 1888 970 1950 terra
992 1882 1129 1965 Neweg,
1152 1880 1221 1947 alia

88 1999 216 2059 eterra
242 1993 368 2080 Toxun,
391 1993 494 2060 tercia
518 2013 540 2059 a
564 1999 651 2060 terra
674 1992 884 2076 Tawarnuk3
908 1993 986 2058 hinc
1016 1987 1219 2076 procedendo

88 2119 202 2168 uersus
217 2099 386 2166 meridiem
412 2100 455 2167 ad
480 2107 601 2167 terram
631 2099 767 2168 Alherth
798 2107 874 2167 sunt
898 2118 957 2186 per
981 2095 1130 2166 ordinem
1160 2117 1220 2165 sex

88 2213 173 2274 mete
189 2214 313 2292 terree3
337 2215 370 2275 et
386 2207 431 2274 ibi
448 2207 667 2294 perueniendo
693 2208 737 2275 ad
761 2213 882 2276 terram
906 2204 1043 2275 Alberth
1059 2210 1135 2273 sunt
1151 2211 1220 2270 tres

37 2316 41 2324 '
88 2323 183 2401 mete,
209 2334 346 2399 quarum
361 2335 428 2381 una
443 2321 576 2401 separat
592 2335 612 2380 a
628 2321 716 2382 terra
732 2314 867 2402 Neweg,
893 2315 1001 2382 altera
1022 2333 1044 2379 a
1058 2320 1146 2382 terra
1161 2311 1217 2381 Al-

87 2421 192 2506 berth,
208 2421 310 2490 tercia
326 2443 347 2488 a
362 2419 451 2489 terra
466 2423 674 2506 Tawarnuk3
699 2421 774 2488 hinc
790 2421 895 2489 eundo
911 2422 954 2489 ad
970 2421 1108 2490 eandem
1124 2421 1218 2486 meri·

88 2527 257 2596 diunalem
283 2534 409 2616 partem
426 2536 503 2597 sunt
528 2530 754 2617 perordinem
780 2536 919 2614 quatuor
942 2538 1044 2616 mete;
1069 2534 1144 2616 post
1159 2529 1219 2596 hec

87 2639 183 2705 iuxta
198 2658 297 2706 unam
314 2637 401 2705 uiam
418 2645 494 2707 sunt
510 2645 576 2706 tres
595 2647 690 2724 mete,
714 2659 779 2705 una
798 2644 886 2706 meta
900 2637 979 2707 uille
995 2639 1103 2723 Wang
1113 2688 1123 2723 ,
1148 2639 1219 2705 alia

85 2753 172 2812 terre
186 2745 270 2834 Ded,
287 2745 388 2812 tercia
403 2750 488 2813 terre
502 2746 657 2831 Tamuk3
681 2747 758 2813 hinc
772 2747 857 2814 inter
872 2754 991 2815 terram
1007 2747 1080 2814 Ded
1096 2753 1128 2814 et
1141 2746 1219 2812 Tar·

85 2851 155 2918 nuk
171 2859 247 2919 suut
263 2852 326 2920 due
340 2860 445 2938 mete;
461 2853 538 2920 hinc
553 2853 658 2922 tendit
673 2873 785 2922 uersus
795 2853 1005 2943 occidentem,
1019 2855 1111 2920 iuxta
1119 2874 1219 2920 unum

86 2959 300 3028 monticulum
317 2961 411 3027 Patol
427 2968 503 3028 sunt
519 2968 586 3029 tres
601 2967 697 3047 mete,
713 2983 778 3028 vna
793 2960 1039 3047 villeWosyan,
1056 2961 1218 3028 aliaterre

85 3067 247 3155 Nicolay,
273 3069 376 3135 tercia
391 3075 477 3136 terre
502 3069 657 3152 'Parnuk3
695 3066 772 3134 hinc
797 3089 912 3155 pamm
937 3066 1142 3154 procedendo
1168 3075 1217 3134 est

85 3195 153 3242 una
168 3181 258 3242 meta
274 3180 359 3242 terre
373 3175 515 3263 Nicolay
530 3182 563 3243 et
578 3183 662 3244 terre
678 3174 814 3242 Tarnuk
829 3199 836 3260 ς
877 3174 953 3241 hinc
967 3176 1136 3261 paulisper
1144 3194 1216 3261 pro·

86 3280 235 3350 cedendo
251 3288 328 3348 sunt
344 3287 409 3349 tres
426 3289 521 3368 mete,
534 3301 600 3349 nna
616 3287 701 3348 terre
716 3281 868 3368 Nicolay,
894 3281 960 3349 alia
984 3287 1070 3350 terre
1086 3282 1215 3366 Toxun,

87 3393 193 3460 tercia
209 3399 295 3458 terre
310 3391 462 3475 'Parnuk3
488 3398 521 3458 et
545 3391 590 3460 ibi
606 3391 804 3459 terminatur.
839 3392 882 3457 Vt
906 3389 1007 3476 igitur
1030 3389 1218 3458 huiusmodi

86 3499 281 3569 donacionis
298 3505 331 3566 et
346 3499 603 3568 confirmacionis
629 3505 738 3567 nostre
762 3499 864 3566 series
883 3499 979 3566 robur
997 3504 1153 3585 perpetue
1167 3499 1218 3565 fir·

85 3607 211 3675 miletis
228 3606 384 3694 optineat,
414 3614 583 3693 presentes
608 3608 829 3675 concessimus
854 3605 982 3675 litteras
999 3604 1163 3693 dupplicis
1179 3605 1220 3674 si·

85 3713 157 3800 gilli
185 3713 293 3782 nostri
317 3714 493 3781 munimine
519 3715 697 3783 roboratas.
721 3715 844 3780 Datum
864 3734 923 3800 per
937 3731 1054 3782 manus
1069 3711 1219 3796 Magistri

84 3822 210 3890 Thema
226 3821 261 3888 in
279 3821 484 3906 Prepesitum
501 3821 678 3890 Albensem
694 3820 799 3889 illecti
823 3823 900 3889 aule
916 3827 1027 3894 nostre
1041 3819 1218 3887 vice-Gan-

84 3928 210 4015 oellnrij
240 3928 353 3996 dilecti
370 3937 401 3996 et
417 3927 522 3998 fidelis
546 3928 659 4016 nostri,
682 3948 769 3997 anno
788 3929 919 3997 Domini
934 3924 1153 3995 M⁰GO⁰LXX⁰
1168 3943 1218 3992 se·

85 4039 196 4125 ptimo,
215 4037 322 4123 Regni
337 4043 446 4105 autern
461 4038 564 4106 nostri
581 4058 666 4106 anne
683 4043 788 4106 sexto.

84 4219 223 4284 (Eredetie
249 4215 425 4284 bdrhlrtylm
444 4219 627 4272 asold-rdrtls
651 4215 877 4285 selysmasindron
901 4215 1012 4284 tuggon
1035 4208 1127 4279 pecata
1140 4211 1216 4263 elve-

342 4313 425 4372 suett;
447 4323 464 4361 a
476 4308 561 4364 brudei
573 4308 624 4361 kir.
638 4309 764 4362 kannensi
777 4301 968 4372 levdltdrbau.)

548 4549 760 4570 m
