3118 5158
316 911 494 978 Avnsocira'
517 909 739 995 triptotam
763 905 1037 995 biaonyartpleoele,
1061 911 1145 996 bopy
1164 911 1313 976 mano
1330 919 1442 975 meotes

316 1019 385 1086 toto
403 1016 658 1105 Apntbaalonyoi
681 1016 838 1080 semema
864 1015 952 1079 Ram
974 1023 1054 1079 raevli
1079 1015 1269 1082 &notabere
1293 1019 1443 1103 bizonyos

628 1123 813 1188 birtolertszt
828 1123 1009 1208 dteapedett.
1036 1127 1133 1191 1274.

424 1309 493 1390 Nos
503 1317 687 1406 capitulum
702 1318 848 1386 Enalosie
864 1318 976 1386 Sannti
993 1316 1163 1385 Michaelis
1180 1317 1221 1386 de
1237 1317 1355 1387 (taetro
1369 1319 1444 1387 Fer·

318 1448 373 1498 reo
390 1448 447 1514 per
462 1433 632 1512 presentes
648 1426 777 1496 litteras
793 1425 907 1492 damus
924 1445 984 1510 pro
1000 1427 1166 1511 memoria,
1183 1427 1271 1510 qnod
1286 1427 1444 1512 Magister

318 1537 466 1604 Drnalon
491 1535 577 1603 iilius
601 1533 736 1602 Drunlai
761 1555 802 1602 ex
819 1555 884 1601 vna
908 1541 1013 1622 parte,
1037 1536 1163 1601 Roman
1182 1533 1271 1602 filius
1291 1533 1444 1621 Hungud,

318 1642 455 1728 Egltiius
484 1641 570 1710 illins
600 1645 709 1726 Emsa,
739 1642 863 1708 Paulus
894 1642 981 1710 filins
1012 1641 1178 1727 Stephani,
1209 1643 1326 1708 Petrus
1357 1641 1445 1708 lilius

319 1751 438 1836 Bensa,
462 1747 651 1818 Ambrosius
669 1749 754 1816 filius
769 1750 908 1834 Tywan,
932 1748 1079 1834 Lopreob
1104 1749 1193 1816 filius
1208 1748 1396 1832 Clementis,
1414 1755 1447 1815 et

319 1856 445 1942 Syousd
469 1855 555 1923 lilios
581 1855 695 1924 'l'beke
718 1855 842 1924 nobiles
868 1843 909 1922 de
934 1854 1179 1941 Apathunlraya
1203 1875 1313 1940 prose
1338 1864 1373 1923 et
1388 1875 1445 1940 pro

319 1973 388 2032 tota
404 1962 618 2048 generatione
642 1984 704 2031 sna
713 2013 722 2049 ,
745 1967 881 2049 exoepto
896 1963 1034 2030 Nieolao
1050 1963 1116 2031 lilio
1132 1963 1294 2031 Theodori
1319 1971 1352 2030 et
1368 1963 1447 2029 filiis

319 2071 387 2138 suis
403 2091 444 2138 ex
460 2071 575 2158 altera,
589 2090 699 2138 eornm
714 2068 808 2136 nobis
824 2069 999 2154 constituti,
1013 2067 1098 2136 idem
1114 2070 1270 2154 Magister
1281 2071 1447 2137 Dnruulou

320 2185 437 2244 terram
463 2176 506 2244 ad
522 2197 599 2244 usus
625 2176 763 2244 duorum
778 2182 959 2243 aratrorum
978 2175 1193 2244 sufficientem
1212 2179 1305 2244 iuxta
1320 2196 1447 2244 mensn-

321 2305 391 2352 ram
405 2285 511 2369 Regni
534 2287 749 2370 approbatam
769 2285 905 2351 interra
926 2305 986 2351 sua
1004 2285 1084 2351 itum
1101 2292 1228 2371 vocata,
1246 2285 1370 2352 eollata
1385 2285 1450 2352 sibi

321 2392 487 2460 adomino
502 2399 613 2459 nostro
637 2391 756 2459 illustri
780 2379 869 2474 Rege
888 2391 1053 2478 Ladizlao,
1079 2398 1115 2458 ut
1130 2391 1289 2476 dioebant,
1317 2392 1449 2459 rasione

321 2499 539 2586 eognnoionis,
564 2498 855 2582 consanguinitatis
873 2505 905 2566 et
920 2497 1092 2567 affinitatis
1107 2499 1199 2567 dedit
1214 2497 1339 2566 eisdem
1355 2499 1449 2566 nobi-

322 2607 408 2673 libus
442 2628 463 2672 a
486 2613 578 2691 parte
603 2611 688 2673 terre
723 2605 907 2674 eorundem»
924 2607 967 2673 ab
992 2605 1158 2673 nonidente
1193 2604 1449 2693 progrediendo,

322 2733 422 2796 penes
437 2720 556 2780 terram
574 2713 734 2780 Gothardi
747 2713 805 2797 filij
816 2713 910 2780 Pauli
926 2715 1119 2801 complendo
1135 2735 1194 2801 per
1209 2714 1449 2800 longitudinem

322 2841 423 2904 usqne
440 2841 590 2906 magnam
616 2827 753 2888 stratam
777 2839 891 2887 uersus
916 2821 1072 2888 orientem
1097 2824 1166 2889 inr'e
1190 2827 1348 2908 perpetuo
1375 2845 1450 2908 pos·

322 2929 490 2997 sidendam
507 2929 565 3012 ita,
580 2935 616 2994 vt
632 2928 727 3012 lapsu
743 2927 897 3013 temporis
913 2947 974 2994 neo
989 2928 1097 2996 diotus
1114 2928 1268 3013 Magister
1284 2930 1451 2995 Druulaus
1543 2997 1544 3004 χ

322 3057 379 3103 sen
403 3035 537 3120 eognati
561 3034 602 3100 de
619 3053 680 3100 soa
695 3034 784 3100 linea
808 3031 1102 3102 oondesoendentes
1128 3034 1304 3119 predistam
1324 3043 1453 3103 terram

323 3141 456 3209 deornm
473 3148 653 3208 aratrorum
669 3141 780 3208 datam
800 3139 896 3208 dietis
922 3142 1085 3209 nobilibus
1105 3148 1255 3226 poterunt
1273 3161 1453 3227 reuocare;

324 3273 342 3317 e
367 3267 523 3316 conuerso
540 3269 601 3315 nee
627 3248 723 3333 ijdem
749 3247 878 3315 nobiles
895 3249 983 3316 ultra
1008 3249 1082 3331 ipsa
1097 3247 1160 3314 duo
1187 3255 1297 3314 aratra
1325 3249 1455 3316 dietum

323 3357 514 3439 magistrum
524 3355 701 3421 Druzlaum
714 3361 772 3421 aut
788 3371 864 3422 snos
876 3354 1074 3440 propingnos
1090 3360 1240 3440 poterunt
1256 3357 1451 3440 molestare;

323 3472 356 3530 et
371 3465 399 3528 si
415 3483 512 3547 quam
526 3463 674 3546 pareium
690 3463 863 3529 molestare
883 3467 1122 3548 attemptarent,
1147 3469 1223 3528 ante
1239 3462 1305 3529 litis
1322 3465 1460 3546 ingres-

323 3591 394 3638 sum
411 3571 495 3654 parti
511 3569 605 3634 alteri
620 3569 654 3636 iu
669 3571 772 3636 tribue
789 3569 905 3635 mareis
923 3569 1098 3652 tenebitur,
1119 3568 1179 3634 boo
1196 3577 1229 3635 et
1244 3571 1458 3656 interposito,

323 3676 409 3761 qnod
439 3678 466 3743 si
498 3676 755 3762 quandocunque
795 3684 861 3743 tam
891 3677 997 3762 ipsum
1032 3676 1224 3761 Magistrum
1255 3678 1460 3766 Drunlaum,

323 3807 420 3871 qnam
445 3785 588 3869 prefatos
613 3784 739 3852 nobiles
764 3804 865 3852 eausa
892 3805 989 3869 snper
1016 3785 1101 3851 laeto
1124 3791 1208 3851 terre
1224 3787 1304 3850 Rom
1320 3787 1461 3852 inueni-

322 3899 402 3976 rent,
417 3899 565 3959 tenerent
580 3912 616 3958 se
631 3891 665 3958 in
681 3893 871 3959 alterutrum
890 3892 994 3958 modis
1013 3893 1160 3959 omnibus
1177 3893 1348 3978 adiuuare;
1376 3914 1466 3978 pars

324 4020 409 4084 vero,
435 4019 497 4083 qne
521 4002 554 4066 in
581 3998 641 4066 boo
668 3999 838 4082 negligens
865 3999 1009 4066 extiterit
1038 4001 1071 4066 in
1088 4002 1193 4068 tribus
1218 4003 1338 4067 mareis
1364 4005 1468 4087 parti

325 4107 419 4174 alteri
434 4107 625 4174 subiacebit.
659 4109 780 4173 Datum
797 4106 830 4173 in
846 4107 1012 4190 quindena
1027 4109 1258 4176 Pentheoostes
1276 4127 1362 4174 anno
1385 4130 1469 4194 gra-

324 4213 374 4279 oie
392 4213 561 4280 millesimo
582 4213 753 4286 bonnm
771 4222 897 4298 quarto.

324 4375 435 4440 (Ugyen
458 4371 595 4426 arasslrl
617 4370 747 4440 klptalan
762 4376 840 4425 1328.
865 4377 1029 4444 ,innotatis
1053 4375 1174 4427 l’asohe‘
1202 4377 1360 4440 „Johennes
1385 4378 1471 4432 lilius

323 4463 403 4514 Penii
417 4464 451 4513 de
463 4461 598 4513 Tbeutus¹¹
612 4459 761 4512 kbrelmere
773 4461 880 4514 leaenis
895 4460 1051 4526 itiratabbl,
1062 4464 1188 4530 melynelr
1201 4465 1322 4516 eredetie
1338 4481 1355 4516 a
1365 4465 1473 4534 Rumy

323 4547 629 4610 meliorationibus,
652 4547 782 4601 mieolntn
803 4567 820 4601 a
833 4567 948 4617 magyar
960 4553 1100 4604 academia
1114 4549 1283 4605 irattlrlban
1297 4555 1473 4627 briatetilt.)
