3126 5150
73 1015 88 1073 l
94 1010 123 1074 V.
148 1011 262 1075 Lu‘sald
277 1011 454 1094 icit-dlyaak
471 1033 491 1073 a
511 1009 606 1074 Zulua‘
622 1011 741 1072 odrboz
761 1005 883 1072 tortozd
901 1006 1048 1092 biaonyoa
1056 1006 1198 1092 foldetmt

73 1119 220 1202 turggozo
246 1118 430 1202 adomduyu
450 1115 557 1181 Otium·
576 1121 606 1180 e'o
625 1114 770 1180 Habora
779 1165 789 1196 ,
815 1113 1022 1200 Gerpeiyfiut'
1038 1118 1197 1178 statuero.

585 1225 682 1289 1273.

173 1436 350 1504 Ladizlaus
382 1437 443 1502 Dei
477 1438 591 1520 gracia
623 1436 811 1520 Huugarie,
836 1433 1024 1518 Dalmatia,
1052 1431 1196 1515 Oroaeie,

72 1546 175 1630 Reme,
198 1542 311 1610 Seruio
320 1597 330 1630 ,
355 1543 513 1627 Gallicio,
538 1541 749 1627 Lodomorie,
776 1540 952 1626 Cumanis,
977 1538 1197 1622 Bulgarieque

75 1653 139 1716 Rex
156 1651 306 1717 omnibus
316 1655 484 1733 presentes
500 1653 629 1717 litteras
641 1650 836 1734 inspecturis
852 1649 991 1716 salutem
1007 1646 1040 1712 in
1054 1643 1197 1712 omnium

73 1759 239 1824 saltatore.
263 1757 335 1823 Juri
352 1763 606 1825 consentaneum
624 1764 656 1824 et
671 1755 807 1840 equitati
823 1775 1001 1840 congruum
1017 1752 1193 1838 inuenitur,

74 1870 105 1930 ut
120 1867 239 1950 Regum
264 1865 448 1930 liberalitas
473 1885 602 1932 suorum
628 1862 753 1931 meritis
779 1861 996 1930 subiectorum
1020 1857 1126 1942 dignis
1146 1878 1197 1924 re·

74 1971 227 2054 spondeat
252 1972 436 2058 donatiuia,
471 1977 507 2036 ut
531 1971 649 2037 nedum
679 1969 743 2054 ipsi
767 1968 981 2036 fidelitatibus
1017 1967 1196 2033 adhereant

73 2078 260 2164 indefessis,
293 2100 403 2145 verum
432 2080 536 2146 eciam
562 2081 620 2162 aiij
650 2097 761 2145 eornm
789 2080 935 2161 exemplo
962 2076 1003 2142 ad
1028 2073 1196 2141 fidelitatis

75 2203 168 2267 opera
184 2184 306 2252 sorcius
325 2186 553 2253 accendantur.
578 2184 722 2251 Proinde
741 2183 784 2250 ad
799 2184 1024 2251 uniuersorum
1040 2181 1194 2248 noticiam

73 2296 134 2353 tam
149 2293 352 2376 presencium
379 2313 477 2376 quam
502 2293 680 2358 futurorum
705 2291 821 2358 harum
847 2292 933 2356 serie
957 2289 1105 2356 nolumus
1124 2308 1194 2374 per-

75 2397 190 2484 uenire,
216 2399 302 2482 quod
318 2400 525 2466 attendentes
549 2400 687 2465 eximias
711 2399 889 2464 fidelitates
916 2405 949 2464 et
964 2397 1196 2464 immensorum

74 2505 278 2574 scrutatorum
307 2508 502 2591 obsequiosa
518 2507 634 2574 merita
650 2505 786 2590 Oliuerij
814 2511 847 2572 et
870 2504 1030 2572 Herbordi
1057 2504 1194 2570 filiorum

74 2611 216 2697 Gregorij
235 2614 381 2681 fidelium
397 2623 588 2700 nostrorum,
606 2635 669 2698 que
684 2614 787 2698 ijdem
803 2615 897 2680 nobis
915 2621 945 2680 et
961 2612 1084 2679 Corone
1093 2613 1195 2696 Regis

73 2720 102 2784 in
126 2720 264 2788 diuersis
301 2721 567 2807 expeditionibus
591 2725 695 2807 Regni
731 2725 855 2810 nostri,
892 2729 923 2786 et
949 2720 1136 2806 specialiter
1160 2721 1196 2785 iu

73 2825 227 2892 'lentenia
244 2831 304 2896 sub
321 2837 431 2895 castro
446 2831 611 2896 Furustun
627 2837 811 2915 nuncupato
821 2880 829 2914 ,
853 2849 925 2895 oum
944 2828 1075 2894 Matheo
1092 2827 1193 2910 Bono,

73 2934 366 3018 contumacium,
392 2944 423 3004 et
440 2937 564 3004 Gemite
580 2937 732 3004 Johanne
756 2935 825 3002 filio
841 2935 975 3000 Henrici
990 2935 1075 3000 Bani
1092 2933 1196 3000 fidoli·

72 3040 126 3106 bus
141 3041 325 3110 Batonibus
342 3045 481 3130 nostris,
507 3045 563 3128 qui
589 3044 628 3110 de
643 3050 755 3110 nostro
775 3043 930 3110 mandato
956 3041 1077 3108 ibidem
1094 3041 1193 3106 deua-

73 3151 227 3216 stacioneu
246 3151 508 3236 committebant,
535 3153 590 3219 ubi
607 3153 708 3217 eciam
728 3151 829 3217 frater
848 3151 990 3235 ipsorum
1008 3147 1143 3231 Oliuerij
1162 3155 1195 3213 et

72 3251 222 3322 Herbordi
257 3259 388 3327 nomine
413 3260 557 3328 Thomas
582 3261 721 3327 uiriliter
748 3255 931 3325 dimicando
966 3256 1072 3322 extitit
1096 3255 1194 3321 inter-

75 3370 208 3448 emptus,
232 3364 445 3434 landabiliter
479 3367 710 3453 impenderunt
737 3365 873 3433 fideliter
898 3384 937 3430 ao
964 3364 1099 3446 deuote,
1133 3381 1194 3428 nos

72 3467 247 3538 huiusmodi
265 3474 410 3557 gratuita
425 3475 565 3542 seruicia
590 3475 809 3562 prefatorum,
835 3480 868 3538 et
884 3472 960 3557 alia,
986 3478 1194 3556 quapropter

74 3578 115 3641 sui
130 3581 353 3664 prolixitatem
379 3584 525 3650 enarrari
554 3583 767 3650 obmittantur
792 3602 850 3668 per
865 3580 997 3664 singula
1013 3598 1071 3647 suo
1087 3576 1192 3663 modo,

74 3682 102 3748 in
125 3689 313 3754 memoriam
339 3698 551 3774 reuocantes,
586 3691 618 3755 in
646 3689 822 3772 aliqualem
858 3685 1193 3774 recompensacionem

72 3793 277 3862 berniciorum
303 3795 494 3882 eorundem,
519 3805 551 3864 et
575 3798 763 3865 effusionem
778 3796 958 3886 ,sanguinis
983 3814 1041 3862 seu
1057 3799 1194 3860 mortem

73 3898 131 3964 iam
146 3901 223 3968 dieti
238 3904 374 3988 Thome,
396 3905 599 3990 benignitate
615 3905 719 3989 Regia
742 3908 965 3988 occurrentes,
990 3902 1067 3967 licet
1091 3899 1192 3965 maio-

74 4007 157 4075 ribus
174 4009 265 4096 digni
281 4010 498 4097 haberentur,
524 4019 557 4079 et
581 4019 693 4080 nostre
718 4013 762 4078 sit
776 4010 990 4093 intencionis,
1016 4005 1097 4092 ipsis
1121 4007 1193 4072 loco

73 4119 100 4178 et
114 4121 257 4204 tempore
281 4119 510 4204 impocioribus
534 4117 715 4206 prouidere,
740 4115 904 4203 quandam
920 4133 1058 4182 vacuam
1074 4121 1194 4180 terram

74 4219 172 4289 Castri
197 4224 405 4293 Zaladieusis
440 4227 482 4292 ad
506 4247 600 4294 usum
625 4227 721 4292 trium
756 4231 936 4290 aratrorum
965 4220 1190 4306 sufficientem,

73 4332 251 4416 contiguam
276 4337 363 4400 terre
388 4354 516 4419 eorum,
542 4353 640 4421 super
668 4353 732 4416 qna
756 4329 920 4418 quondam
939 4329 1057 4412 Hegun
1084 4335 1117 4393 et
1141 4327 1196 4394 sui.

71 4440 195 4523 cognati
209 4445 331 4508 castres
347 4437 431 4529 (lgy)
448 4441 658 4509 Zaladienses
673 4439 880 4522 residebant,
905 4442 1001 4523 prout
1016 4437 1077 4503 beo
1092 4435 1188 4502 nobis

71 4565 125 4628 per
148 4547 275 4616 litteras
300 4545 420 4632 prefati
435 4547 595 4618 Jobaunis
611 4548 744 4617 Comitis
759 4543 965 4614 Zaladieusis
992 4563 1030 4610 eo
1047 4547 1197 4626 tempore
