3138 5164
691 877 771 949 388.

158 1076 219 1141 IV.
236 1076 354 1142 Laudo
368 1076 479 1160 latratu
495 1097 517 1137 a
534 1074 726 1160 aydlsae'qeti
740 1077 926 1160 apdezcikat
951 1078 1162 1144 birloleaicbura
1191 1103 1290 1168 meye-

614 1184 719 1247 renitet
739 1182 836 1248 1288.

268 1393 336 1460 Nos
350 1392 527 1460 [ladizlaus
543 1393 605 1458 Dei
622 1394 735 1476 gracia
750 1396 821 1460 Rex
836 1394 1003 1478 Hnngarie
1028 1393 1181 1462 memorie
1206 1415 1289 1461 oom-

157 1499 352 1565 mendantes
368 1498 589 1582 signifieamns
605 1499 721 1581 quibus
738 1499 871 1584 expedit
887 1501 1056 1585 uniuersis,
1068 1501 1154 1584 quod
1165 1521 1226 1568 nos
1243 1503 1286 1567 ad

158 1601 354 1688 petibionem
380 1612 413 1670 et
436 1603 630 1672 instanciam
654 1605 776 1672 domini
801 1606 935 1690 Zawisij
962 1589 1064 1674 Duois
1090 1607 1130 1672 de
1158 1607 1289 1694 Opanis

158 1709 328 1778 karissimi
343 1709 471 1793 generis
487 1706 573 1797 (igy)
590 1711 703 1796 nostri,
722 1719 753 1776 et
781 1709 910 1778 domine
935 1711 1103 1779 Elisabeth
1130 1713 1288 1780 oonsortis

158 1817 306 1883 eiusdem
321 1817 442 1884 sororis
458 1823 566 1883 nostre
581 1815 767 1900 karissime,
785 1816 955 1883 vninersas
981 1817 1204 1901 possessiones
1231 1841 1287 1886 no·

158 1923 272 1990 billum
288 1922 491 1996 dominarum
507 1924 577 1989 Deo
589 1923 713 2006 jugiter
728 1922 963 1988 famulaneinm
980 1923 1022 1988 de
1047 1925 1161 1990 Insula
1186 1915 1305 1992 Beate'

159 2030 315 2116 Virginis,
329 2029 426 2095 uillas
442 2028 576 2114 seilioet,
592 2029 715 2114 vineas,
733 2029 956 2098 molendinum
966 2035 999 2096 et
1015 2029 1159 2113 pallacis
1169 2028 1210 2096 de
1226 2031 1286 2100 Ga·

157 2135 355 2222 lidisAqnis,
372 2155 411 2200 ae
426 2135 685 2220 ipsaminsnlam
696 2136 796 2202 Beate
807 2135 951 2218 Virginis
971 2154 1043 2202 oum
1053 2135 1200 2204 omnibus
1212 2157 1283 2222 per·-

158 2243 312 2326 tinenoijs
321 2241 495 2308 earundem
506 2243 626 2324 ubique
634 2243 668 2308 in
679 2244 792 2326 Regno
813 2247 923 2310 nostro
948 2240 1173 2327 existentibus,
1192 2243 1289 2310 simul

159 2369 231 2414 oum
242 2350 362 2416 tributo
373 2349 435 2416 iori
452 2369 510 2416 seu
520 2356 610 2434 porte
621 2349 725 2416 Casiri
739 2348 909 2434 Bullensis,
919 2355 1187 2433 prostanteapro
1204 2349 1284 2434 ipsis

157 2453 353 2522 dominabus
369 2455 455 2540 exigi
470 2461 702 2538 consueuerat3
720 2455 920 2521 reddidimus
938 2459 969 2520 et
993 2454 1194 2522 restituimus
1220 2454 1282 2521 eis·

158 2560 233 2626 dem
248 2561 411 2626 nobilibus
428 2561 630 2646 dominabus,
647 2569 679 2626 et
695 2581 754 2644 per
771 2581 827 2628 eas
844 2559 1040 2628 Monastorio
1056 2559 1157 2628 Beate
1173 2561 1281 2645 Virgi-

158 2667 211 2733 nis
227 2675 383 2752 perpetuo
403 2667 619 2752 possidendas
636 2668 759 2752 pariter
775 2676 808 2733 et
822 2667 1001 2748 tenendas;
1019 2685 1129 2734 omnes
1154 2667 1282 2734 litteras
1335 2725 1346 2744 ,

158 2781 192 2840 et
207 2773 428 2854 instrumenta,
444 2775 471 2839 si
487 2790 551 2855 que
565 2773 600 2837 in
615 2773 812 2839 eontrarium
828 2793 924 2857 snper
941 2772 1028 2838 teoto
1039 2773 1283 2856 possessionum

158 2879 318 2944 dictarum
334 2878 491 2944 nobilium
507 2878 711 2944 dominarum
726 2893 786 2962 pro
803 2880 913 2960 aliquo
930 2899 970 2948 ex
986 2878 1189 2964 partenostri
1213 2897 1283 2964 pro
1367 2885 1378 2894 '

157 2986 343 3068 cessissent,
360 2986 554 3051 auctoritate
570 2986 772 3070 presenoium
789 2991 989 3054 rouooantes.
1000 2985 1120 3051 Datum
1131 2983 1285 3070 Strigonij

156 3091 303 3156 Sabbato
319 3089 467 3175 proximo
493 3095 567 3176 post
591 3091 773 3173 quindenos
798 3093 1016 3176 Pentecostes,
1043 3109 1129 3156 anno
1154 3090 1287 3156 Domini
1390 3181 1395 3186 Ι

157 3195 280 3262 M⁶CC⁰
296 3198 517 3278 octuagesimo
532 3205 660 3263 octauo.

157 3391 315 3458 (Zeigmond
335 3390 482 3458 kirtilynak
498 3392 609 3443 llas-ki
623 3390 781 3454 eitiraldbbl
796 3394 867 3458 nuely
880 3393 994 3458 papiron
1005 3391 1064 3442 kelt
1088 3387 1181 3454 ,Bude
1194 3394 1224 3442 in
1240 3393 1284 3442 die

157 3483 363 3547 Rogaoionum⁸
380 3498 393 3531 s
404 3481 506 3545 melyet
517 3479 579 3532 kent
592 3481 756 3548 ‚religiosus
768 3484 811 3531 vir
825 3485 909 3533 frater
922 3465 1033 3531 cosmas
1046 3478 1158 3529 Ordinis
1184 3479 1280 3530 Sancti

153 3571 293 3620 Dominiei
315 3571 390 3620 Prior
404 3569 524 3620 Claustri
536 3571 621 3620 Beate
633 3571 758 3636 Virginis
771 3571 804 3621 de
817 3571 911 3621 Insula
924 3571 1060 3633 Leporem
1074 3568 1230 3619 nominibus
1255 3570 1281 3618 ei

149 3660 181 3707 in
198 3660 323 3722 personis
348 3657 536 3724 religiosarum
550 3657 717 3708 dominarum
730 3659 975 3709 sanctimonialium
991 3657 1110 3708 eiusdem
1124 3656 1245 3708 claustri
1256 3657 1279 3717 ς·

382 3763 384 3768 ’
461 3746 573 3798 abudai
587 3747 638 3796 kir.
652 3747 774 3798 mersi
788 3745 978 3810 leveltdrban.)
