3140 5150
801 321 963 418 ..ιι-6.
1073 407 1075 412 ,

845 799 921 867 lat.

318 979 349 1046 Α
365 981 551 1047 keresztesele
560 982 1065 1069 azabeofebdrvdrileoooentjeisele
1075 983 1351 1071 bizooysdqleoele,
1367 989 1449 1074 hoyy

320 1082 452 1175 Ctepoei
468 1087 620 1156 Salomon
636 1091 799 1177 Epanterii
823 1101 904 1156 metrii
928 1093 1037 1178 helyam
1053 1094 1121 1157 leod
1137 1093 1274 1178 szottejtr
1290 1094 1354 1161 Pol
1371 1095 1449 1159 olea-

642 1199 738 1264 daedi
742 1201 879 1286 papante
888 1201 1005 1264 cloden.
1025 1201 1122 1266 1277.

427 1375 611 1444 Conuentus
645 1377 772 1444 Domus
801 1377 983 1464 Hospitalis
1008 1378 1270 1446 Jerosolomitoni
1296 1380 1339 1446 de
1363 1383 1449 1448 Alba

319 1483 467 1553 omnihus
488 1483 609 1552 Christi
635 1483 784 1553 fidelihus
802 1492 969 1572 presentes
994 1485 1121 1553 litteras
1141 1485 1338 1571 inspecturis
1364 1489 1448 1556 saln-

318 1600 385 1658 tem
401 1593 434 1659 in
450 1592 589 1660 Domino
606 1593 850 1678 sempiternam.
867 1594 920 1661 Ad
934 1593 1156 1664 uniuersorum
1172 1595 1328 1662 noticiam
1339 1603 1448 1664 tenore

318 1703 524 1788 preseuoium
539 1700 688 1769 uolumus
704 1702 893 1790 peruenire,
919 1703 1005 1789 quod
1030 1704 1186 1772 Salomon
1213 1704 1299 1770 filius
1325 1705 1395 1773 Beh
1411 1703 1449 1773 de

316 1809 398 1877 villa
414 1810 547 1895 Chegne
561 1809 603 1878 de
617 1811 749 1897 populis
773 1812 963 1899 Monosterij
991 1811 1033 1878 de
1057 1811 1180 1898 Mayad
1196 1831 1254 1896 pro
1272 1831 1308 1878 se
1335 1823 1369 1880 et
1384 1833 1442 1898 pro

320 1917 392 2003 ipso
407 1916 479 1985 Belr
494 1923 591 2003 patre
606 1937 676 2002 sno,
694 1923 726 1984 et
742 1939 801 2004 pro
818 1918 951 2006 Choma,
969 1927 1001 1986 et
1017 1940 1076 2006 pro
1093 1917 1243 1986 Johanne
1258 1919 1339 2004 filijs
1350 1919 1450 2004 ipsius

319 2024 400 2110 Beh,
425 2025 580 2094 fratribus
598 2028 676 2113 suis,
693 2046 802 2094 eoram
819 2027 914 2094 nobis
930 2029 1123 2096 constitutus
1139 2027 1302 2112 quandam
1321 2029 1446 2097 vineam

319 2151 413 2200 suam
429 2134 614 2221 emtioiam,
638 2141 673 2200 nt
699 2133 845 2222 dioebat,
871 2133 905 2199 in
931 2135 1093 2202 territorio
1105 2135 1208 2222 ipsius
1226 2135 1304 2204 ville
1321 2137 1449 2222 Chegue

319 2239 353 2304 in
368 2241 440 2308 loeo
454 2240 631 2324 Egenlrnth
647 2247 773 2326 uooato,
797 2245 889 2308 iuxta
906 2241 1034 2311 vineam
1060 2243 1241 2330 Michaelis,
1266 2241 1402 2311 Crestus
1418 2251 1449 2311 et

318 2347 434 2416 Jaeobi
449 2349 587 2416 filiorum
604 2349 683 2416 Ibus
699 2349 741 2416 de
757 2348 839 2416 villa
866 2351 964 2437 Cyng
980 2357 1111 2436 aparte
1129 2349 1337 2419 meridionali
1355 2373 1448 2438 super

318 2455 421 2525 trihus
437 2456 604 2542 iugeribus
620 2463 777 2522 terrarum
794 2457 891 2524 sitam
901 2507 911 2543 ,
936 2478 1008 2525 onrn
1035 2465 1125 2525 terra
1147 2458 1284 2525 duorum
1301 2459 1446 2543 iugerum
1558 2529 1559 2564 r

318 2585 378 2650 pro
392 2563 688 2652 plantandauinea
702 2565 901 2652 ¹competenti
926 2567 971 2632 ah·
994 2567 1119 2634 oriente
1146 2565 1253 2632 eidem
1281 2566 1379 2636 vinee
1397 2587 1449 2634 an·

319 2691 404 2738 nexa
419 2671 522 2738 Paulo
538 2673 657 2738 elerico
673 2671 741 2738 filio
758 2673 919 2758 Stephani
934 2671 1046 2740 olerioi
1067 2673 1109 2740 de
1124 2672 1208 2740 villa
1218 2673 1386 2742 Olendred
1395 2695 1448 2761 pro
1558 2687 1559 2750 t

321 2785 459 2863 quatuor
475 2781 593 2846 mareis
610 2779 816 2847 denariorum
833 2789 988 2868 perpetuo
1015 2789 1047 2848 et
1066 2781 1204 2867 poeitioe
1219 2783 1447 2869 possidendam

320 2893 370 2954 est
385 2887 554 2957 confessus
571 2886 768 2974 uendidisse,
793 2897 826 2955 et
842 2889 949 2976 ipsam
965 2891 1137 2974 peouniam
1157 2890 1200 2957 ab
1217 2889 1332 2958 eodem
1350 2893 1449 2960 Paulo
1558 2877 1559 2932 ι

320 2999 437 3066 olerioo
461 2999 557 3084 plene
583 2997 766 3083 recepiss03
791 3006 1033 3085 coassumpto,
1057 2999 1144 3084 quod
1169 3001 1356 3084 quiounque
1381 3019 1446 3085 pre·
1558 3009 1559 3040 ³

320 3104 442 3174 dietam
467 3106 596 3173 vineam
622 3105 674 3172 uel
700 3111 820 3173 terram
845 3105 980 3174 duorum
1006 3109 1151 3191 iugerum
1177 3116 1394 3175 memoratam
1410 3109 1449 3174 ab
1558 3117 1559 3190 j

320 3215 392 3301 ipso
406 3215 511 3282 Paulo
529 3213 647 3281 olerioo
673 3216 726 3280 uel
755 3216 797 3281 ab
824 3215 894 3282 eius
911 3213 1084 3282 heredibus
1100 3222 1246 3300 repetere
1263 3216 1405 3284 uoluerit
1419 3217 1449 3281 in
1558 3249 1559 3306 3

321 3329 495 3407 posterum,
519 3321 605 3388 idem
621 3320 693 3388 Bek
708 3329 740 3388 et
755 3323 824 3391 eius
839 3322 897 3408 filij
917 3323 1065 3409 superins
1084 3321 1257 3410 nominati,
1283 3344 1324 3391 ao
1341 3343 1448 3390 oonse·
1558 3337 1559 3408 j

323 3437 457 3516 quenter
472 3428 609 3498 heredes
626 3432 778 3518 ipsorum,
797 3451 925 3517 semper
940 3440 971 3498 et
987 3433 1107 3516 ubique
1126 3431 1280 3518 expedire
1297 3433 1448 3499 tenebun·
1558 3467 1559 3492 ι

322 3548 375 3604 tur
389 3539 504 3604 labore
534 3538 666 3623 proprio
692 3547 724 3604 et
749 3557 904 3624 expensa.
939 3541 977 3607 In
1003 3539 1096 3606 ouius
1116 3541 1165 3605 rei
1180 3539 1405 3606 testimoninm
1421 3545 1449 3605 et
1558 3597 1559 3614 ἶ

322 3647 509 3714 memoriam
525 3645 702 3731 pleniorem
719 3644 971 3731 adpetitionem
988 3648 1054 3712 iarn
1065 3646 1143 3713 dioti
1154 3647 1339 3714 Salomonis
1350 3647 1451 3715 Panlo

321 3754 439 3821 olerioo
470 3755 636 3840 sepedicto
667 3762 834 3838 presentes
865 3755 1014 3823 dedimus
1045 3755 1172 3823 litteras
1205 3762 1315 3822 nostro
1343 3755 1451 3840 sigillo

322 3861 558 3947 communitas5
605 3880 692 3928 anno
729 3862 861 3928 Domini
896 3864 1007 3930 bl⁰CC⁰
1038 3863 1281 3950 septuagesimo
1313 3863 1451 3949 septimo

322 3977 439 4038 ootauo
465 3967 540 4035 idus
567 3969 767 4036 Nouemsris.
803 3971 917 4038 Fratre
946 3971 1109 4038 Robertho
1138 3970 1250 4038 Priore
1275 3969 1453 4054 eodemque

321 4077 461 4145 Custode
475 4076 625 4144 Eoolesie
641 4081 760 4162 nostre,
788 4085 820 4144 et
835 4078 937 4146 tratre
960 4079 1086 4164 Wgone
1111 4079 1305 4164 Prooeptore
1332 4079 1451 4144 Domus

321 4191 433 4253 nostre
449 4185 675 4251 existentibus.
960 4201 963 4206 ·

321 4344 354 4411 (A
367 4347 543 4400 heresutesek
556 4346 798 4400 suebos-iehersem
811 4348 1014 4413 honrentjdnolr
1037 4351 1113 4402 1328.
1127 4365 1214 4410 „nono
1229 4348 1288 4398 idus
1307 4347 1326 4398 J
1328 4348 1391 4412 ulij‚'
1403 4347 1452 4397 lra-

320 4443 362 4488 tre
374 4435 487 4490 Maritus
499 4437 662 4503 Preooptoro
675 4444 702 4490 ot
715 4436 800 4491 fratre
813 4439 942 4507 Philippo
958 4440 1075 4492 Custode
1088 4440 1211 4491 Euolesio
1230 4443 1322 4490 nostre
1336 4437 1447 4491 existen·
1558 4437 1559 4480 ὲ

321 4528 408 4578 tibus“
435 4526 673 4590 „Johannosfilius
686 4528 788 4580 Mathai
800 4531 918 4596 proximi
937 4530 1053 4597 quodum
1066 4529 1146 4581 Pauli
1163 4528 1254 4579 elerici
1277 4527 1310 4578 de
1330 4526 1452 4579 Interiori
1558 4525 1559 4566 ἐ

321 4617 390 4669 villa
401 4613 526 4669 Ειιιίιοιὶα
541 4613 662 4669 sudmira
675 4617 733 4670 lrelt
746 4613 910 4684 triestinum
930 4635 947 4670 a
959 4620 1043 4672 budai
1056 4620 1107 4670 hir.
1125 4613 1248 4672 kamaral
1260 4614 1450 4678 lerdltdrban.)
1558 4633 1559 4668 ι
