3140 5150
602 363 761 462 „mp-

112 558 225 626 iuelite
242 556 395 625 memorie
410 558 479 624 iure
496 557 696 625 hereditario
713 558 883 644 possidere
894 556 1156 652 dinoscebantur,
1173 582 1245 629 ven-

113 665 197 734 didit
212 665 354 750 plebano
371 662 559 751 supradioto
575 685 615 732 ac
630 666 784 733 tratribus
812 668 880 734 suis
897 689 956 753 pro
974 671 1145 753 sexaginta
1161 690 1244 738 mar-

113 777 158 842 cis
185 775 294 841 minus
319 774 423 840 tribus
448 773 591 858 marois;
633 782 730 858 quam
760 775 889 860 quidem
916 777 1114 845 solucionem
1141 777 1245 846 dictus

116 883 277 970 plebanus
304 889 337 948 et
361 881 480 948 tratres
500 881 643 948 eiusdem
664 902 773 948 coram
789 883 883 950 nobis
899 883 1065 952 antedicto
1081 883 1246 954 Anthaleo

115 992 213 1077 plene
241 998 273 1056 et
292 991 418 1073 integre
440 990 677 1074 persolueruut.
701 989 886 1075 Assumpsit
903 992 1007 1059 eciam
1023 992 1109 1060 idem
1126 994 1246 1061 Antha-

114 1099 185 1168 leus
203 1105 235 1165 et
250 1099 337 1166 filius
354 1099 522 1184 eiusdem,
556 1096 642 1183 quod
668 1097 874 1184 priuilegium
900 1097 1021 1166 domiui
1037 1099 1073 1166 B.
1091 1101 1190 1186 Regis
1215 1111 1248 1168 et

112 1207 222 1274 omnia
237 1207 469 1294 instrumenta,
494 1225 553 1274 nec
578 1227 642 1273 non
663 1212 695 1273 et
712 1207 923 1274 munimenta
934 1259 944 1294 ,
970 1229 1032 1293 que
1057 1209 1247 1292 supradicta

112 1316 196 1384 villa
211 1314 332 1383 habere
349 1315 586 1403 dinoscebatur,
613 1315 655 1382 ad
671 1335 786 1382 manus
807 1315 966 1402 sepedicti
982 1317 1115 1402 plebani
1132 1325 1164 1385 et
1181 1317 1244 1384 fra·

113 1431 198 1490 trum
216 1443 346 1491 suorum
362 1427 551 1491 statuerent.
586 1423 621 1488 Si
646 1443 711 1507 qua
736 1443 814 1490 vero
832 1443 896 1490 non
912 1429 1114 1509 statuerent,
1140 1423 1182 1491 de
1198 1443 1246 1492 ce-

112 1537 181 1599 tero
197 1529 317 1598 nullius
346 1536 455 1598 essent
474 1531 596 1614 uigoris
623 1539 654 1598 et
680 1530 841 1598 momenti.
864 1528 1057 1615 Obligaruut
1082 1532 1184 1598 eciam
1211 1551 1247 1599 se

115 1636 214 1722 ijdcm
232 1638 416 1706 Antbaleus
443 1645 475 1706 ot
501 1637 586 1705 filius
603 1638 768 1720 eiusdem,
794 1645 829 1703 ut
856 1639 1041 1721 quicunque
1065 1637 1246 1723 inpulsaret

113 1747 254 1812 eundem
271 1746 445 1832 plebanum
471 1767 510 1813 ac
535 1747 653 1814 fratres
672 1746 818 1814 eiusdem
835 1766 932 1832 super
949 1745 1036 1812 diota
1051 1745 1246 1830 hereditate,

115 1853 270 1940 expedire
298 1857 486 1920 tenerentur
511 1851 685 1919 seeundum
711 1851 817 1938 Regni
844 1851 1111 1920 consuetudinem
1132 1873 1245 1939 appro-

114 1963 234 2026 batam.
267 1962 310 2026 Et
324 1968 360 2028 vt
376 1959 456 2028 facti
472 1962 573 2027 series
597 1961 693 2026 robur
709 1959 863 2045 optineat,
891 1959 998 2027 dietus
1015 1959 1197 2027 Anthaleus
1215 1967 1247 2028 et

113 2071 200 2138 lilius
211 2069 357 2136 eiusdem
369 2069 553 2154 obligarunt
568 2088 603 2135 sc
619 2087 727 2134 coram
744 2069 848 2156 nobis,
868 2068 1093 2154 prenominato
1103 2068 1244 2154 plebano

114 2185 146 2244 et
162 2176 319 2244 fratribus
336 2175 481 2243 eiusdem
498 2195 570 2242 oum
586 2175 758 2260 priuilegio
779 2175 900 2241 domini
916 2177 1015 2260 Regis
1033 2175 1246 2244 hereditatem

114 2285 337 2371 supradictam
364 2284 563 2350 confirmare.
587 2284 709 2348 Datum
737 2303 824 2348 anno
840 2281 970 2349 Domini
987 2281 1099 2350 M⁰ou⁰
1116 2290 1245 2369 septus·

114 2393 238 2477 gesimo
257 2399 386 2459 octauo.

159 2571 216 2636 (IV.
231 2568 330 2624 Ldszld
343 2565 492 2636 kirdlynak
506 2571 617 2620 lact-ki
630 2567 794 2636 megerbsltb'
807 2567 1000 2637 okmduydbbl,
1015 2572 1085 2622 mint
1098 2567 1198 2638 attbb.)

576 2873 788 2884 —u—n—

648 3353 724 3421 152.

114 3573 144 3639 A
161 3575 280 3661 saepest
295 3575 519 3660 kdptolunoolc
543 3593 731 3658 upyouczoo
756 3569 880 3637 eludunt
903 3573 1056 3656 tdrpyozd
1072 3573 1139 3637 tucia
1155 3571 1246 3635 loiad-

562 3684 678 3764 oduya.
703 3677 800 3745 1278.

222 3875 293 3942 Nos
320 3875 507 3960 Capitulum
532 3871 677 3941 Ecclesie
702 3873 812 3939 Sancti
837 3871 970 3939 Martini
988 3869 1030 3940 de
1045 3871 1166 3958 Soepus
1182 3893 1243 3939 me·

114 3982 218 4050 morie
243 3983 506 4051 commendantes
531 3979 751 4067 significamus
775 3979 935 4048 vniucrsis
961 3977 1161 4067 presencium
1186 3999 1245 4064 per

114 4099 282 4176 tenorem,
307 4090 393 4174 quod
420 4088 571 4157 contituti
596 4089 629 4154 in
655 4087 760 4156 nostri
778 4085 949 4174 presencia
962 4085 1142 4154 Anthaleus
1157 4085 1244 4154 filius

113 4201 207 4288 Ysyp
224 4217 362 4265 unacum
378 4196 445 4264 filio
461 4217 519 4264 suo
535 4195 701 4282 Stephano
724 4215 764 4262 ex
781 4199 875 4280 parte
891 4213 966 4275 una,
990 4213 1032 4261 ex
1047 4193 1151 4260 altera
1166 4213 1244 4264 uero

113 4305 276 4390 Magister
290 4305 431 4373 lacobus
448 4305 563 4373 Lector
579 4303 724 4372 Ecclesie
750 4301 862 4370 Sancti
887 4301 1019 4368 Martini
1036 4307 1068 4368 et
1083 4301 1245 4370 Plebanus

114 4410 155 4479 de
172 4413 265 4478 Villa
279 4413 398 4479 Latina
413 4430 553 4479 unacum
573 4409 728 4478 iratribus
745 4411 835 4494 suis;
859 4407 944 4475 idem
960 4406 1143 4476 Anthaleus
1159 4415 1242 4475 retu·

113 4519 154 4586 lit
169 4519 286 4606 nobis,
311 4519 396 4606 quod
420 4519 535 4587 villam
561 4537 653 4586 suam
678 4515 824 4600 Rogolob
839 4521 989 4583 uocatam
1006 4533 1077 4582 oum
1094 4511 1243 4582 omnibus

113 4625 314 4696 utilitatibus
329 4629 413 4715 suis,
437 4647 533 4712 quam
558 4626 644 4694 idem
669 4624 851 4692 Authaleus
877 4631 908 4690 et
932 4622 982 4690 sui
1001 4619 1138 4689 heredes
1152 4619 1243 4688 here·
