3140 5150
824 193 889 258 184

778 283 938 294 ...μω-.-

291 398 377 459 terre
393 403 451 458 seu
466 389 683 476 possessionis
701 411 758 458 sus
785 390 1008 458 concambium
1032 387 1172 477 predieti
1201 385 1336 456 Gerdnn
1365 387 1424 454 Oe·
1537 403 1538 406 ’

293 519 362 567 mes
379 505 411 566 et
426 499 625 568 Wlkuzluus
639 500 741 566 freter
761 500 905 566 eiusdem
923 499 963 567 de
979 519 1140 566 consensu
1157 507 1189 565 et
1201 517 1336 565 assensu
1352 517 1424 581 pro-

292 606 449 674 ximorum
471 625 603 674 suorum
630 614 696 674 tres
721 607 822 674 villas
846 607 1011 694 ipsorum:
1045 605 1216 690 Vntrieha‚
1243 601 1425 689 Prienieha,

292 713 426 782 Bisiohu
442 721 575 782 uoeetas
592 714 741 782 similiter
757 736 829 782 eum
842 714 992 784 omnibus
1002 713 1197 783 utilitatibus
1213 719 1246 778 et
1260 712 1426 798 pertinen·

293 821 354 906 eijs
370 823 516 908 ipsarum
532 821 684 889 villarum
701 822 858 908 predictis
876 821 1016 908 Georgio
1034 828 1067 890 et
1083 821 1237 888 iratribus
1262 819 1332 885 suis
1356 838 1426 905 pre·
1538 811 1539 860 i

293 929 416 996 notatis
433 929 591 998 dederunt
609 937 642 996 et
657 930 866 998 contulerunt
880 932 941 998 sub
958 927 1081 997 eisdem
1096 930 1201 1014 signis
1220 933 1254 994 et
1269 929 1424 1010 terminis,

297 1037 411 1120 quibus
426 1038 583 1104 haetenus
598 1035 763 1122 prediotes
780 1037 878 1106 uillas
894 1037 1111 1124 possederunt
1134 1037 1168 1102 in
1186 1035 1272 1102 tilios
1289 1033 1424 1101 filiorum

295 1147 392 1230 pieno
410 1146 479 1212 iure
496 1144 529 1212 in
545 1152 740 1230 perpetuum
771 1146 998 1232 possidendus.
1021 1147 1139 1214 Verum
1164 1146 1242 1230 quis
1266 1143 1426 1229 possessio

298 1254 429 1340 Georgij
449 1259 481 1320 et
497 1253 631 1322 fratrum
653 1274 784 1322 suornm
810 1256 953 1343 mayoris
980 1261 1051 1323 erat
1074 1255 1207 1338 valoris,
1231 1251 1334 1336 ijdem
1351 1249 1426 1316 Ger·

298 1359 364 1426 dnn
382 1359 496 1428 Comes
512 1367 544 1428 et
559 1361 660 1428 freter
685 1381 762 1430 snus
789 1363 948 1432 antedicti
973 1363 1111 1448 triginta
1126 1379 1254 1428 moneas
1279 1357 1426 1424 denario·

299 1489 368 1536 rum
385 1468 558 1536 Benalium
583 1470 742 1556 prodistis
769 1471 909 1557 Georgio
935 1481 967 1540 et
987 1471 1139 1542 fratribus
1155 1468 1303 1536 eiusdem
1319 1485 1426 1550 snper·

300 1574 507 1662 addiderunt,
526 1597 607 1661 ques
624 1579 859 1646 confessisunt
875 1581 1022 1666 singulas
1039 1599 1111 1646 eum
1128 1577 1271 1662 singulis
1287 1573 1428 1659 quinque

301 1683 413 1770 pensis
444 1689 672 1774 eomputatas,
705 1687 747 1752 ab
764 1685 887 1754 eisdem
913 1684 1061 1772 plenarie
1085 1685 1259 1770 recepisse.
1286 1683 1428 1778 interue-

301 1790 351 1857 nit
367 1791 480 1877 eoiam,
501 1791 631 1875 quodsi
647 1794 792 1877 aliquem
808 1793 955 1880 puroium
978 1789 1350 1879 superpossessionibus
1360 1808 1427 1873 per·

302 1900 346 1966 tis
361 1899 499 1966 alterius
514 1919 670 1985 proeesse
685 1903 840 1987 temporis
856 1921 917 1987 per
931 1901 1116 1988 quempiam
1138 1899 1251 1983 impeti
1268 1898 1323 1963 uel
1340 1896 1430 1963 mole·

228 2099 230 2104 ·
303 2008 384 2074 steri
400 2006 611 2096 contingeret,
628 2027 704 2095 pars
720 2008 825 2077 altera
840 2009 996 2094 expedire
1015 2008 1177 2076 tenebitur
1192 2005 1429 2092 proprijslebo-

303 2113 393 2182 ribus
410 2120 442 2182 et
458 2117 622 2202 expensis.
638 2117 681 2183 Vt
697 2136 773 2202 ergo
790 2115 977 2185 huiusmodi
997 2115 1220 2184 concambium
1241 2114 1339 2180 robur
1354 2111 1430 2198 opti·

304 2229 381 2289 neat
395 2229 553 2309 perpetue
569 2225 744 2312 firmitatis,
761 2233 926 2312 presentes
946 2223 1194 2294 adinstsnoiom
1206 2219 1353 2308 peroium
1363 2239 1430 2286 oon-

305 2330 461 2400 eessimus
476 2333 606 2400 litteras
623 2335 723 2418 sigilli
734 2337 837 2404 nostri
849 2337 963 2404 robore
974 2335 1198 2403 communitos.
1215 2331 1339 2398 Datum
1350 2349 1429 2395 anno

236 2503 239 2508 .
306 2436 438 2506 Domini
453 2437 675 2508 M⁰000Lxx⁰
696 2442 844 2529 septimo.

310 2615 446 2682 (Eredetie
466 2620 638 2691 bdrhtrtydn,
657 2623 770 2690 melyrb'i
790 2621 913 2691 sponset
932 2619 1190 2675 vitriis-rioldessinti
1204 2617 1430 2686 selyemnsindron

564 2714 650 2782 idgg,
670 2715 782 2767 sbudei
801 2715 853 2765 kir.
873 2714 997 2766 kemersi
1015 2709 1195 2764 leveitdrben.

838 3431 912 3500 lto.

314 3645 346 3714 A
363 3645 506 3732 somopyi
520 3640 715 3707 koeoeetneie
730 3635 998 3722 dizoeyeo‘pieoeie
1007 3683 1017 3714 ,
1041 3635 1124 3718 iuopy
1141 3630 1244 3696 Jcinoe
1262 3654 1363 3698 eomes
1378 3633 1440 3696 Mo

314 3753 475 3844 poreyban
493 3753 560 3818 tivo
576 3747 769 3816 birtokonaie
794 3745 966 3812 teutdrairo
989 3745 1082 3808 eosve
1097 3762 1137 3806 os
1153 3743 1257 3807 ottoni
1273 3739 1441 3825 pempeio

560 3858 609 3923 ieci
624 3857 857 3940 boreitedpoeou
877 3851 1076 3938 epyezkodett.
1108 3851 1205 3916 1277.

425 4055 611 4124 Conuentus
628 4047 813 4132 Monssterij
831 4047 943 4116 Sanoti
960 4045 1068 4131 Egidij
1087 4044 1129 4110 de
1143 4043 1444 4131 Symigioomnibus

318 4165 439 4236 Christi
453 4164 603 4233 fidelibus
620 4160 824 4254 presentitpus
849 4158 972 4244 pariter
993 4163 1025 4224 et
1040 4154 1157 4224 suturis
1179 4159 1349 4243 presentes
1366 4153 1444 4220 litte·

318 4297 372 4346 ras
386 4272 580 4362 inspecturis
597 4272 736 4340 salutem
754 4269 787 4334 in
804 4287 854 4352 eo,
871 4265 927 4349 qui
955 4271 1004 4333 est
1028 4265 1118 4334 selus
1143 4261 1295 4331 omniurn.
1321 4261 1445 4328 Notieie

320 4390 505 4453 ennotorum
522 4379 746 4448 declaramus:
771 4371 859 4459 quod
874 4372 990 4442 Comes
1006 4371 1173 4442 iohannes
1190 4371 1275 4438 filins
1290 4367 1389 4454 Iseph
1404 4367 1443 4434 eb

320 4512 385 4560 une
400 4495 513 4578 parte;
536 4487 649 4554 Zenke
665 4485 751 4552 filius
767 4482 847 4568 Bed,
873 4481 1005 4550 Joenka
1032 4481 1119 4548 filius
1146 4481 1266 4566 Kymn,
1291 4475 1444 4544 Nioolsus
