3124 5158
585 333 743 431 ’,ξ-89*

103 517 198 588 homo
221 529 328 592 uester
352 525 517 610 quandam
532 532 653 594 terram
669 525 777 614 Otrery
793 535 954 616 noestam,
972 549 1108 600 neonem
1124 541 1157 604 et
1169 533 1225 604 ha·

104 624 296 701 ditatoribus
322 632 519 720 desu'tntam,
536 654 645 704 eoram
675 638 904 705 oommetonois
930 645 963 706 et
987 639 1103 710 uioinis
1135 641 1227 711 iuxta

103 743 229 806 ueteres
255 748 360 809 metus
384 749 417 809 et
441 743 535 826 signa
560 745 797 814 reambulasset
821 749 854 814 et
877 747 1044 816 statuisset
1062 747 1227 818 Demetrio

102 844 219 914 domiti
235 849 301 919 filio
317 851 437 937 Huntlr,
450 852 578 920 nemine
592 853 830 924 contradictore
846 854 1014 926 existente.
1071 847 1074 854 ’

101 1041 163 1107 (IV.
185 1044 284 1104 Liexld
306 1047 397 1117 kirtly
421 1051 533 1106 teto-ki
555 1049 834 1121 adomiuylevelebdl
848 1056 916 1107 mint
928 1052 1046 1114 seutsbb.
1060 1055 1122 1110 192.
1135 1071 1172 1108 ιι.
1184 1052 1223 1126 a.)

559 1358 770 1367 ——-.-...

627 1823 705 1893 20¹7.

95 2021 197 2106 Bayo
231 2021 384 2110 heiyadpet
416 2027 572 2112 tdrpyoao
604 2025 773 2125 oratoatotd
796 2023 1034 2110 rmotoylezeoi
1058 2027 1224 2095 mosot

130 2129 232 2210 Jctko,
248 2129 406 2196 Katenneis
415 2132 483 2216 fio,
499 2135 530 2198 aa
545 2132 752 2212 oddooorooi,
767 2156 784 2196 o
798 2131 930 2218 Miloly
945 2136 975 2200 do
990 2132 1193 2200 ordmeorooo·

566 2241 646 2307 loeo.
665 2239 762 2304 1280.

207 2435 314 2502 Datur
338 2455 397 2523 pro
421 2436 586 2519 momoria,
610 2436 697 2519 quod
712 2437 827 2504 (lomes
842 2436 927 2506 Pous
943 2437 1028 2506 tilius
1043 2438 1149 2506 Meroe
1163 2455 1222 2526 pro

97 2545 261 2611 iliohaale
283 2543 351 2612 tilio
374 2543 504 2612 Andree
530 2545 572 2612 de
600 2545 705 2631 Buya‚
730 2543 821 2612 euius
836 2551 997 2631 proteotor
1012 2565 1053 2613 ex
1067 2545 1223 2639 mandato

96 2653 202 2738 Regio
219 2651 380 2737 extiterat,
395 2658 432 2718 ut
447 2653 585 2738 dieebat‚
601 2653 642 2720 ob
658 2671 723 2719 una
738 2659 843 2739 parte,
865 2655 909 2720 ab
922 2655 1028 2721 altera
1042 2673 1121 2722 uero
1137 2651 1220 2722 Jaoo

96 2759 187 2828 lilius
210 2759 314 2827 Koten
341 2767 374 2827 et
396 2761 488 2828 tha
512 2759 612 2827 irater
636 2757 792 2846 eiusdem,
810 2779 849 2826 ao
874 2761 999 2829 Powka
1014 2759 1100 2828 lilius
1114 2761 1221 2828 Persa

96 2869 361 2953 oonsanguineus
378 2869 572 2954 eorundem;
588 2869 665 2936 item
681 2869 796 2936 Nemel
807 2870 892 2936 filins
901 2868 1036 2956 Mirialo,
1048 2876 1080 2937 ot
1090 2870 1221 2936 llortun

96 2996 136 3044 ao
164 2975 299 3064 Symum
324 2977 382 3064 filij
409 2975 460 3044 sui
476 2976 517 3042 de
534 2973 648 3044 eadem
663 2976 757 3062 Buya
772 2995 880 3043 eoram
896 2975 990 3044 uobis
1005 2977 1222 3063 personaliter

96 3085 267 3153 constituti
276 3084 438 3170 dixerunt,
446 3082 532 3170 quod
547 3103 620 3152 oum
636 3081 811 3152 seeundum
827 3083 1061 3151 eontineuoium
1078 3085 1221 3170 priorum

95 3193 281 3259 litterarum
307 3200 490 3260 nostrarum
516 3191 739 3258 memorialem
754 3190 839 3258 inter
854 3189 1015 3278 prelatum
1029 3190 1222 3260 liliohaelem

95 3309 128 3367 et
151 3301 236 3369 daeo
260 3319 299 3367 ae
322 3301 414 3368 tha
438 3305 625 3387 prenotatos
649 3299 683 3365 in
708 3307 794 3368 terra
818 3301 960 3386 ipsorum
986 3301 1079 3387 Buya
1104 3305 1221 3366 uooata

95 3407 217 3476 diuisio
241 3406 331 3494 faeta
350 3409 523 3494 extitisset,
539 3415 572 3476 et
587 3407 703 3475 Nemel
719 3427 758 3474 ao
773 3407 832 3490 filij
849 3409 901 3476 sui
915 3409 1085 3476 memorati
1100 3409 1133 3475 in
1149 3407 1222 3495 ipsa

96 3517 261 3584 diuisione
275 3536 339 3584 non
355 3515 502 3600 fuissent,
519 3517 650 3585 tandem
666 3515 881 3584 mediantibus
896 3517 967 3603 ipso
983 3515 1108 3583 Comite
1121 3513 1220 3603 Poro,

96 3635 128 3692 et
151 3626 290 3710 Mathey
312 3626 380 3692 filio
403 3627 514 3693 Povsa
539 3626 579 3693 de
603 3625 707 3712 helen,
727 3645 765 3691 ao
786 3625 861 3710 alijs
876 3625 957 3692 uiris
971 3623 1109 3709 ydoneis
1123 3643 1220 3708 quam

95 3735 246 3819 pluribus
269 3734 382 3802 taliter
407 3733 571 3802 extitisset
595 3754 693 3821 super
708 3736 783 3821 ipsa
797 3732 959 3802 diuisione
973 3733 1121 3820 prediote
1136 3739 1220 3802 terre

96 3841 305 3912 ordinatum:
321 3843 409 3928 quod
434 3841 573 3911 lliohoel
600 3843 784 3912 antediotus
808 3843 969 3930 prefatam
993 3848 1113 3910 terram
1127 3841 1221 3928 Buya

96 3959 250 4020 uocatam
276 3951 442 4022 dimisisset
465 3951 499 4019 in
525 3951 606 4020 duas
632 3957 742 4039 portes
768 3951 910 4037 equales,
935 3971 975 4016 ox
992 3951 1105 4034 quibus
1122 3969 1220 4016 unam

94 4067 222 4147 partem
247 4082 268 4128 a
291 4067 385 4148 parte
408 4061 613 4129 meridionali
630 4061 851 4128 subiaoentem
867 4061 956 4148 Jaoo,
971 4058 1073 4142 tha,
1088 4057 1215 4142 Pouka,

95 4169 213 4238 Nemel
236 4177 269 4236 et
291 4167 350 4255 filij
377 4170 429 4238 sui
453 4170 622 4237 memorati
645 4169 799 4254 eligendo
813 4168 1012 4255 reoepisseut
1026 4166 1089 4234 eibi
1104 4173 1137 4234 et
1152 4165 1220 4235 suis

95 4277 272 4346 heredibus
287 4277 358 4345 iure
373 4284 529 4364 perpetuo
544 4276 785 4365 possidendam,
810 4275 937 4359 reliqua
950 4281 1051 4361 parte,
1066 4272 1222 4340 uidelioet

95 4407 116 4452 a
141 4393 237 4474 parte
262 4385 533 4473 septemtrionali,
549 4386 653 4453 eidem
679 4383 829 4454 Miohaeli
855 4391 888 4451 et
901 4384 968 4451 filio
983 4402 1041 4450 suo
1057 4399 1097 4448 ae
1111 4398 1220 4446 eorum

98 4494 274 4564 heredibus
292 4503 478 4564 remanente
495 4495 643 4563 similiter
654 4495 722 4562 iure
737 4500 894 4581 perpetuo
910 4489 1116 4579 possidenda.
1136 4487 1221 4554 llete

95 4611 206 4671 autem
232 4603 456 4673 dietinoeiouis
482 4603 628 4691 prediolo
643 4609 736 4689 terre,
753 4602 838 4670 sieut
853 4605 962 4686 partes
976 4597 1152 4666 recitarunt
1166 4614 1219 4663 eo·

138 4741 243 4780 norrun.
258 4741 342 4781 none.
359 4741 428 4780 urar.
444 4751 487 4763 -
503 4738 616 4778 nrrnorr.
633 4733 669 4778 17.
1020 4707 1060 4778 19
