3124 5158
889 1019 965 1088 uls.

365 1237 513 1306 Erzsdbat
536 1239 684 1330 hirdlynd
705 1241 861 1328 bietosr'tp'a
890 1240 986 1304 Mitte
1011 1241 1043 1306 60
1068 1241 1231 1320 1111νέ1σί1,
1238 1240 1409 1328 sequerer
1418 1237 1481 1322 job·

366 1347 502 1434 bdqyat't,
525 1349 609 1436 bopy
633 1349 775 1438 Epelben
799 1351 868 1417 tenu
884 1347 1046 1436 sdldjsilret
1061 1346 1238 1434 semfoyjo
1255 1347 1341 1413 rotule
1357 1349 1482 1414 eduensi.

880 1455 976 1522 1281.

474 1689 642 1757 Elisabeth
667 1690 728 1757 Dei
752 1690 866 1778 gracia
881 1689 1007 1774 Regina
1023 1687 1189 1774 Hungnrie
1205 1688 1354 1756 omnibus
1372 1687 1484 1756 christi

366 1795 526 1880 fidelibus,
540 1817 673 1884 presens
690 1800 844 1884 seriptum
861 1798 1061 1865 intuentibus
1077 1798 1218 1864 salutem
1234 1796 1268 1863 in
1284 1796 1407 1864 salutis
1423 1796 1483 1861 lsr-

366 1907 484 1992 gitore.
501 1906 543 1971 Vt
559 1925 600 1973 ea
616 1926 678 1992 que
695 1915 831 1991 aguntur
845 1907 880 1974 in
896 1911 1052 1992 tempora,
1069 1926 1132 1973 non
1149 1904 1317 1972 irritentur
1327 1911 1405 1992 post
1415 1911 1485 1972 tem·

366 2034 455 2101 pors,
483 2033 543 2081 nee
568 2035 588 2079 a
613 2015 769 2083 memoria
794 2015 996 2100 dilabantur,
1023 2013 1067 2080 ad
1092 2019 1238 2080 eternam
1264 2013 1313 2080 rei
1337 2012 1486 2080 noticiam

367 2119 475 2189 solent
497 2121 677 2189 litterarum
692 2122 872 2208 patrocinio
888 2121 1089 2190 communiri.
1106 2119 1249 2188 Proinde
1264 2122 1485 2188 uniuersorum

365 2229 569 2316 presencium
594 2230 835 2316 futurorumque
860 2231 980 2298 notioie
1005 2231 1120 2297 harum
1146 2229 1230 2296 serie
1251 2229 1406 2296 uolumus
1422 2226 1485 2295 heri

366 2337 593 2424 manifestum
619 2339 706 2424 quod
732 2361 803 2406 eurn
829 2347 949 2406 terram
976 2339 1091 2424 blyoou
1116 2337 1211 2406 biloti
1244 2337 1303 2424 filij
1332 2337 1484 2422 Gbomou,

366 2444 522 2532 Stephani
538 2453 569 2513 et
584 2448 736 2535 Symouie
752 2448 889 2515 fratrum
916 2447 1062 2516 eiusdem
1080 2447 1294 2532 jobagionum
1312 2447 1487 2514 exereitus·

365 2552 443 2617 lium
454 2561 634 2623 nostrorum
646 2557 687 2624 de
698 2557 882 2644 villallpel,
893 2555 933 2623 de
944 2554 1097 2624 (lumitati
1113 2555 1344 2640 strigoniensi,
1359 2563 1489 2643 propter

365 2661 497 2728 diuersa
520 2661 724 2730 inoommoda
754 2673 786 2730 et
811 2663 1005 2750 multiplicia
1022 2663 1179 2730 seandala
1194 2662 1229 2729 in
1247 2663 1363 2747 Regno
1379 2671 1482 2730 nostro

366 2769 578 2856 emergendis,
603 2790 700 2854 quern
724 2771 834 2856 plures
850 2771 1042 2857 petiuissent
1067 2769 1130 2837 sibi
1152 2769 1223 2836 dari
1237 2793 1245 2835 :
1259 2771 1325 2837 iuri
1344 2771 1482 2856 ipsorum

349 2875 560 2946 'hereditario
585 2879 732 2947 nolentes
758 2877 962 2964 preiudieare
985 2879 1019 2943 iu
1044 2877 1105 2943 huo
1129 2885 1243 2964 parte,
1271 2885 1383 2946 tamen
1413 2877 1485 2962 quia

366 2993 486 3053 terram
502 2987 645 3071 ipsorum
657 2987 872 3073 jobagionum
889 2992 1072 3054 nostrorum
1087 2987 1238 3072 cuiquam
1254 2987 1404 3055 oonserre
1414 2986 1488 3070 legi-

366 3095 443 3160 time
458 3115 523 3161 non
540 3115 722 3182 possumus,
733 3117 793 3163 neo
809 3096 882 3163 sine
901 3112 1010 3162 eorum
1027 3094 1185 3162 famulatu
1203 3093 1492 3164 carereoommode

365 3203 533 3286 ualemus,
558 3201 741 3289 prodietum
768 3211 887 3271 terram
913 3205 995 3289 Epel
1021 3211 1183 3290 uocatum,
1210 3222 1274 3288 que
1290 3201 1334 3269 ad
1348 3203 1488 3290 ipsorum

366 3309 493 3396 Myoou,
511 3312 668 3397 Stephani
684 3317 716 3377 et
730 3310 892 3400 Symonis,
902 3332 943 3379 ae
958 3310 1112 3380 heredum
1130 3309 1490 3397 suorum,jobsgionnm

367 3417 515 3486 videlieet
541 3417 785 3486 exercitantium
802 3426 994 3502 nostrornm,
1013 3420 1063 3486 ius
1079 3417 1311 3486 hereditarium
1328 3419 1493 3504 pertinere

366 3534 400 3594 et
414 3534 561 3613 spectare
575 3528 765 3614 dinoscitur,
776 3528 966 3613 reliquimus
982 3531 1013 3594 et
1028 3525 1234 3614 permisimus
1250 3525 1374 3594 eisdem
1390 3545 1492 3595 seeo

367 3654 438 3701 rum
462 3633 635 3702 heredibus
661 3635 878 3722 heredumque
903 3655 1034 3704 suorum
1058 3634 1300 3704 suceessoribns
1320 3641 1492 3722 perpetuo,

365 3741 499 3830 paoifioe
522 3749 554 3809 et
578 3743 834 3812 irreuooabiliter
858 3743 1098 3830 possidendam,
1125 3742 1221 3809 simul
1254 3762 1324 3809 unm
1342 3742 1492 3808 omnibus

364 3849 557 3919 utilitatibus
572 3853 641 3921 suis
657 3861 690 3919 et
707 3853 915 3941 pertiuenoijs
931 3851 1111 3937 universis,
1132 3851 1278 3918 uolentes
1305 3859 1338 3917 et
1354 3852 1491 3918 auetori-

364 3965 434 4027 tate
457 3959 661 4046 presencium
687 3955 808 4028 'eisdem
835 3959 1070 4047 promittentes,
1091 3957 1178 4044 quod
1194 3955 1357 4045 prefatam
1372 3964 1493 4026 terram

367 4068 461 4154 Epel,
487 4069 521 4134 in
546 4068 597 4134 ius
622 4075 654 4135 et
680 4071 907 4157 proprietatem
923 4069 1066 4157 ipsorum
1079 4067 1293 4155 jobagionum
1310 4075 1494 4135 nostrorum

365 4175 588 4264 pertinentem,
605 4175 688 4242 nulli
703 4175 872 4264 nobilium,
903 4196 961 4245 sen
985 4175 1090 4260 Regni
1106 4175 1207 4243 nostri
1222 4174 1402 4244 ineolarum
1420 4197 1495 4244 eon·

368 4283 518 4369 feremus,
537 4283 570 4350 in
600 4285 774 4353 eorundem
798 4284 1012 4374 preiudioium
1028 4291 1060 4353 et
1075 4303 1270 4370 grauemen;
1287 4285 1368 4369 quin
1382 4307 1494 4372 ymmo

365 4395 476 4480 pocius
499 4393 588 4481 ipsos
614 4403 772 4463 eteorum
797 4393 936 4465 heredes
961 4395 1130 4464 universos
1146 4396 1181 4462 iu
1197 4395 1267 4462 suis
1282 4395 1492 4464 libertatibus

365 4501 529 4568 consuetis
555 4521 627 4568 eum
651 4505 756 4592 terris,
781 4505 1017 4592 pertinentibus
1032 4503 1076 4570 sd
1092 4523 1156 4589 eos,
1172 4501 1371 4572 immobiliter
1386 4506 1492 4574 inten-

369 4603 473 4673 dimus
499 4625 709 4698 oonneruare,
744 4619 777 4680 et
800 4611 1007 4696 quibuslibet,
1030 4613 1205 4683 oeeasione
1236 4608 1363 4699 prefate
1394 4619 1481 4681 terre
