3138 5164
597 288 759 388 Q

104 497 239 546 marum
270 478 469 562 profectibus
511 478 706 566 providers;
746 481 914 566 cupientes
945 481 1071 566 ctiam,
1101 489 1137 550 ut
1166 482 1243 550 civi-

100 591 162 652 ·tas
177 583 386 652 Venetiarum
404 584 438 651 in
452 584 543 671 pacis
567 584 787 671 pulcritudine
810 585 926 654 mdcat
941 593 975 655 et
990 587 1023 654 in
1039 587 1148 672 requie
1163 608 1239 674 opu·

111 692 203 756 lenta
217 681 384 774 quiescat3
401 690 546 776 prefatos
556 693 682 759 Ducem
695 701 727 760 et
744 693 918 760 Comum
935 714 994 778 per
1009 695 1093 762 alias
1109 702 1241 762 nostras

110 796 172 864 suh
188 805 280 864 certa
297 795 401 864 forma
417 797 544 866 litteras
570 819 731 884 rogamus,
763 801 932 868 monemus
963 805 997 866 et
1011 799 1176 868 hortamur
1190 809 1239 868 at-

113 911 213 988 tente,
228 908 264 970 ut
280 903 344 986 ipsi
360 911 526 986 tamqnam
542 903 602 970 viri
618 902 745 988 pacifici
760 910 884 972 mentes
900 925 976 973 suas
992 912 1025 972 et
1039 907 1167 974 animm
1183 905 1240 972 ha-

111 1008 282 1075 bilitantcs
298 1008 341 1074 ad
357 1028 482 1094 pacem,
497 1027 597 1091 reque
612 1009 799 1095 Apostolice
830 1008 924 1078 Sedis
939 1011 1153 1096 beneplacitis
1169 1030 1240 1078 cca·

110 1121 261 1199 ptentes3
278 1113 484 1180 attendentes
500 1112 610 1198 etiam,
636 1133 734 1197 quam
761 1113 1003 1200 dispendiosum
1019 1115 1190 1183 animabus
1207 1123 1241 1182 et

106 1221 211 1288 saluti
227 1221 422 1288 contrarium
439 1220 508 1287 iore
532 1221 730 1308 conspicitur
755 1221 867 1288 aliena
882 1227 994 1289 contra
1007 1219 1167 1288 iustitiam
1183 1220 1237 1288 du·

107 1328 222 1411 tinere,
237 1326 389 1411 quodque
402 1327 509 1394 locum
525 1325 590 1392 sihi
605 1346 669 1393 non
696 1327 849 1394 vendicet
871 1328 997 1412 peccati
1011 1327 1169 1414 remissio,
1183 1327 1239 1394 uhi

108 1433 214 1501 ablati
232 1433 392 1500 restitutio
403 1453 468 1499 non
477 1431 653 1516 precessit,
671 1452 711 1500 ea
725 1432 837 1516 quein
851 1431 915 1500 hac
930 1440 1024 1518 parte
1039 1434 1238 1520 Patriarche,

106 1540 266 1624 Ecclesic,
279 1540 451 1625 Episcopo,
465 1539 591 1606 civibus
607 1547 640 1606 et
655 1540 731 1607 aliis
750 1539 986 1628 adherentibus,
1002 1539 1194 1628 fautoribus,
1205 1547 1239 1608 et

106 1644 302 1728 sequacibus
327 1646 513 1713 memoratis
546 1665 603 1731 per
627 1665 683 1732 se,
714 1647 768 1712 vel
783 1667 842 1732 pcr
857 1645 960 1714 alium
990 1649 1144 1716 antelios
1160 1653 1238 1714 sunt

99 1753 233 1838 ablata,
248 1753 296 1819 cis
311 1752 442 1819 sublato
468 1751 669 1818 difficultatis
685 1752 855 1819 obstaculo
870 1751 1046 1846 restituere·
1054 1760 1235 1838 procurent,

105 1879 129 1924 a
144 1859 317 1942 quibusvis
332 1857 551 1944 novitatibus,
583 1856 807 1924 invasionibus
832 1865 865 1924 et
881 1858 1054 1924 insultibus
1069 1878 1128 1944 per
1142 1879 1189 1942 se,
1203 1866 1236 1926 et

105 1985 167 2050 per
182 1985 259 2032 suos
275 1964 373 2031 etiam
390 1963 631 2050 stipendiarios,
648 1969 683 2030 et
702 1963 895 2032 adherentes
925 1965 959 2030 in
974 1963 1037 2032 hac
1052 1972 1145 2052 parte
1161 1965 1236 2052 sibi,

108 2079 142 2138 ct
157 2071 314 2154 saumres,
331 2069 533 2138 coadiutcrca
550 2076 582 2138 ct
597 2090 754 2155 sequaces
770 2091 848 2138 suos
864 2078 978 2138 contra
992 2071 1069 2138 illos
1081 2120 1090 2154 ,
1103 2078 1161 2138 aut
1176 2069 1235 2136 ali⁴

102 2197 192 2262 quos
209 2178 262 2243 vel
279 2177 420 2260 aliquem
437 2177 619 2261 eorundem,
644 2182 677 2243 et
692 2183 795 2244 terras
820 2167 965 2263 ipsorum
990 2177 1120 2263 penitus
1134 2175 1234 2243 absti-

107 2281 234 2368 nendo,
260 2302 299 2348 ac
321 2283 503 2350 revocando
528 2283 756 2350 nichilominus
782 2283 866 2350 alios
897 2303 975 2350 suos
1001 2281 1234 2365 stipendiarios

106 2391 162 2456 vel
179 2397 335 2472 armatos,
353 2389 408 2472 qni
424 2389 626 2474 provinciam
657 2389 749 2457 lstrie
773 2389 807 2455 in
837 2389 1016 2474 dampnum
1033 2385 1232 2472 Patriarche,

105 2497 265 2582 Episcopi
281 2501 315 2561 et
330 2495 449 2561 civium
464 2516 505 2561 ac
531 2497 668 2563 aliorum
701 2495 918 2583 predictorum
934 2493 978 2559 ad
994 2500 1114 2560 statum
1130 2493 1234 2580 ipsius

105 2601 375 2690 perturbandum,
390 2603 474 2668 sicut
489 2603 651 2687 asseritur,
669 2609 745 2669 sunt
763 2601 920 2685 ingrcssi,
951 2599 999 2668 sic
1014 2600 1048 2666 in
1064 2601 1233 2686 premissis

105 2709 258 2776 omnihus
275 2707 485 2775 landabiliter
499 2715 532 2774 et
548 2709 723 2775 efficaciter
738 2707 930 2796 processuri,
948 2713 983 2773 nt
998 2708 1161 2774 zelatores
1175 2728 1231 2792 pa·

104 2817 154 2882 cis
174 2822 208 2881 et
223 2821 383 2881 amatores
400 2801 567 2882 cdnccrdie
582 2835 618 2881 se
634 2835 692 2898 per
708 2814 857 2880 effectum
874 2815 981 2900 operis
1001 2813 1232 2896 demonstrent,

104 2941 232 3004 nosque
250 2920 453 2986 devotionem
470 2927 502 2985 et
517 2921 735 2988 obedientiam
752 2941 872 3006 eornm,
891 2941 988 3005 qnam
1003 2920 1038 2988 in
1053 2918 1114 2986 hcc
1131 2940 1232 3004 prom-

105 3036 197 3112 ptam
223 3025 370 3110 cupimus
400 3025 547 3092 invenire
578 3025 686 3109 dignis
718 3027 836 3093 exinde
867 3027 902 3092 in
917 3026 1057 3092 Domino
1079 3023 1232 3092 laudibus

99 3131 294 3198 attollamus
310 3151 318 3212 3
335 3131 364 3195 si
381 3149 459 3226 vcro
482 3129 516 3194 in
533 3129 745 3212 Civitatibus,
762 3129 907 3216 Castris,
927 3130 1013 3198 villis
1030 3136 1061 3196 et
1076 3133 1156 3197 locis
1172 3130 1232 3196 eis·

104 3238 180 3304 dem
197 3235 333 3301 credunt
347 3257 383 3302 se
398 3236 449 3300 ius
466 3235 600 3318 aliquod
616 3237 745 3319 habere,
758 3317 763 3324 ⁸
776 3256 884 3303 coram
913 3235 1007 3300 nobis
1024 3233 1108 3302 inira
1124 3237 1231 3302 termi-

102 3365 183 3412 num
209 3342 243 3407 in
259 3340 414 3427 predictis
440 3341 559 3407 litteris
586 3341 851 3427 comprehensum
882 3361 941 3426 per
971 3341 1155 3426 syndicum,
1173 3361 1231 3408 seu

104 3453 349 3538 procuratorem
363 3447 539 3534 ydoneum,
556 3445 599 3510 cd
618 3449 680 3514 hoc
695 3449 737 3514 ab
764 3448 885 3514 eisdem
907 3449 999 3512 Duce
1015 3452 1047 3512 et
1063 3445 1232 3513 Communi
1267 3523 1271 3530 ¹

105 3556 293 3643 specialiter
309 3552 519 3618 constitutum
543 3573 730 3638 comparere
749 3559 938 3638 procurent:
955 3553 1023 3618 Nos
1039 3554 1124 3618 enim
1134 3601 1144 3638 ,
1175 3553 1231 3636 qui

104 3681 217 3729 snmus
233 3659 382 3725 omnibus
398 3661 431 3724 in
447 3657 572 3724 iustitia
591 3657 762 3743 debitores,
779 3659 885 3743 parati
900 3673 1011 3725 sumus
1025 3658 1133 3724 facere
1149 3659 1231 3743 ipsis

103 3765 283 3852 superbiis
300 3765 446 3830 exhiberi
463 3763 587 3830 iustitie
608 3766 888 3850 complementum.
913 3763 1072 3840 Quocirca
1087 3749 1233 3830 fraterni-

105 3873 168 3939 tati
182 3879 239 3937 tue
255 3889 313 3955 per
326 3869 515 3954 apostolica
531 3868 866 3955 scriptamandamus,
876 3871 1028 3953 quatinus
1043 3888 1104 3953 pro
1120 3874 1231 3935 nostra

102 3986 134 4046 et
149 3976 340 4063 Apostolice
355 3975 451 4041 Sedis
476 3975 658 4044 reverentia
682 3974 870 4042 huiusmodi
900 3975 1064 4056 negotium
1080 3981 1230 4058 prompto
1308 3995 1310 4000 ’

99 4080 275 4152 assumens
291 4082 409 4164 animo,
427 4085 460 4148 et
474 4081 691 4166 personaliter
704 4087 737 4147 te
747 4079 901 4146 Venetiae
914 4078 1092 4163 conferens,
1107 4081 1232 4147 Ducem

98 4199 133 4259 ct
149 4191 325 4257 Commune
340 4183 486 4270 prefatos
517 4185 561 4252 ad
588 4185 769 4253 huiusmodi
801 4183 1039 4251 restitutionem
1054 4189 1087 4248 ct
1102 4203 1231 4250 revoca·

99 4299 223 4362 tionem
233 4290 518 4378 stipendiariorum
532 4309 589 4358 seu
599 4295 794 4360 armatorum
807 4289 1022 4376 predictorum
1033 4286 1229 4374 faciendam,

97 4401 252 4485 qnodque
267 4399 331 4486 ipsi
349 4417 408 4481 per
422 4415 459 4464 se
475 4419 514 4464 ac
541 4397 642 4464 ctiam
658 4415 715 4484 per
731 4398 861 4468 eosdem
876 4395 1115 4483 stipendiarios,
1133 4391 1230 4463 adhe·

97 4511 218 4590 rentes,
237 4502 393 4586 lautores,
411 4503 617 4570 coadiutorcs
649 4511 683 4572 et
697 4522 854 4586 sequaces
880 4519 990 4569 eorum
1014 4519 1035 4566 a
1060 4497 1229 4584 quibusvis
