3140 5150
598 283 761 384 Α

116 479 221 563 Rogni
241 479 354 562 nostri,
378 487 510 565 propter
536 500 599 564 que
625 477 710 546 idem
737 479 886 547 dominus
907 478 1006 550 Ottou
1021 479 1198 550 maioribus
1216 489 1248 550 et

116 586 333 673 amplioribus
350 587 649 656 remunerationum
675 587 767 653 donis
783 586 899 670 dignus
924 587 1115 675 baberetur;
1139 589 1173 655 in
1188 590 1246 656 ali·

117 695 250 779 qualem
283 701 395 762 tamen
425 695 755 782 reconpensaoionum
785 693 998 762 seruieiorum
1024 717 1155 764 suorum
1174 719 1246 784 pre-

115 801 221 872 dictas
238 804 461 892 possessiones
485 823 541 870 seu
557 803 672 882 uillas,
698 821 833 886 quarum
858 803 989 870 nomina
1014 805 1048 870 in
1074 805 1246 891 priuilegio

111 910 250 998 predicti
275 914 381 998 patris
411 913 514 978 nostri
541 911 625 977 dixit
650 911 761 978 taliter
785 911 962 998 eondneri3
987 913 1140 979 videlieet
1166 915 1247 980 uilla

111 1020 283 1104 Razlautb,
309 1021 387 1087 item
403 1021 486 1087 uilla
502 1020 622 1086 Sancte
638 1019 818 1105 Trinitatis,
842 1018 924 1088 uilla
940 1018 1090 1087 Omnium
1109 1021 1243 1088 Sancto·

114 1145 195 1212 rum,
204 1127 287 1195 villa
298 1128 438 1215 Kobula,
457 1126 682 1213 viilaBardfa,
701 1127 908 1215 Mokurlang,
926 1127 1084 1214 Guebold
1099 1128 1247 1213 Margan,

113 1233 280 1322 Stemeila,
308 1242 341 1303 et
355 1235 535 1321 Rodamyn,
561 1255 632 1302 oum
649 1235 797 1302 omnibus
822 1235 1017 1304 utilitatibus
1035 1243 1068 1302 et
1083 1239 1246 1321 pertinen·

112 1342 175 1429 eijs
192 1342 353 1411 uniuersis
369 1342 472 1412 eidem
505 1342 635 1409 domino
663 1343 774 1410 Ottoni
783 1396 792 1430 ,
818 1349 849 1410 et
874 1364 932 1428 per
948 1363 1020 1410 eum
1037 1342 1105 1410 suis
1121 1343 1245 1411 heredi-

114 1453 186 1536 bus,
209 1451 429 1536 heredumque
454 1470 584 1517 suornm
610 1452 850 1518 suooessoribus
876 1449 1031 1535 dedimus,
1052 1451 1244 1520 donauimus

115 1568 148 1627 et
164 1561 360 1627 eontulimus
377 1562 448 1627 iure
463 1566 617 1646 perpetuo
636 1558 862 1644 possidendas,
887 1559 1245 1626 donacionemseucol-

118 1667 281 1735 larionem
299 1667 445 1735 eiusdem
462 1665 678 1752 patrisnostri
698 1667 862 1733 mediante
872 1667 1041 1753 priuilegio
1052 1688 1111 1734 suo
1122 1669 1244 1734 iaotam

114 1775 349 1844 confirmando.
374 1773 468 1842 Vnde
485 1775 643 1858 uolumus,
666 1775 753 1859 quod
773 1777 883 1842 nullus
901 1775 1059 1843 Comitum
1077 1796 1142 1844 seu
1155 1778 1244 1843 nobi-

113 1885 194 1951 lium
210 1883 316 1969 Regni
332 1883 432 1951 nostri
448 1883 554 1970 ipsum
577 1882 741 1950 dominum
771 1885 919 1951 Ottonem
945 1885 1074 1952 racione
1099 1885 1244 1970 ipsarum

114 1993 359 2078 possessionum
376 1993 465 2060 ultra
481 1991 616 2059 sormam
642 1989 805 2076 priuilegij
833 1992 978 2059 eiusdem
1004 1993 1107 2078 patris
1133 1994 1244 2077 nostri,

114 2107 148 2165 et
163 2099 267 2166 nostri
284 2099 405 2166 audeat
431 2101 484 2167 uel
506 2105 673 2185 presumat
698 2099 878 2182 inquietare
895 2119 952 2166 seu
969 2099 1001 2164 in
1019 2099 1128 2184 aliquo
1145 2102 1243 2169 mole·

113 2213 213 2292 stare,
240 2206 413 2273 dummodo
430 2206 517 2274 idem
537 2206 685 2273 dominus
711 2205 819 2288 Ottou,
845 2226 917 2272 eum
933 2226 992 2290 per
1007 2228 1066 2274 nos
1082 2208 1180 2275 fuerit
1196 2229 1243 2274 re·

112 2315 263 2400 quisitus,
292 2324 437 2399 tempore
453 2321 633 2400 opportuno
658 2314 771 2383 fideles
798 2315 983 2401 inpenderit
998 2315 1182 2383 famulatus.
1206 2317 1241 2380 ln

112 2423 205 2490 euius
222 2423 270 2488 rei
288 2420 475 2487 memoriam
500 2421 752 2504 firmitatemque
777 2427 966 2507 perpetuam
986 2429 1154 2508 presentes
1170 2443 1242 2488 con-

114 2529 273 2596 cessimus
290 2529 417 2594 litteras
434 2527 536 2611 sigilli
552 2527 655 2594 nostri
680 2527 842 2615 dupplieis
864 2529 1045 2597 munimine
1061 2523 1241 2598 roboratas.
1350 2581 1354 2584 -

111 2640 232 2702 Datum
245 2656 303 2722 per
319 2655 435 2702 manus
453 2635 649 2701 venerabilis
676 2636 736 2702 viri
762 2639 913 2721 Magistri
929 2637 1053 2704 'lbome
1070 2639 1171 2705 llleoti
1187 2637 1241 2704 Al·
1357 2680 1359 2690 ·

110 2743 222 2811 bensis
256 2743 332 2808 aule
356 2749 469 2810 nostre
493 2740 783 2830 Viae-Caneellarij
812 2744 925 2812 dilecti
952 2752 984 2812 et
1006 2745 1112 2813 fidelis
1128 2747 1241 2832 nostri,
1353 2831 1360 2840 ·

113 2872 198 2919 anno
215 2851 349 2919 Domini
369 2851 585 2918 N⁰CG²LXX⁰
602 2851 750 2937 septimo,
777 2853 880 2938 Regni
907 2861 1014 2920 autom
1041 2856 1142 2923 nostri
1157 2875 1242 2922 anno

109 2967 211 3028 sexto.

118 3140 256 3204 (Eredotie
281 3138 492 3206 bdrhdrtyslma
515 3139 663 3192 sold-varos
688 3139 915 3206 solyomusindron
941 3143 1048 3206 t'tiggdtt
1068 3138 1240 3208 peosdtelve

367 3239 437 3286 saett
450 3250 457 3296 ς
477 3249 494 3284 a
504 3233 587 3284 budai
600 3233 652 3286 kir.
666 3233 787 3284 lranrarai
797 3229 987 3298 leveltdrban.)
