3118 5158
71 1031 94 1099 A
109 1033 238 1098 oaevcira'
253 1030 478 1118 kdptalannole
494 1028 644 1114 bizoayoa
660 1029 773 1116 Hulaq
789 1032 821 1095 de
836 1031 949 1096 Tollak
963 1033 1192 1119 aeetifo'ldeket

142 1140 297 1226 tcirpyaed
311 1139 588 1224 birlokoaztdlyrdl
604 1139 703 1203 azdllo
718 1138 988 1225 bizonpedpleoele.
1014 1145 1111 1209 1274.

168 1335 356 1422 Capitulum
380 1333 527 1402 Eoolesie
553 1331 667 1400 Sanoti
692 1331 862 1401 Michaelis
882 1333 924 1401 de
940 1336 1056 1403 Castro
1072 1334 1191 1404 Ferreo

72 1441 212 1510 omnibus
235 1447 404 1528 presentes
430 1440 557 1508 litteras
583 1439 777 1526 inspecturis
802 1441 940 1509 salntem
958 1443 992 1508 in
1008 1462 1086 1510 vero
1104 1444 1190 1510 saln-

71 1550 136 1616 lari.
164 1545 216 1615 Ad
241 1549 465 1618 rninemorum
490 1549 642 1616 notioiam
669 1555 784 1616 tenore
810 1549 1016 1634 presenoium
1042 1551 1192 1618 volumus

71 1659 252 1744 peruenire,
292 1658 378 1743 qnod
405 1658 509 1726 Gwrk
534 1656 620 1724 filius
645 1655 780 1726 Comitis
805 1657 906 1744 Myle
931 1678 972 1725 ex
997 1677 1064 1726 rna
1088 1664 1192 1746 parte,

72 1767 232 1834 Emerious
248 1766 335 1834 lilius
351 1767 454 1852 Jemp⁷
470 1773 503 1832 et
521 1765 625 1852 Heym
642 1767 727 1832 tilius
744 1766 886 1853 Heymes
901 1788 943 1835 ex
958 1767 1065 1835 altera
1080 1787 1191 1836 eoram

70 1875 157 1941 nobie
182 1873 350 1942 eonstitnti
375 1893 471 1960 snper
487 1870 612 1940 duobus
638 1873 762 1961 predijs
780 1873 849 1942 suis
865 1867 975 1958 Hnlug
1003 1881 1035 1942 et
1050 1874 1193 1944 Thouth-

71 1981 121 2048 lolr
137 1984 264 2050 voeatis
289 1967 387 2050 lolem
413 1981 496 2049 inter
521 2001 556 2049 se
573 1982 831 2050 irreuooabilitrr
856 1981 973 2050 leoiase
998 1982 1190 2052 diuisionem

71 2089 239 2157 retulerunt
256 2114 264 2155 :
290 2089 375 2174 qaod
401 2089 503 2158 beroia
517 2109 593 2174 pars
609 2090 828 2175 prediotorum
845 2090 981 2158 duomm
996 2090 1192 2179 prediorum,

71 2204 192 2283 aparte
219 2195 375 2266 videlieet
399 2195 593 2265 oeoidentali
617 2197 710 2263 iuxta
728 2204 848 2265 terram
864 2198 1003 2284 predioti
1018 2198 1104 2284 Hym
1120 2219 1191 2266 oum

70 2305 212 2374 omnibns
227 2304 424 2372 vtilitatibus
449 2311 481 2372 et
496 2304 797 2390 pertineneijs'euie
822 2305 923 2374 oessit
947 2306 980 2371 in
1007 2305 1192 2392 poroionem

69 2411 168 2498 lleym
193 2419 225 2480 et
249 2411 388 2480 Emerioi
413 2412 651 2500 predictorum,
686 2413 813 2480 duabus
842 2413 993 2499 partibus
1019 2414 1192 2483 eomndem

70 2519 246 2604 prediomm
272 2527 400 2606 aperte
416 2517 571 2588 videlieet
596 2519 747 2588 orientali
775 2521 925 2588 similiter
941 2539 1013 2587 enm
1034 2522 1104 2590 suia
1120 2541 1191 2607 per·

69 2627 216 2714 tinenoije
241 2625 425 2714 prescripto
450 2626 550 2693 Gwrlr
590 2627 842 2695 remanentibus.
885 2629 1006 2695 Horum
1034 2629 1192 2714 siqnidem

68 2737 166 2804 tercia
188 2757 265 2824 pars
292 2758 314 2805 a
340 2736 465 2804 duabus
490 2735 638 2820 partibus
661 2735 723 2824 bys
751 2737 845 2805 metis
870 2736 1079 2823 distingitar3
1103 2738 1191 2806 vide-

67 2843 141 2910 lieet
165 2845 249 2929 quod
273 2845 380 2930 primo
405 2843 571 2928 pergendo
596 2864 617 2910 a
642 2852 737 2931 parte
758 2844 850 2912 Raba
874 2844 908 2911 in
934 2843 1061 2912 duabus
1087 2845 1191 2930 metis,

69 2971 201 3034 qnemm
226 2973 303 3021 vna·
317 2954 463 3021 eontinet
487 2953 637 3021 arborem
663 2977 753 3041 epar,
778 2955 883 3021 altera
907 2957 1032 3040 terrea,
1055 2971 1193 3035 vergens

69 3079 177 3127 versus
202 3055 369 3127 meridiem
390 3079 448 3145 per
464 3059 561 3128 binae
586 3065 619 3126 et
634 3059 730 3128 binas
748 3067 852 3127 metas
868 3059 1017 3144 peruenit
1033 3059 1076 3126 ad
1092 3077 1193 3142 quan·

69 3165 274 3250 damviam,
309 3159 487 3251 que'venit
513 3167 554 3235 de
579 3167 718 3236 eeclesia
742 3167 838 3234 Beati
864 3165 1036 3250 Laurenoij
1048 3217 1058 3253 ,
1092 3183 1194 3251 penes

70 3289 162 3357 qnam
177 3281 253 3344 sant
267 3274 330 3343 due
347 3281 433 3342 mete
451 3281 576 3360 terree;
601 3276 739 3344 tendens
764 3276 808 3344 ad
824 3274 990 3343 meridiem
1007 3293 1080 3341 enm
1095 3274 1191 3340 metis

65 3382 263 3470 dupplioatis
288 3385 438 3470 peruenit
462 3383 505 3453 ad
522 3403 675 3471 magnam
692 3391 838 3470 stratam,
861 3401 925 3468 que
941 3381 1030 3450 duoit
1055 3381 1097 3448 ad
1115 3379 1191 3448 Gur·

67 3491 169 3574 mend,
191 3512 293 3580 penes
320 3511 418 3576 qnam
445 3500 521 3561 eant
548 3492 610 3561 due
635 3501 731 3580 mete,
756 3513 820 3560 vna
845 3491 1045 3578 ampleotens
1071 3489 1192 3578 ilioem,
1298 3567 1303 3580 ἱ

65 3598 167 3668 altera
196 3609 332 3686 terrea3
357 3620 468 3669 rursus
499 3601 542 3668 ad
572 3601 740 3669 meridiem
771 3599 921 3687 peruenit
953 3598 997 3664 ad
1029 3595 1192 3681 quandam

66 3707 160 3795 riam,
185 3728 250 3792 qne
265 3707 322 3774 via
336 3707 528 3774 Latinorum
553 3713 767 3792 nuncupatur,
793 3725 894 3793 penes
920 3723 1018 3788 qnam
1037 3709 1113 3770 sunt
1128 3703 1192 3770 dne

64 3823 165 3900 mete,
189 3838 255 3884 rna
285 3815 455 3884 eontinens
487 3814 592 3882 ilioem
604 3867 613 3902 ,
634 3815 741 3882 altera
770 3821 897 3900 terrea;
921 3831 1055 3880 onrrene
1087 3805 1194 3876 adhue

63 3943 174 3993 nereus
199 3923 370 3992 meridiem
395 3922 547 4010 peruenit
571 3923 615 3990 ad
641 3921 804 4007 quandam
830 3921 918 3991 viem
944 3921 1086 4007 lyram
1101 3935 1195 3984 voea-

63 4035 136 4120 tem,
163 4028 282 4117 (penes
309 4028 422 4118 quam)
449 4036 525 4098 sant
549 4029 612 4098 due
636 4036 742 4116 mete,
766 4049 832 4096 vna
860 4027 1060 4114 ampleotens
1076 4025 1195 4109 ilioem,

35 4115 36 4141 ³
62 4135 166 4205 altera
182 4147 301 4224 temes,
326 4137 437 4222 ibique
453 4137 651 4205 terminatur.
684 4135 881 4223 Oblig'arunt
905 4156 941 4204 ee
965 4131 1194 4202 nichilominus

37 4243 159 4326 lijdem
189 4244 358 4314 Emerione
383 4249 416 4311 et
431 4245 546 4333 Heym,
571 4243 750 4330 prediatam
776 4241 879 4312 owrk
904 4263 925 4309 a
947 4241 1024 4328 filijs
1040 4237 1195 4307 Fraohini

61 4356 194 4421 raeione
218 4353 379 4440 premisse
405 4351 578 4422 diuisionis
605 4353 779 4421 molestare
804 4350 987 4420 volentibus
1013 4348 1196 4430 defensare.

63 4460 96 4528 In
116 4461 217 4530 onins
243 4463 431 4532 memoriam
457 4462 635 4548 pleniorem
661 4459 704 4530 ad
729 4461 922 4546 peticionem
952 4457 1099 4544 paroinm
1125 4473 1196 4539 pre·

61 4581 171 4640 sentes
191 4571 413 4640 eonoeesimus
429 4571 557 4638 litteras
576 4571 680 4653 sigilli
697 4569 798 4638 nostri
823 4567 1000 4634 munimine
1016 4564 1196 4632 roboratas.

100 4705 460 4748 momentanearum.
479 4712 518 4726 -
537 4705 608 4741 nrm.
626 4699 663 4744 17.
1015 4675 1031 4742 'd
