3124 5158
843 303 1009 406 ,nn
1082 395 1086 402 ,

362 501 511 586 (lentore,
536 496 716 568 Laurenoio
732 463 889 583 Custode,
915 501 1099 585 Pangraoio
1114 501 1267 585 Damno,
1297 501 1373 568 Zela
1386 507 1415 565 et
1428 501 1469 566 Jo·

361 611 471 676 hanna
487 608 719 692 sacerdotibus,
741 609 922 691 ceterisque
945 605 1116 674 Canoniois
1134 607 1360 674 existentibus.

217 807 227 832 ο
364 787 498 850 (madetis
511 783 697 854 bdrhdrtydm
716 783 889 854 sanga-vdrlts
912 785 1138 853 selyemasindron
1153 787 1238 852 idggd
1252 785 1343 854 pecata
1365 787 1438 850 alatt;
1457 803 1469 836 ι

683 876 766 926 budai
781 880 832 930 kir.
842 877 966 929 kamarai
977 871 1167 942 lsreltkrban.)

819 1181 1031 1196 ——u--n-—n

893 1662 967 1732 lto.

243 1839 248 1848 ¹
365 1861 395 1928 A
425 1857 524 1926 bardai
553 1859 777 1945 kdptolanoak
807 1859 1088 1946 biaooysdpleoele,
1121 1865 1203 1947 kopp
1236 1863 1327 1926 Peter
1355 1883 1470 1926 canaan

366 1967 456 2033 lateat
472 1969 553 2032 Ινάπ
563 2018 574 2049 ,
605 1967 827 2050 Keoe'znelefia
845 1969 874 2033 t'o
890 1969 1178 2054 Pomdzbaafekvd
1193 1969 1332 2036 dirtokot
1355 1993 1377 2032 o
1398 1969 1473 2052 optil-

595 2075 705 2160 saipets'
720 2077 1011 2160 apocaaartrdctnat
1027 2077 1142 2142 eladto.
1167 2077 1264 2143 1279.

629 2272 659 2334 A
921 2271 947 2336 Β
1207 2274 1232 2340 O

475 2431 663 2518 Capitulum
691 2427 852 2498 Bndsnsis
872 2427 1020 2498 Ecclesia
1035 2433 1183 2499 omnibus
1200 2431 1319 2498 Christi
1343 2428 1472 2496 fidelibus

367 2545 535 2625 presentes
556 2536 683 2604 litteras
700 2537 895 2622 inspecturis
910 2540 1050 2606 salutem
1067 2541 1100 2606 in
1116 2539 1264 2606 Domino.
1297 2539 1349 2604 Ad
1368 2538 1473 2604 voluer-

368 2665 474 2713 sorum
499 2645 652 2712 noticiam
675 2653 787 2712 tenore
811 2647 1015 2731 presencium
1031 2649 1177 2716 volumus
1202 2649 1382 2733 peruenire,
1404 2639 1472 2729 qnod

368 2753 495 2819 nobiles
522 2751 583 2817 uiri
608 2753 724 2818 Petrus
741 2752 857 2818 Comes
882 2752 967 2819 lilius
991 2755 1146 2840 Tybureij
1167 2754 1322 2834 Comitis,
1347 2761 1379 2820 et
1402 2754 1472 2817 Iwan

370 2859 455 2926 tilios
472 2858 584 2926 Karrea
600 2858 643 2925 ab
659 2879 725 2924 vna
740 2866 852 2946 parte;
877 2860 990 2926 Petrus
1015 2869 1047 2926 et
1072 2860 1230 2928 Nioolaus
1251 2859 1399 2945 Comites,
1421 2855 1472 2923 oo·

369 2965 470 3032 ciales
486 2984 631 3033 sororum
651 2963 693 3030 de
713 2965 826 3032 Insula
842 2965 988 3049 Virginis
1005 2967 1155 3035 Gloriosa
1171 2989 1229 3054 pro
1246 2967 1368 3036 eisdem
1383 2963 1474 3033 sorori·

369 3075 428 3140 bns
454 3093 496 3138 ex
521 3073 626 3138 altera
650 3089 758 3138 eoram
782 3072 875 3140 nobis
900 3074 1117 3159 personaliter
1140 3073 1327 3160 constituti,
1353 3072 1475 3160 prelatos

371 3178 485 3246 Comes
500 3177 615 3247 Petrus
632 3179 719 3245 filius
733 3177 888 3264 Tybnreij
910 3180 1043 3248 Comitis
1062 3181 1249 3264 porcionem
1268 3201 1373 3264 suam,
1397 3195 1475 3261 qnam

370 3287 469 3354 habet
485 3286 518 3352 in
534 3294 622 3354 terra
635 3287 756 3354 Pomaa
765 3337 775 3372 ,
800 3293 926 3353 eentum
944 3287 1118 3370 sexaginta
1142 3293 1174 3353 et
1194 3293 1333 3369 quatuor
1348 3288 1475 3370 iugemn

370 3413 441 3460 enm
458 3393 578 3482 teneto,
595 3393 748 3460 uidelicet
772 3393 868 3460 terris
893 3393 1084 3475 arabilibus,
1108 3393 1234 3461 duabus
1260 3393 1364 3462 uineis
1384 3400 1413 3461 et
1426 3409 1476 3458 mo

369 3499 441 3566 loeo
459 3500 565 3587 vinee,
589 3519 628 3566 ae
644 3499 720 3585 alijs
734 3499 917 3585 apendioijs
944 3500 1045 3586 ipsias
1065 3500 1227 3586 poreionis
1243 3500 1408 3579 rniuersis‚
1430 3503 1477 3564 ter·

372 3607 415 3673 ris
431 3607 548 3675 Jaoobi
564 3614 596 3674 et
612 3607 744 3674 Comitis
759 3607 923 3692 Mareelli,
946 3607 1131 3675 Salomonis
1157 3607 1235 3676 disti
1250 3609 1391 3694 Tnmpa,
1415 3607 1477 3672 iten

370 3714 464 3782 terris
482 3714 621 3782 liliorum
637 3715 726 3780 Petri
742 3713 783 3780 de
798 3715 928 3801 Nemty,
944 3709 1095 3782 Ladizlai
1111 3713 1153 3784 de
1168 3715 1294 3799 eadem,
1314 3717 1390 3784 item
1399 3712 1479 3782 terris

370 3823 498 3890 andree
517 3822 574 3907 filij
596 3822 704 3890 Semel
729 3822 770 3888 de
796 3822 934 3908 Symehe
965 3829 997 3889 et
1027 3824 1166 3891 Peterlre
1182 3823 1443 3891 conterminalem
1456 3823 1480 3885 et

372 3929 534 4014 aioinam3
551 3932 627 3998 itam
647 3933 738 3998 Iwan
754 3931 838 3999 lilius
854 3933 962 4000 Kenez
978 3929 1198 4016 quadraginta
1213 3931 1480 4016 iugeraterraron

371 4033 413 4101 de
428 4044 516 4104 terra
530 4055 601 4124 sua,
625 4058 722 4122 qnam
738 4038 837 4106 habet
852 4039 886 4104 in
903 4040 1033 4126 Pomaz,
1051 4058 1123 4105 oum
1142 4039 1250 4106 saneto
1266 4039 1378 4107 deeem
1393 4036 1480 4103 sales·

372 4150 441 4210 stra
458 4143 657 4214 sufficienoia
673 4145 759 4233 (lgy)
776 4146 902 4216 duobos
921 4147 1000 4214 loeis
1017 4148 1205 4235 uinearum,
1229 4149 1334 4216 tribus
1354 4145 1483 4214 fundisa

371 4257 463 4337 parte
487 4253 620 4321 orientis
646 4253 738 4321 iuxta
756 4256 884 4343 Tumpa
900 4254 1107 4324 Salomonem
1127 4257 1324 4343 existentes,
1362 4256 1419 4324 snb
1434 4252 1483 4318 eis·

342 4357 345 4365 ’
372 4357 445 4427 dem
463 4361 558 4428 metis
567 4409 577 4445 ,
603 4361 706 4445 signis
731 4368 764 4430 at
781 4364 938 4452 terminis,
962 4363 1080 4446 quibus
1097 4363 1256 4433 haetenus
1272 4363 1372 4449 ijdem
1388 4379 1483 4450 posse-

372 4463 497 4554 derunt,
522 4467 606 4536 sient
622 4467 717 4539 homo
733 4479 843 4545 noster
859 4473 901 4540 ad
918 4473 979 4539 hoo
993 4472 1177 4558 speoialiter
1203 4473 1383 4540 destinatas
1404 4466 1485 4537 nobis

372 4569 466 4656 dixit,
490 4574 630 4642 confessi
647 4584 723 4643 sunt
739 4577 937 4667 vendidisse,
961 4577 1135 4650 tradidisse
1155 4587 1187 4649 et
1202 4580 1390 4665 assignasse
1403 4575 1486 4644 dietis
