3124 5158
625 377 784 474 Ε-
883 351 885 356 .

146 568 328 657 mandatis,
362 577 397 636 ut
411 589 509 638 unum
535 591 576 639 ex
599 571 681 659 ipsis
706 573 811 638 uirum
829 571 991 658 ydoneum
1009 591 1067 656 pro
1083 571 1265 639 testimonio

148 677 413 763 transmitterent,
438 699 547 746 coram
571 701 635 765 quc
656 679 849 748 venerabilis
867 687 958 764 pater
973 679 1152 765 Episcopus
1168 680 1265 746 Nitri-

148 787 235 852 ensis
267 785 361 852 homo
392 793 502 853 noster
533 789 752 856 reambularet
783 789 888 874 ipsam
921 793 1037 854 terram
1062 789 1265 874 presentibus

147 893 375 961 commetaneis
391 901 424 962 et
438 895 565 981 vicinis,
589 903 622 963 et
637 902 794 963 statueret
810 895 915 962 eidem
931 895 1026 962 Petro
1047 895 1107 962 sub
1122 897 1267 980 antiquis

148 1001 253 1088 metis,
278 1002 385 1068 sinon
401 1002 491 1070 fieret
508 1005 751 1093 contradictum,
775 1004 1027 1072 contradictores
1046 1013 1154 1072 autem
1170 1004 1267 1090 siqui
1284 1037 1288 1049 ·

148 1111 269 1197 fierent,
293 1109 337 1176 ad
352 1119 497 1178 nostram
511 1112 712 1198 presenciam
730 1119 889 1180 euocaret.
914 1111 1006 1190 Quod
1028 1112 1155 1198 quidem
1172 1113 1267 1198 (iapi-

150 1219 251 1285 tulum
267 1218 363 1286 nobis
379 1221 544 1307 rescripsit
563 1221 596 1287 in
612 1221 673 1288 hec
689 1221 805 1288 uerba:

254 1327 535 1398 Excellentissimo
566 1327 695 1397 domiuo
720 1349 779 1396 suo
795 1329 949 1398 Ladizlao
974 1331 1035 1396 sb.
1053 1327 1267 1418 (kdvetkezik

148 1436 306 1522 anyitrai
321 1435 546 1521 kdptolannak
560 1438 728 1524 jelentese,
748 1437 830 1502 mint
846 1437 944 1504 alabb
960 1440 1036 1504 202.
1052 1457 1096 1503 su.
1114 1435 1161 1524 a.)

255 1545 323 1611 Nos
338 1544 450 1628 itaque
466 1546 680 1613 consideratis
700 1544 909 1612 fidelitatibus
930 1552 961 1611 et
976 1544 1123 1629 seruicijs
1140 1544 1267 1611 merito-

148 1653 207 1738 rijs
223 1651 368 1721 ciusdem
383 1653 469 1720 Petri
485 1655 542 1740 filij
560 1654 724 1742 tubraci,
749 1675 812 1739 que
829 1653 916 1720 idem
937 1654 972 1720 in
988 1651 1123 1722 diuersis
1140 1652 1267 1740 expedi·

150 1759 297 1829 cionibus
313 1761 417 1846 Regni
432 1764 692 1857 nostrifideliter
707 1761 852 1850 inpendit
869 1769 901 1829 et
916 1761 1088 1848 indefesse,
1116 1769 1149 1828 ct
1166 1763 1267 1848 speci-

150 1870 246 1936 aliter
279 1871 314 1936 in
345 1871 489 1940 exercitu
520 1879 631 1940 nostro
661 1873 833 1960 generali,
876 1891 969 1956 quem
1004 1878 1116 1940 contra
1148 1871 1268 1956 Regem
1319 1955 1321 1962 Ι

150 1979 340 2044 Boemorum
366 1979 537 2047 inimicum
568 1986 712 2048 nostrum
747 1980 920 2066 capitalem
949 1979 1172 2064 habebamus;
1213 1980 1268 2046 vbi

152 2086 266 2152 eodem
280 2085 370 2170 Rege
385 2089 574 2156 Boemorum
590 2091 781 2173 interempto
796 2087 924 2155 felicem
934 2087 1110 2173 uictoriam,
1128 2087 1268 2154 Domino

151 2203 325 2279 annuente,
342 2216 451 2263 sumus
477 2199 660 2286 consecuti,
699 2197 785 2265 idem
810 2197 869 2264 sub
893 2203 1003 2265 nostro
1028 2193 1269 2262 uexilloJletale

151 2303 266 2369 uulnus
283 2304 430 2390 sustulit,
453 2304 488 2370 in
509 2313 684 2391 conspectu
699 2311 810 2373 nostre
824 2303 1007 2372 Maiestatis
1023 2302 1159 2379 viriliter
1174 2301 1268 2369 dimi·

151 2412 264 2478 cando.
298 2412 336 2477 Iu
362 2415 699 2498 recompensacionem
729 2417 777 2480 tot
807 2420 838 2479 et
868 2417 1029 2480 tantorum
1060 2408 1267 2479 seruiciorum

150 2519 287 2606 predicti
310 2519 400 2586 Petri
425 2521 519 2588 nobis
543 2520 681 2593 fideliter
703 2520 930 2606 inpensornm,
970 2519 1121 2606 quamuis
1144 2519 1269 2585 maiora

150 2634 347 2715 mercretur,
386 2627 549 2714 prefatam
573 2636 691 2698 terram
717 2628 824 2696 <taetri
848 2629 951 2696 nostri
980 2627 1153 2695 Nitriensis
1177 2627 1270 2695 Kend

150 2743 301 2806 vocatam
310 2789 321 2825 ,
345 2735 433 2804 dicto
453 2737 549 2804 Petro
564 2736 631 2803 filio
646 2737 800 2805 Zubunlai
809 2789 819 2824 ,
843 2743 876 2804 ct
899 2755 957 2822 per
973 2754 1044 2804 eum
1060 2734 1129 2804 suis
1144 2730 1269 2805 heredi·

151 2848 224 2932 bus,
248 2842 464 2930 heredumque
480 2865 610 2912 suorum
625 2844 873 2929 successoribus,
896 2843 1053 2928 dedimus,
1077 2845 1270 2912 donauimus
1387 2886 1389 2894 ,

152 2963 184 3023 et
199 2953 394 3022 contulimus
419 2955 488 3021 iure
513 2960 668 3040 perpetuo
693 2960 725 3020 et
750 2951 1013 3020 inreuocabiliter
1028 2951 1269 3039 possidendam.

151 3061 189 3128 In
206 3061 297 3130 cuius
323 3063 370 3128 rei
389 3062 576 3129 memoriam
595 3068 847 3148 perpetuamque
871 3060 1076 3146 firmitatem,
1100 3067 1136 3128 ut
1159 3067 1269 3129 nostre

152 3172 342 3240 collacionis
369 3172 470 3239 series
499 3191 556 3255 per
574 3170 725 3238 labentia
740 3177 918 3256 temporum
934 3171 1046 3256 spacia
1061 3169 1149 3256 apud
1163 3174 1269 3254 poste·

151 3300 203 3348 ros
223 3280 456 3348 inuiolabiliter
481 3285 684 3364 perseueret,
707 3286 875 3364 presentes
899 3279 1118 3346 concessimus
1143 3277 1270 3345 litteras

151 3389 318 3474 dupplicis
334 3386 433 3471 sigilli
452 3386 556 3454 nostri
570 3386 744 3454 munimine
758 3387 937 3454 roboratas.
947 3382 1064 3453 Datum
1081 3405 1137 3471 per
1154 3405 1268 3454 manns

152 3497 286 3564 discreti
317 3497 380 3564 viri
411 3495 558 3578 Magistri
587 3495 727 3561 Achonis
752 3495 827 3561 aule
850 3500 959 3562 nostre
984 3493 1268 3578 viee-cancellarii

152 3605 262 3672 dilecti
288 3610 320 3672 et
343 3603 449 3670 fidelis
470 3603 571 3670 nostri
589 3623 673 3670 anno
698 3602 829 3670 Domini
858 3602 1029 3670 millesimo
1054 3601 1270 3670 ducentesimo

153 3713 396 3799 octuagesimo,
430 3711 583 3779 kalendis
610 3711 770 3798 Augusti,
792 3711 973 3779 indiccione
997 3718 1131 3796 octaua,
1166 3709 1270 3795 Regni

152 3831 260 3892 autem
276 3822 377 3888 nostri
391 3841 476 3888 anno
492 3827 617 3888 octauo.

154 4003 293 4071 (Eredetie
312 3998 485 4069 bdrhdrtydn,
504 4019 522 4054 a
540 4007 616 4053 vdrds
630 4001 853 4068 selyemzsindron
865 4004 973 4067 fdggdtt
994 3997 1086 4066 pocsdt
1104 3997 1272 4063 eluesnett3u

473 4092 554 4144 budai
567 4093 617 4144 lrir.
631 4095 753 4144 kamarai
763 4088 951 4157 levdlta'urban.)

609 4417 819 4435 ’Μ
