3118 5158
875 323 939 392 130

821 411 981 424 ...nnn—n-

336 540 394 588 seu
419 538 607 606 quocunque
633 517 728 585 modo
751 517 857 604 ipsum
878 521 1037 588 Comitem
1052 519 1246 588 Perchinnm
1272 528 1304 588 et
1333 518 1470 587 fratrem

337 649 448 715 suum,
475 636 532 696 aut
558 649 667 696 eorum
692 625 828 696 heredes
855 628 923 696 ullo
949 649 1092 713 unquam
1118 637 1266 718 tempore
1292 630 1467 696 occasione

336 735 479 821 ipsarum
504 744 661 803 terrarum
693 738 860 804 turbarent
891 743 948 804 aut
979 738 1210 822 molestarent;
1244 739 1316 822 ipsa
1342 738 1471 803 Domus

336 853 446 912 nostra
461 845 642 931 Hospitalis
660 853 690 913 et
707 845 826 914 fratres
847 846 950 914 nostri
968 845 1097 914 eosdem
1116 847 1293 914 defendere
1310 846 1470 912 tenebun-

336 961 396 1019 tur.
437 954 479 1020 Vt
509 953 608 1037 igitur
638 955 801 1041 presentis
833 955 1022 1024 collacionis
1053 975 1111 1022 seu
1142 955 1331 1024 donacionis
1363 954 1471 1020 series

335 1062 440 1149 salua,
466 1059 711 1150 inrcnoeabilis,
736 1045 990 1130 ¹inretractabilis
1015 1069 1047 1128 et
1074 1063 1268 1131 inconeussa
1293 1064 1327 1130 in
1354 1081 1470 1148 perpe-

334 1177 424 1234 tunnr
463 1176 666 1255 perseueret3
706 1169 830 1237 litteras
867 1170 1010 1256 Capituli
1047 1171 1196 1239 Ecclesie
1233 1169 1471 1255 Zograbiensis

335 1296 433 1362 super
447 1276 561 1344 eadem
580 1298 753 1346 concessas
768 1279 971 1365 presentibus
989 1280 1224 1366 confirmamus,
1242 1279 1346 1364 sigilli
1361 1279 1470 1344 nostri

335 1386 511 1452 munimine
537 1387 728 1454 roborando.
762 1388 882 1454 Datum
909 1409 995 1455 anno
1016 1387 1149 1455 Domini
1168 1387 1278 1454 ΜὋΟο
1293 1394 1469 1474 septuage-

334 1492 415 1560 simo
432 1487 555 1578 quinto.

334 1677 470 1743 (Erodetie
481 1673 666 1742 bb'rbrirtyan,
685 1682 764 1730 vitriis
777 1678 1003 1748 sslyemasinoron
1022 1681 1107 1748 filggb'
1120 1677 1213 1747 pecset
1232 1679 1320 1742 aisttp
1341 1694 1358 1728 a
1377 1679 1466 1730 bndai

692 1769 743 1821 kir.
765 1770 888 1824 kamarai
915 1767 1105 1838 leveltirban.)

793 2023 1004 2036 m

873 2364 926 2432 85.

334 2559 437 2625 Dones
452 2562 545 2646 ppbri
554 2561 740 2647 pitspblcoek
756 2585 778 2627 o
792 2562 997 2630 boremoctroi
1008 2561 1314 2648 upotsdpjuooc’bao
1331 2565 1476 2648 eppheta-i

433 2669 690 2755 admnooyozdaa
706 2693 745 2736 az
760 2675 839 2758 aptit
854 2672 885 2736 os
901 2693 922 2735 a
937 2670 1071 2735 burdtolt
1088 2674 1247 2735 ozensara.
1265 2673 1362 2736 1275.

439 2849 507 2916 Nos
523 2851 563 2916 D.
581 2849 643 2916 Dei
658 2848 772 2935 gracia
788 2849 969 2936 Episcopus
989 2847 1172 2916 Jauriensis
1197 2847 1351 2916 memorie
1377 2869 1475 2916 com-

331 2957 522 3024 mendantes
547 2958 768 3044 significamus
784 2958 965 3042 uniuersis,
991 2957 1078 3042 quod
1104 2977 1162 3025 nos
1186 2957 1341 3022 dilectum
1356 2959 1477 3042 nobis,

332 3064 495 3132 dominum
522 3067 556 3133 S.
582 3068 803 3136 uenerabilem
829 3065 990 3134 Abbatem
1015 3065 1057 3133 de
1081 3067 1191 3133 Monte
1216 3064 1336 3131 Sancte
1358 3066 1481 3133 Marie

332 3193 471 3240 unacum
487 3173 641 3242 fratribus
667 3173 736 3242 suis
752 3177 893 3258 benigno
911 3173 1025 3241 fauore
1050 3180 1082 3239 et
1100 3172 1239 3258 speciali
1260 3171 1376 3255 gracia
1392 3195 1481 3259 pro-

330 3282 422 3364 sequi
439 3281 624 3369 cupientes,
648 3283 699 3349 ius
716 3282 928 3368 Magistratus
945 3281 1150 3368 Capeliarunn
1175 3279 1482 3366 infrascriptarum

330 3389 363 3452 in
394 3389 656 3472 possessionibus
687 3391 876 3474 Monasterij
908 3391 958 3456 sui
994 3387 1224 3474 existencium,
1262 3385 1391 3454 scilicet
1431 3390 1486 3455 de

330 3495 494 3582 Proznia,
516 3494 556 3560 de
572 3495 701 3581 Kethel,
727 3517 825 3581 quam
850 3495 1038 3562 iamdudum
1064 3517 1105 3563 ex
1130 3493 1314 3564 donacione
1330 3495 1367 3561 Ο.
1386 3495 1487 3580 Epi-

332 3601 423 3688 scopi
440 3603 524 3670 bone
540 3603 694 3672 memorie
714 3603 956 3690 predecessoris
980 3603 1082 3670 nostri
1098 3603 1299 3688 habueraut;
1325 3603 1412 3670 item
1436 3605 1491 3671 de

328 3711 451 3798 Lantey
468 3717 499 3777 et
519 3709 561 3778 de
577 3711 673 3798 Mine,
698 3712 732 3778 in
756 3731 834 3781 usus
861 3710 997 3778 fratrum
1022 3710 1240 3796 predictorum
1265 3707 1492 3781 contulimus

329 3819 425 3902 pleno
441 3818 522 3906 iure,
545 3819 768 3905 prouisionem
794 3821 827 3887 in
844 3817 985 3904 per'sona
1004 3817 1139 3886 alterius
1164 3818 1285 3886 factam
1306 3838 1493 3889 reuocan-

328 3932 376 3991 tes
404 3927 436 3991 in
461 3925 524 3993 hac
549 3933 651 4010 parte.
685 3928 806 3994 Datum
832 3927 922 4014 apud
937 3929 1079 3995 Mentem
1107 3927 1227 3994 Sancte
1242 3926 1347 3993 Mario
1373 3945 1494 4001 anno

328 4033 461 4099 Domini
492 4034 729 4102 M⁰OG⁰LXX⁰
755 4037 866 4119 quinto
892 4035 992 4102 tercio
1020 4034 1071 4100 die
1096 4041 1170 4120 post
1195 4034 1314 4102 festum
1339 4032 1497 4108 Sancte

327 4138 508 4207 Trinitatis.

327 4321 463 4388 (Eredetis
476 4320 649 4396 borhtrtytn,
670 4339 686 4377 a
703 4325 831 4392 meiynek
844 4322 969 4392 pecsetjs
984 4321 1123 4389 elresaett,
1143 4323 1256 4377 abudai
1272 4323 1323 4376 kir.
1337 4321 1505 4390 kannarai
1520 4343 1523 4346 ’

800 4413 988 4484 leveltcirban.)

776 4577 991 4588 —u———u--u
