3124 5158
541 309 544 315 ’
602 359 762 470 ...aa

116 561 185 628 alia
199 579 296 646 noua,
314 579 377 642 que
393 557 541 644 distingit
556 558 641 625 inter
654 565 759 626 terras
774 560 965 646 populorum
979 560 1130 644 Magistri
1142 563 1244 650 Moys,

116 667 341 752 Capitulorum
371 665 633 752 Wesprimiensis
661 673 694 733 et
712 666 872 735 Budensis
889 666 930 734 ds
946 667 1033 735 villis
1050 667 1165 753 Oular3
1189 655 1245 738 ‹lo-

116 775 193 841 inde
217 774 321 842 tendit
350 773 392 842 ad
422 779 547 858 partem
573 773 808 841 oooidentalem
840 773 884 840 ad
911 795 1064 860 magnam
1089 775 1176 842 viam
1201 773 1245 842 ad

115 905 214 949 unam
239 889 360 950 metam
385 889 524 949 terream
549 884 734 968 antiquam,
758 881 849 949 iuxta
864 903 961 967 qnam
978 887 1028 948 est
1042 903 1148 966 noua,
1181 901 1245 967 qno

115 989 267 1074 distingit
282 990 368 1056 inter
377 989 569 1075 Magistrum
587 990 680 1076 Moys
696 995 728 1056 et
745 988 929 1074 Capitulum
939 989 1108 1074 Budense;
1125 987 1244 1055 abhinc

115 1097 221 1180 vergit
237 1117 296 1183 per
311 1097 445 1166 eandem
472 1097 558 1165 viam
584 1117 697 1166 versus
714 1097 881 1165 meridiem
907 1095 950 1162 ad
973 1117 1072 1164 unam
1087 1099 1243 1180 arborem,

115 1206 178 1270 sub
193 1224 260 1287 qua
276 1212 325 1272 est
340 1225 405 1272 vna
421 1211 509 1272 meta
524 1205 659 1289 antiqua
685 1211 717 1271 et
733 1204 801 1272 alia
816 1225 924 1290 noua;
958 1203 1076 1272 deinde
1101 1203 1244 1292 proaedit

114 1311 266 1378 similiter
281 1311 324 1378 ad
340 1319 465 1397 partem
478 1311 740 1399 meridionalem,
764 1321 797 1380 et
816 1313 905 1380 vadit
924 1313 967 1380 ad
983 1311 1130 1380 arborem
1145 1310 1242 1394 iliois,

114 1419 176 1485 sub
191 1439 257 1503 qua
273 1425 348 1487 suut
366 1426 450 1486 mele
476 1419 612 1505 antiqua
637 1427 670 1487 et
694 1439 797 1506 noua3
822 1420 899 1487 inde
923 1417 1015 1488 vadit
1039 1415 1174 1485 inferius
1200 1417 1243 1483 ad

113 1527 271 1595 orientem
287 1527 331 1594 ad
347 1529 443 1595 finem
467 1527 545 1594 ville
572 1527 688 1613 Oular,
712 1527 767 1594 vbi
793 1529 852 1594 sub
878 1529 991 1595 arbore
1010 1526 1073 1612 piri
1090 1532 1140 1595 est
1154 1529 1242 1591 meta

113 1656 220 1719 noua3
246 1641 278 1702 et
294 1635 415 1703 abinde
434 1635 522 1702 vadit
536 1633 672 1702 inferius
690 1634 839 1700 similitor
863 1635 907 1700 ad
932 1635 1088 1701 orientem
1114 1632 1157 1700 ad
1171 1633 1240 1700 val·
1367 1723 1376 1735 ι

112 1742 178 1808 lem
193 1742 336 1810 Borbath
346 1795 356 1830 ,
380 1744 434 1810 vbi
459 1749 547 1811 meta
562 1751 667 1810 terrea
683 1751 732 1810 est
751 1744 887 1828 antiqua
912 1749 945 1811 el
968 1741 1036 1809 alia
1051 1761 1156 1826 noua,
1180 1759 1242 1822 que

113 1855 269 1934 separant
289 1850 420 1936 populis
436 1849 659 1936 Capitulorum
675 1849 835 1918 Budensis
854 1857 887 1916 et
902 1844 1185 1934 wesprimiensis,
1210 1853 1243 1913 et

112 1956 263 2039 Magistri
279 1957 372 2041 lloys
382 2009 392 2044 ,
425 1957 479 2023 vbi
505 1965 590 2025 mete
614 1959 807 2043 populorum
834 1955 976 2042 Capituli
993 1955 1153 2021 Budonsis
1169 1973 1241 2038 pro·

112 2061 192 2128 dieti
209 2063 350 2129 finaliter
365 2065 597 2149 terminantur;
616 2064 734 2134 exinde
749 2065 843 2132 vadit
859 2062 994 2131 iniurius
1008 2063 1042 2128 in
1058 2059 1165 2128 medio
1180 2061 1240 2126 vil·

112 2171 221 2262 larum
238 2169 336 2236 Oular
351 2177 560 2259 voratarum,
587 2180 620 2240 st
634 2193 737 2258 prope
753 2171 796 2237 ad
811 2173 941 2240 arbores
956 2190 1073 2237 nusum
1089 2174 1139 2234 est
1155 2187 1241 2233 noua

111 2283 342 2363 meletense,
365 2279 443 2345 item
462 2279 552 2346 radit
573 2279 616 2345 ad
632 2285 760 2364 partem
777 2278 989 2362 orientalem,
1013 2283 1047 2344 et
1070 2281 1154 2342 retro
1177 2275 1239 2341 vil·

111 2385 180 2450 lam
197 2383 314 2472 Oz'lar,
339 2406 400 2469 quo
426 2365 489 2452 est*
506 2387 587 2452 uilla
601 2387 756 2470 vCapituli
781 2383 1062 2471 wesprimiensis,
1087 2387 1162 2450 sunt
1177 2379 1240 2447 duo

111 2498 196 2558 mete
212 2494 348 2577 antique
363 2494 396 2558 et
411 2492 514 2559 teroia
529 2512 634 2576 noua;
658 2493 778 2582 abhino
793 2492 955 2562 modinum
970 2491 1135 2578 pergendo
1151 2489 1238 2558 simi·

111 2601 189 2668 liter
221 2601 264 2667 ad
296 2607 421 2684 partem
447 2600 638 2667 orientalem
664 2600 758 2667 trasit
782 2601 903 2667 siooam
927 2599 1066 2686 vallem,
1093 2605 1125 2666 ot
1148 2598 1240 2665 iuxta

111 2709 211 2792 viam,
236 2727 294 2793 per
310 2729 407 2793 quam
423 2699 464 2777 de'
479 2709 561 2775 villa
577 2709 693 2777 Bunna
708 2709 830 2776 ituraei
847 2708 962 2776 uillam
978 2707 1062 2794 Igal,
1088 2714 1138 2776 ost
1152 2714 1239 2774 meta

111 2816 250 2900 antiqua
275 2819 336 2886 sub
360 2816 478 2884 arbore
502 2817 586 2884 iliois
607 2825 638 2884 et
656 2817 726 2883 alia
744 2837 849 2901 noua,
874 2835 937 2900 quo
951 2823 1105 2902 separant
1119 2824 1238 2883 terram

110 2925 305 3010 populornm
322 2923 462 3009 Capituli
481 2913 745 3010 wesprimiensis
764 2923 805 2991 de
822 2924 903 2990 villa
920 2922 1037 3010 Oular,
1061 2928 1093 2989 et
1117 2929 1237 2990 terram

108 3031 305 3116 populorum
330 3029 479 3120 Magistri
505 3032 597 3116 Moys
614 3029 654 3098 do
670 3030 753 3098 villa
768 3029 917 3115 Burlrud;
950 3028 1069 3096 abhiuo
1091 3029 1238 3115 superius

109 3138 218 3206 eundo
237 3159 296 3223 per
312 3138 446 3208 eandem
472 3140 559 3205 viam
585 3139 629 3204 ad
653 3149 780 3224 partem
806 3139 1102 3224 septemtrionalem
1120 3139 1153 3204 in
1171 3159 1235 3203 ma·

107 3267 176 3331 gna
208 3248 324 3314 arbore
348 3246 435 3314 iliois
469 3253 520 3312 est
551 3252 638 3312 meta
663 3245 799 3330 antiqua
824 3252 857 3313 et
880 3245 950 3312 alia
973 3265 1078 3334 noua;
1117 3245 1238 3314 deinde

108 3353 258 3419 aseendit
273 3375 371 3440 super
386 3355 430 3421 ad
443 3354 560 3421 siluam
577 3373 730 3438 magnam
746 3373 805 3440 por
822 3354 959 3420 eandem
984 3355 1071 3421 viam
1097 3354 1142 3420 ad
1166 3375 1237 3440 par·

108 3468 174 3526 tem
196 3461 513 3546 septemtrionalem,
539 3461 593 3528 vbi
619 3469 694 3529 sunt
718 3469 785 3529 tres
810 3469 896 3530 mete
919 3470 1042 3530 veteres
1067 3470 1101 3530 et
1119 3472 1238 3547 quarta

109 3587 214 3650 noua;
240 3567 359 3634 abhino
386 3567 536 3634 aseendit
560 3570 604 3634 ad
630 3577 757 3653 partem
781 3568 1078 3654 septemtrionalem
1104 3569 1147 3636 ad
1173 3577 1238 3640 tres

107 3683 214 3742 motas
231 3675 417 3760 angulares,
442 3675 496 3742 vbi
513 3681 563 3743 est
579 3683 696 3760 quarta
712 3681 798 3744 meta
814 3697 917 3757 noua,
942 3684 975 3744 et
999 3677 1048 3744 sio
1064 3677 1236 3745 terminan-

108 3789 163 3848 tur
186 3787 272 3848 mete
297 3787 382 3847 torre
406 3781 600 3866 populorum
625 3783 767 3867 Capituli
787 3783 1049 3870 wesprimiensis
1084 3785 1126 3851 do
1157 3784 1238 3852 villa

108 3891 228 3970 Ozlar,
253 3895 286 3956 et
310 3889 455 3972 iungitur
480 3889 576 3956 metis
602 3895 688 3958 torre
710 3889 904 3976 populorum
925 3890 1068 3976 Capituli
1084 3893 1237 3961 Albensis

107 3996 251 4063 darilla
275 3995 371 4061 Buna
394 3996 511 4062 iterato
536 3997 568 4060 in
595 4017 714 4082 magno
739 3995 883 4081 fossato,
907 4003 939 4065 ol
955 3997 988 4064 in
1004 3981 1124 4083 magna
1139 3999 1235 4086 silua,

107 4121 173 4186 que
188 4102 358 4185 vulgariter
372 4105 447 4190 liget
463 4111 688 4191 nunoupatur3
712 4125 770 4191 per
796 4105 882 4189 quod
907 4105 1065 4172 fossatum
1084 4106 1177 4174 uadit
1193 4107 1235 4173 ad

107 4211 192 4276 duas
216 4216 343 4276 veteres
369 4221 473 4282 metas
498 4213 554 4280 vbi
580 4212 683 4280 tersia
702 4219 751 4280 est
766 4233 870 4300 noua,
894 4213 973 4282 inde
987 4215 1023 4280 in
1039 4213 1153 4280 eadem
1170 4235 1235 4281 ma·

106 4337 177 4402 gna
190 4317 276 4384 silua
301 4339 359 4404 per
383 4320 540 4390 fossatum
565 4321 670 4389 eundo
695 4321 785 4390 vadit
803 4320 924 4390 direoto
943 4321 1178 4408 adorientem,
1204 4329 1236 4388 st

106 4425 201 4491 iuxta
217 4423 377 4493 fossatum
394 4435 444 4496 est
460 4436 546 4496 mota
561 4431 695 4516 antiqua
721 4437 752 4496 et
775 4431 844 4498 alia
859 4451 963 4517 noua;
987 4431 1106 4499 abhino
1122 4449 1235 4515 prooe-

107 4533 158 4600 dit
173 4533 326 4602 similitor
351 4537 393 4604 ad
418 4536 572 4606 orientem
584 4591 593 4627 ,
619 4545 652 4605 et
678 4537 771 4606 vadit
795 4539 838 4606 ad
854 4559 1008 4624 magnam
1026 4543 1172 4608 arborem
1189 4537 1235 4605 ili·

106 4641 175 4724 eis,
200 4641 256 4708 vbi
281 4649 332 4710 est
356 4649 443 4711 meta
462 4645 596 4729 antiqua
620 4653 652 4714 et
677 4645 747 4714 alia
761 4665 867 4733 noua,
893 4653 925 4714 et
940 4651 1025 4715 mete
1044 4647 1235 4735 populorum
1350 4669 1359 4686 ·
