3126 5150
254 971 398 1036 Eresddet
422 979 536 1055 dzoepy
561 971 772 1056 hirdlyodnoh
789 968 948 1038 Ariaieho
972 980 1052 1036 novit
1072 971 1212 1039 birtokot
1231 975 1385 1058 tdrqyozd

367 1079 549 1161 odomdoyo
565 1076 694 1144 Ataddr
713 1089 820 1145 mester
837 1075 925 1144 Ohote
931 1079 985 1161 fio
1000 1082 1155 1144 szdmdra.
1182 1080 1279 1146 1273.

367 1273 512 1340 Donatio
528 1271 673 1358 Reginae
690 1271 903 1342 Elisabethae
918 1271 1018 1358 Regis
1034 1271 1191 1360 Stephani
1201 1274 1240 1340 V.
1258 1271 1385 1358 viduae,

258 1400 326 1463 qua
346 1379 516 1446 mediante
540 1378 705 1466 possessio
729 1381 885 1447 Ariaioha
910 1381 944 1447 in
960 1380 1123 1448 Comitatu
1136 1381 1315 1466 Posegensi
1331 1379 1386 1446 ha·

261 1487 332 1553 bita
347 1487 504 1570 Magistro
519 1485 675 1553 Aladario
700 1487 770 1554 filio
788 1488 902 1573 Ohety,
917 1489 1009 1556 iuxta
1023 1487 1111 1571 quod
1127 1487 1231 1555 eidem
1247 1488 1387 1555 antehae

258 1595 389 1678 Regina
413 1593 553 1660 oondam
578 1595 684 1661 Maria
709 1615 822 1662 socrus
847 1615 908 1662 sua
944 1615 1004 1681 per
1029 1579 1192 1662 defectum
1217 1593 1305 1662 Petri
1327 1593 1387 1661 filii

259 1701 412 1768 Chelleus
438 1699 638 1784 contulerat5
661 1707 776 1785 postea
801 1707 909 1767 tamen
935 1699 1119 1788 Stephanus
1141 1703 1221 1788 Rex,
1247 1699 1386 1768 maritus

258 1827 348 1891 suus,
376 1807 439 1892 ipsi
463 1807 606 1872 offensus
631 1809 815 1893 ademerat,
838 1814 870 1874 et
894 1808 1025 1875 euidam
1049 1806 1186 1875 Nioolao
1210 1807 1277 1875 filio
1303 1807 1385 1873 Lau-

259 1913 364 1996 rentii,
391 1934 429 1979 ao
446 1913 508 1978 alis
524 1913 689 1979 nonnullis
706 1911 895 2009 donaverat
915 1935 988 1982 oum
1008 1935 1166 1982 eonsensu
1182 1914 1240 1980 filii
1257 1915 1308 1981 sui
1325 1913 1384 1980 La·

256 2020 353 2087 dislai
379 2021 444 2104 IV.,
463 2029 495 2086 et
520 2020 561 2086 de
585 2020 721 2089 oonsilio
737 2023 961 2090 Praelatorum
991 2023 1231 2105 ethereum,
1257 2021 1318 2088 suh
1344 2020 1383 2086 iis

258 2127 476 2210 libertatibus,
503 2128 622 2210 quibus
638 2128 791 2199 videlieet
811 2137 918 2200 terrae
944 2130 1083 2198 aliorum
1099 2129 1255 2196 nobilium
1272 2126 1313 2196 de
1327 2129 1384 2194 Po

260 2254 352 2320 saga,
375 2236 600 2321 generacionis
625 2234 761 2304 condam
778 2238 907 2323 Boryoh
923 2237 1006 2305 Bani
1022 2236 1237 2324 possidentur,
1251 2234 1295 2302 ad
1311 2235 1401 2302 hae-¹

257 2339 353 2409 redes
379 2342 482 2430 ipsius
507 2342 744 2429 haeredumque
768 2363 973 2414 suceessores
994 2345 1070 2431 jure
1093 2349 1250 2429 perpetuo
1269 2343 1318 2410 ita
1335 2349 1384 2410 est

257 2450 415 2536 restituta,
444 2457 480 2518 ut
495 2471 553 2538 pro
570 2472 647 2519 oasn
675 2451 823 2520 defectus
848 2454 900 2521 sui
925 2454 1064 2521 liberam
1089 2451 1262 2538 superinde
1277 2452 1381 2544 dispo·
1490 2460 1491 2464 ’

260 2555 357 2626 nendi
372 2557 562 2627 facultatem
578 2559 714 2644 habeat;
732 2559 908 2664 donatione
924 2563 1023 2629 etiam
1039 2560 1225 2648 praenotati
1242 2557 1380 2644 Nieolai,

256 2673 287 2731 et
303 2669 413 2736 nefors
440 2668 589 2755 aliorum,
614 2668 790 2754 superinde
815 2671 946 2737 obtenta
961 2667 1153 2756 simpliciter
1168 2675 1300 2737 oassata
1317 2666 1380 2735 exi-

257 2781 373 2842 stente.
401 2778 498 2844 1273.
515 2778 576 2844 snb
591 2774 791 2844 authentico.

257 2955 290 3016 (A
306 2956 387 3008 hndai
409 2957 598 3042 hir3lramarsi
621 2954 734 3010 levdltdr
749 2954 1057 3021 lajstromlrdnyveih613
1081 2969 1113 3006 aa
1126 2955 1226 3008 eredeti
1239 2949 1382 3020 zlmtsm

571 3055 576 3064 ·
746 3042 887 3107 vientes.)

711 3267 922 3279 -ι--

791 3609 844 3676 22.

257 3793 360 3855 De'nes
387 3791 556 3856 addoroule
584 3789 767 3875 Zutamepye
796 3789 979 3876 pydlo'adden
1005 3789 1093 3856 Jort
1110 3791 1218 3874 fiairo
1242 3793 1380 3859 moosdott

620 3897 761 3961 bttuudclt'
777 3898 885 3962 delete.
913 3901 1009 3964 1273.

361 4093 428 4158 Nos
456 4092 623 4160 Dionisius
648 4091 837 4177 Palatinus,
865 4088 980 4158 (lomes
1007 4091 1047 4156 de
1073 4089 1194 4158 Ohlioh
1223 4095 1256 4156 et
1273 4090 1378 4158 Judex

254 4205 469 4266 Cumanorum
496 4207 609 4266 tenore
635 4199 836 4284 presencium
863 4197 1086 4280 signiiioanrus
1102 4197 1219 4280 quibus
1247 4197 1379 4282 expedit

254 4304 424 4389 uniuersis,
449 4305 621 4388 quodcum
647 4326 688 4371 ox
705 4311 855 4390 precepto
882 4303 1003 4369 domini
1031 4305 1130 4370 nostri
1159 4302 1307 4371 Ladialai
1325 4293 1387 4371 Se?

252 4411 414 4479 renissimi
439 4413 537 4496 Regis
562 4413 704 4494 Vngarie
729 4431 771 4478 ex
796 4409 932 4478 oonsilio
958 4411 1119 4478 Beronum
1145 4412 1247 4478 tooins
1276 4412 1378 4494 Regni

255 4516 296 4582 ad
315 4518 598 4603 condempnandos
616 4517 845 4584 malefaotores
867 4515 1041 4586 fuissemus
1070 4517 1225 4604 ingressi3
1250 4515 1378 4586 tandem
