3118 5158
830 334 989 444 *m*

346 536 485 630 probata
496 537 646 609 conferre
656 535 874 624 dignaremur.
890 541 959 608 Nos
969 541 1090 626 itaque,
1100 537 1155 626 qui
1167 561 1208 608 ex
1218 535 1323 607 officio
1333 537 1472 626 suscepti

347 651 516 736 regiminis
533 649 635 718 nostri
652 650 762 716 metiri
778 647 932 716 debemus
947 649 1063 717 merita
1079 650 1290 735 singulorum,
1304 656 1337 716 et
1352 651 1471 717 unicui·

348 780 410 844 qne
435 759 526 825 iuxta
541 777 671 826 suornm
696 757 899 842 exigenciam
916 757 1101 824 meritorum
1123 777 1240 824 manus
1257 757 1394 840 Regalis
1410 777 1471 823 mu·

347 867 515 934 nificencie
540 865 676 952 aperire,
700 871 866 950 gestantes
891 885 951 950 pre
966 865 1071 934 oculis
1097 864 1181 934 etin
1200 865 1306 950 corde,
1331 867 1470 949 qualiter

347 975 433 1042 idem
448 978 522 1062 Apa
545 975 636 1061 prius
653 981 729 1041 ante
746 981 890 1041 castrum
905 975 1086 1061 lauriense,
1109 993 1181 1040 cum
1206 973 1314 1060 ipsum
1331 979 1472 1039 castrum

347 1083 409 1150 fuit
426 1103 483 1170 per
498 1081 688 1150 Teotonicos
705 1089 906 1168 occupatum,
922 1082 1065 1150 secundo
1081 1088 1190 1149 antem
1207 1085 1349 1149 castrum
1364 1081 1470 1164 Leuc,

346 1195 462 1278 inquo
488 1191 671 1259 Otbocarus
687 1192 880 1260 Boemorom
897 1191 977 1277 Rex,
1003 1193 1092 1280 prins
1117 1193 1221 1278 patris
1240 1190 1363 1276 nostri,
1390 1207 1471 1256 nunc

347 1306 458 1367 noster
482 1299 634 1385 capitalis
651 1299 813 1387 inimicus,
830 1307 942 1366 contra
966 1301 1151 1386 potenciam
1168 1297 1332 1366 bominum
1350 1304 1471 1364 nostro·

347 1408 418 1474 rum
434 1427 470 1476 se
485 1414 663 1494 receperat,
682 1406 738 1474 uix
754 1406 832 1491 luge
847 1407 992 1476 remedio
1008 1409 1177 1493 liberatus,
1194 1407 1250 1474 vbi
1265 1406 1370 1474 eciam
1387 1407 1470 1472 Dur·

346 1515 493 1584 nuboutb
508 1535 608 1598 gener
623 1515 728 1602 ipsius
745 1517 844 1598 Regis
865 1515 1012 1583 occubuit
1029 1522 1212 1584 nostrorum
1227 1534 1287 1602 per
1301 1515 1469 1594 virtutem

347 1645 386 1692 ae
402 1624 503 1692 tercio
521 1631 553 1690 et
569 1622 683 1689 vltimo
709 1625 769 1690 snb
786 1629 893 1692 castro
909 1623 1051 1707 Detreb‚
1076 1623 1132 1691 vbi
1148 1623 1310 1691 exercitus
1335 1621 1471 1708 predicti

347 1731 447 1817 Regis
463 1730 618 1798 Bobemie
633 1729 677 1796 ad
692 1729 943 1816 expugnandum
966 1730 1074 1816 ipsum
1090 1737 1234 1798 castrum
1248 1729 1470 1813 transmissus,

348 1840 494 1910 deuictus
513 1839 573 1906 suit
598 1838 807 1905 clemenciam
830 1859 887 1924 per
902 1839 1068 1922 Diuinam,
1094 1847 1126 1907 et
1143 1838 1251 1924 plures
1270 1837 1311 1904 de
1330 1838 1401 1905 eins
1416 1838 1471 1903 Ba-

251 1957 257 1962 '
347 1949 480 2016 renibus
497 1954 530 2015 et
545 1945 702 2013 militibus
718 1947 935 2033 interbempti,
948 1953 981 2013 et
995 1947 1144 2015 nonnulli
1162 1946 1292 2016 luerunt
1307 1943 1472 2031 captiuati,

348 2053 561 2124 laudabiliter
585 2073 712 2140 semper
735 2054 885 2141 inpendit
910 2054 1114 2141 famulatum,
1142 2055 1276 2124 sudores
1291 2053 1426 2120 bellicos
1442 2055 1473 2118 et

348 2162 461 2230 letalia
475 2161 599 2228 ulnera
615 2161 815 2248 sustinendo,
843 2171 1053 2230 memoratam
1073 2169 1195 2230 terram
1209 2163 1310 2229 Kenw
1327 2159 1473 2228 eiusdem

347 2269 503 2358 Stephani
528 2268 722 2354 acquisitam
748 2267 917 2357 videlicet,
943 2278 976 2337 et
1000 2271 1132 2338 demum
1157 2269 1271 2339 codem
1296 2267 1474 2336 decedente

348 2377 390 2447 ad
406 2397 520 2445 manns
538 2383 678 2464 nostras,
689 2379 772 2446 sicut
789 2377 1005 2466 premisimus,
1020 2378 1206 2447 deuolutam
1222 2379 1288 2444 iam
1304 2373 1391 2442 dicto
1400 2376 1476 2459 Apa

347 2487 382 2553 in
396 2487 734 2571 recompensacionem
759 2486 970 2554 seruiciorum
986 2507 1117 2555 suorum
1142 2491 1176 2553 et
1190 2484 1382 2553 effusionem
1398 2502 1474 2549 san·

349 2595 459 2678 guinis
476 2593 527 2660 sui
551 2593 746 2662 contulimus
772 2614 814 2661 ex
829 2601 919 2662 certa
944 2593 1089 2662 sciencia
1114 2601 1147 2660 ct
1167 2613 1257 2659 mera
1274 2591 1478 2660 liberalitate

348 2708 503 2788 perpetuo
530 2701 663 2787 pacifice
686 2700 936 2789 possidendam,
959 2707 992 2769 et
1015 2721 1087 2769 earn
1102 2721 1160 2787 per
1176 2700 1333 2768 Comitem
1349 2699 1479 2766 Panna·

348 2829 424 2876 num
440 2808 607 2896 deZyguy
622 2808 786 2876 bominem
801 2816 949 2878 nostrum
964 2811 1022 2878 sub
1038 2807 1225 2879 testimonio
1241 2807 1480 2892 Strigoniensis

348 2915 502 3005 Capituli,
518 2919 723 3000 presentibus
741 2919 971 2986 commetaneis
987 2919 1136 2986 omnibus
1154 2925 1186 2986 et
1199 2917 1325 2999 vicinis,
1335 2922 1369 2983 et
1383 2915 1483 2984 nullo

348 3023 584 3092 contradictore
608 3023 736 3109 penitus
762 3031 951 3113 apparente,
975 3032 1070 3112 prout
1087 3027 1147 3092 boo
1163 3025 1197 3092 in
1212 3023 1316 3111 ipsius
1334 3021 1483 3109 Capituli

345 3131 463 3199 litteris
478 3131 618 3199 vidimus
634 3131 800 3218 contineri,
810 3132 956 3216 legitime
972 3131 1108 3202 lecimus
1124 3129 1298 3218 assignari,
1314 3130 1484 3216 volentes,

348 3246 383 3308 ut
398 3248 465 3307 tam
489 3239 563 3324 ipse
578 3242 661 3324 Apa,
679 3259 776 3324 quam
801 3239 871 3308 eius
896 3239 930 3310 in
944 3247 1109 3328 posterum
1134 3257 1339 3307 successores
1355 3256 1486 3304 merno-

347 3353 451 3415 ratam
467 3354 585 3414 terram
602 3347 703 3414 Kezw
711 3398 721 3433 ,
748 3369 821 3415 cum
841 3349 910 3416 suis
930 3349 1129 3417 utilitatibus
1155 3347 1305 3415 omnibus
1322 3352 1356 3413 et
1370 3345 1488 3430 perti-

347 3455 473 3538 nencijs
499 3451 674 3538 vniuersis,
698 3473 737 3520 eo
762 3455 834 3522 iure
858 3463 890 3524 et
906 3455 1022 3524 eadem
1047 3455 1261 3542 plenitudine,
1287 3475 1327 3521 aa
1352 3453 1489 3520 inillis

348 3561 442 3628 metis
469 3565 502 3626 et
518 3559 640 3626 eisdem
666 3560 935 3631 distinoeionibus
961 3565 1189 3651 terminorum,
1216 3561 1385 3649 inquibus
1406 3581 1493 3628 eam

350 3669 457 3736 dictus
474 3667 588 3736 (lomes
613 3667 799 3755 Stephanus
814 3672 917 3739 tenuit
937 3673 1059 3758 pariter
1075 3681 1107 3740 ct
1122 3672 1281 3760 possedit,
1307 3671 1495 3738 inrenoca·

347 3777 459 3844 biliter
474 3774 644 3862 possidere
660 3779 794 3845 valeant
811 3785 842 3846 et
856 3777 990 3846 habere.
1014 3781 1113 3848 Cuius
1130 3780 1261 3864 quidem
1276 3789 1364 3846 terre
1379 3788 1498 3863 mete,

347 3890 443 3970 prout
460 3885 494 3949 in
510 3882 682 3968 priuilegio
699 3884 785 3968 dicti·
793 3884 894 3969 Regis
910 3885 999 3968 Belc,
1020 3887 1105 3970 quod
1120 3887 1251 3972 quidem
1263 3885 1499 3972 priuilegium

348 3989 391 4056 ad
405 3991 561 4056 maiorem
586 3989 730 4076 predicte
755 3991 922 4060 collaciois
947 3993 1132 4086 firmitatem
1157 3995 1222 4081 ipsi
1238 3994 1313 4079 Apa
1337 3995 1499 4061 tradidi-

347 4117 437 4182 mus,
463 4096 665 4182 continetur,
690 4097 751 4166 hoc
775 4099 889 4167 ordine
913 4099 1157 4185 distinguntur:
1180 4101 1293 4168 Prima
1316 4108 1418 4169 meta
1444 4123 1508 4171 aa·

349 4203 461 4290 pitalis
496 4202 611 4290 incipit
643 4204 736 4272 iuxta
769 4205 901 4273 fluuium
926 4207 1035 4273 Nittra
1062 4229 1128 4276 non
1153 4207 1334 4275 inmediate
1357 4229 1508 4292 ‚versus

347 4313 502 4380 orientem
527 4311 614 4397 apud
631 4313 795 4396 quandam
820 4315 961 4381 insulam
986 4313 1075 4382 circa
1090 4313 1254 4400 quandam
1279 4321 1415 4385 terram
1439 4321 1509 4389 do·

347 4421 434 4488 mine
449 4419 575 4503 Regino
591 4420 745 4505 Megered
770 4423 909 4510 nomine,
935 4430 969 4491 et
992 4423 1192 4491 transeundo
1216 4423 1311 4490 iuxta
1337 4426 1513 4496 eandem

347 4525 391 4592 ad
407 4533 515 4610 partes
532 4527 707 4594 orientales
726 4531 874 4614 peruenit
892 4528 936 4597 ad
949 4531 1083 4599 fluuium
1099 4529 1297 4616 Bernkwelg
1311 4541 1513 4621 vocatum,

347 4641 380 4700 et
395 4635 441 4700 ibi
457 4641 507 4700 est
523 4635 668 4702 secunda
685 4644 770 4702 meta
785 4637 988 4726 principalis,
1009 4639 1095 4706 inter
1111 4659 1192 4724 quas
1207 4644 1283 4705 sunt
1299 4644 1376 4705 octo
1401 4653 1518 4713 mete
