3146 5166
851 247 919 317 654

329 445 381 512 rio
394 449 503 512 nostro
519 443 686 530 deputato,
698 442 836 512 mittatis
851 464 950 510 snum
967 465 1007 510 er
1023 443 1116 512 vobis
1131 443 1337 532 idedignum,
1348 465 1452 513 eorsn

330 570 395 638 qno
410 549 497 620 idom
512 551 628 620 &mes
647 551 804 639 Thomas,
828 571 966 619 meeum
998 551 1128 619 homine
1151 557 1291 636 quotuor
1306 552 1452 621 Judioun

330 659 497 728 Nobilium
528 657 569 726 de
593 659 807 728 Comitntibus
825 659 938 728 Hunth
964 664 999 726 et
1013 659 1250 745 Neogrsdiensi
1273 660 1455 729 oonstituto-

329 787 410 855 rnm,
427 787 521 853 quem
537 767 638 852 ijdem
654 766 697 834 ud
712 767 774 836 hoo
790 765 1028 855 deputauerint²
1043 767 1205 836 ussouiuto
1224 767 1327 834 eniam
1343 767 1389 834 ed
1399 769 1453 836 hoo
1545 837 1546 852 ¹

329 875 461 943 homine
475 876 673 946 venerabilis
690 877 795 964 petris
819 875 1067 962 Arohiopisoopi
1078 876 1323 964 Strigoniensis‚
1343 879 1453 946 Dome-

328 983 426 1053 trium
441 985 541 1052 tilium
557 985 695 1070 Dobak,
720 993 752 1053 et
767 985 895 1072 Tybum
917 985 1050 1053 fratrem
1066 986 1158 1070 eius,
1182 985 1309 1072 chaph,
1325 993 1359 1052 et
1373 986 1452 1052 Elei
1545 979 1546 1048 t

327 1093 462 1160 tratrem
478 1091 633 1182 eiusdem,
649 1095 782 1180 Mikom,
808 1093 1007 1183 Phylippum
1024 1099 1056 1160 et
1072 1093 1286 1162 Benediotum
1302 1101 1453 1180 cognatos
1545 1113 1546 1130 ¹

329 1219 451 1286 eornm,
468 1199 501 1265 in
526 1199 683 1284 quasdem
708 1200 932 1286 possessiones
948 1201 1052 1268 Deers
1082 1207 1115 1266 et
1129 1199 1286 1286 Demetrij
1319 1200 1453 1268 fitiorum

329 1308 428 1394 Hnnt,
445 1307 572 1393 Dragul
597 1315 630 1375 et
653 1308 764 1392 Legen
789 1315 933 1394 rosetus,
949 1308 984 1374 in
1014 1327 1096 1392 quus
1114 1306 1214 1396 ijdem
1228 1307 1414 1375 Demetrius
1427 1314 1453 1373 et
1545 1387 1546 1404 χ

330 1414 448 1500 'I'hybu
462 1437 503 1483 uo
518 1416 576 1501 ulij
593 1418 725 1502 eognuti
740 1416 791 1485 sni
806 1419 901 1486 iuxta
915 1415 1154 1484 continenciam
1170 1415 1317 1502 ipsorum
1336 1417 1452 1484 litters·

329 1543 400 1590 rum
415 1529 597 1592 nostrerum
612 1524 746 1594 introire
761 1524 911 1610 detenet,
930 1523 1150 1592 ‘introduount
1176 1542 1409 1610 permansuros
1420 1525 1451 1591 in
1545 1513 1546 1604 i

329 1630 462 1717 eisdem,
486 1634 560 1700 sine
575 1631 799 1700 destruooione
824 1631 1068 1719 possessionum
1093 1631 1279 1700 eurumdem
1295 1650 1399 1715 usqne
1413 1627 1453 1697 ud

329 1740 454 1808 exitum
469 1741 629 1828 presentis
644 1740 783 1829 negooij,
800 1741 889 1826 quod
904 1739 1012 1825 egitur
1042 1740 1128 1807 inter
1158 1739 1289 1807 eosdem
1305 1739 1409 1806 Deers
1423 1743 1454 1805 et
1545 1809 1546 1828 p

333 1847 533 1914 Demetrium
550 1848 594 1913 ab
609 1868 676 1914 unu
690 1855 794 1935 purte,
819 1853 853 1914 et
868 1848 960 1934 Gepk
974 1865 1014 1912 ao
1028 1846 1112 1914 elios
1143 1851 1296 1930 cognatos
1312 1844 1452 1912 eiusdem

328 1953 494 2040 predictos
511 1973 552 2022 ox
568 1955 674 2022 alteru
689 1974 798 2022 eornm
814 1953 917 2022 nobis.
933 1951 1092 2021 Volumus
1101 1959 1221 2038 tumen,
1243 1951 1331 2036 quod
1348 1952 1451 2020 medio
1545 1977 1546 1980 ¹

327 2064 473 2146 tempore
488 2059 592 2150 (insti)
608 2067 792 2148 proventus,
809 2061 964 2130 videlieet
979 2061 1179 2130 vsustruotus
1210 2057 1371 2128 diotsrum
1385 2079 1452 2144 pos·
1545 2045 1546 2100 ἶ

329 2167 505 2238 sessionem
519 2189 576 2255 por
592 2168 732 2257 eosdem,
744 2169 845 2254 quiin
865 2169 1021 2255 predictis
1032 2167 1292 2256 possessionibus
1303 2165 1453 2248 resident,

327 2273 548 2361 percipientur
573 2275 657 2346 siout
686 2276 790 2344 deest.
821 2276 962 2345 Postheo
991 2275 1085 2344 nobis
1109 2274 1204 2342 huius
1228 2274 1358 2359 seriem,
1382 2292 1452 2341 oum

328 2386 416 2449 statu
431 2381 634 2466 etqualitate
662 2383 822 2452 dieturum
838 2383 1100 2470 possessionum,
1130 2387 1227 2468 prout
1255 2379 1343 2447 idem
1358 2379 1451 2446 humo

327 2497 437 2557 noster
452 2489 485 2557 in
501 2489 635 2560 introitu
659 2491 703 2558 ud
728 2491 863 2560 easdem
893 2488 1122 2578 possessiones
1152 2488 1337 2576 inuenerit,
1361 2485 1452 2554 nobis
1545 2483 1546 2528 i

327 2596 467 2666 fideliter
483 2597 679 2668 rescribatis.
712 2599 832 2666 Datum
864 2619 967 2686 prope
989 2597 1219 2670 Monesterium
1237 2632 1277 2646 -
1296 2633 1336 2646 -·
1354 2593 1451 2676 toreio
1545 2621 1546 2694 ξ

327 2700 381 2788 siis
398 2705 493 2776 Beati
507 2705 643 2796 Mothoy
658 2703 818 2794 Apostoli.
1545 2713 1546 2724 ¹

329 2899 381 2966 tt·
393 2905 554 2972 unornane
565 2902 959 2976 mpunnmsjsnnsusssr,
972 2900 1137 2957 monemus
1150 2897 1453 2966 smsrsssrornssys
1545 2891 1546 2930 ³

357 3000 361 3004 ’
677 3067 679 3070 ,
733 2989 1052 3065 amiterninam)
