3146 5166
647 869 722 938 435.

131 1077 236 1160 Zopcb
251 1074 402 1158 belpadpet
418 1072 575 1154 tdrpyozd
605 1068 838 1152 t'o'roc'nyleezdsc‘
855 1069 1025 1132 butdrozat
1044 1067 1106 1132 Jot
1123 1069 1153 1132 έε
1174 1069 1249 1146 Pel,

176 1183 273 1266 Ryup
282 1181 359 1264 fiai,
376 1183 405 1243 e's
422 1200 443 1240 a
459 1177 652 1262 aydlszc‘peta‘
676 1174 909 1262 apdczazcirda
925 1175 1007 1240 lcb’zt.
1026 1152 1074 1240 ὧν
1089 1176 1206 1241 udkot.

236 1377 357 1442 Datum
374 1393 431 1458 pro
458 1371 624 1455 memoria,
649 1369 737 1454 quod
762 1370 824 1436 Job
840 1369 926 1436 filius
952 1373 1057 1454 Rng
1082 1391 1142 1454 pro
1159 1391 1194 1437 se
1223 1340 1269 1435 et

129 1504 187 1566 pro
204 1484 307 1548 Paulo
324 1481 424 1546 fratre
441 1498 499 1544 suo
517 1497 589 1541 cum
616 1476 849 1562 procuratorijs
875 1477 993 1543 litteris
1019 1477 1253 1544 Cruciferorum

126 1593 167 1657 de
186 1591 312 1657 Calidis
328 1587 432 1670 Aquis
449 1583 683 1670 comparend03
701 1591 734 1651 et
748 1585 863 1651 Petrus
878 1585 966 1652 filius
991 1585 1117 1652 Alberti
1143 1605 1254 1672 perso-

129 1697 248 1765 naliter
265 1701 388 1777 astans,
405 1699 518 1758 contra
533 1692 639 1758 dictas
654 1711 780 1758 sorores
797 1690 840 1756 dc
855 1692 968 1758 Insula
983 1693 1082 1758 Beate
1109 1693 1255 1778 Virginis

127 1805 166 1870 de
191 1803 295 1886 Buda,
322 1821 379 1886 pro
404 1799 520 1883 quibus
545 1798 665 1864 Paulus
691 1805 723 1863 et
738 1799 903 1884 Nycolaus
930 1799 1070 1868 Comites
1096 1799 1255 1867 officiales

128 1909 304 1977 earundem
321 1929 394 1974 cum
410 1905 582 1972 sufficienti
600 1905 818 1989 procuratorio
835 1915 1089 1992 comperuernnt,
1120 1915 1256 1991 egerunt

128 2019 161 2083 in
186 2015 291 2082 forma
302 2014 419 2100 jndicij
446 2033 552 2080 coram
571 2011 683 2095 nobis3
710 2012 795 2095 quod
821 2012 948 2080 domine
974 2033 1101 2082 sorores
1135 2022 1254 2081 terram

127 2121 301 2190 eorundem
326 2119 560 2186 hereditariam
585 2119 697 2204 Zoych
723 2126 872 2186 uocatam
896 2121 1133 2186 reambulatam
1158 2117 1257 2186 medi-

127 2231 254 2296 antibus
271 2227 386 2294 litteris
401 2225 546 2310 Capituli
561 2223 720 2292 Budensis
746 2246 803 2311 per
828 2231 954 2293 ueteres
979 2234 1093 2308 metas,
1110 2227 1255 2294 indebite

129 2339 319 2419 occupatam
335 2331 536 2400 detinerent:
554 2352 572 2398 e
589 2351 744 2399 conuerso
760 2334 880 2400 Paulus
896 2341 927 2400 et
952 2333 1119 2419 Nycolaus
1148 2333 1250 2400 Comi-

128 2453 175 2510 tcs
190 2463 251 2528 pro
269 2441 393 2508 eisdam
410 2439 602 2506 dominabus
628 2439 881 2525 responderunt:
900 2441 986 2524 quod
1012 2439 1160 2508 dominus
1184 2443 1256 2507 Rex

129 2553 175 2617 St.
187 2551 275 2617 clare
291 2547 441 2615 memorie
457 2545 620 2630 quandam
631 2541 867 2631 possessionem
877 2545 1010 2614 Tarson
1026 2554 1185 2631 vocatam,
1199 2548 1258 2612 ubi

129 2657 246 2743 populi
261 2657 408 2723 Duoatus
422 2655 757 2738 etZulgageurienses
768 2655 964 2739 residebant,
980 2656 1014 2721 in
1032 2656 1256 2722 concambium

131 2765 337 2847 quarundam
357 2762 594 2850 posscssionum
612 2761 735 2828 eisdem
745 2762 938 2830 dominabus
950 2763 1149 2851 contulisset,
1162 2770 1194 2830 et
1210 2764 1257 2848 ip-

129 2891 167 2938 sa
184 2877 272 2938 terra
283 2862 490 2958 Zoychesset
501 2870 691 2954 populorum
701 2869 1036 2957 Zulgageuriensium,
1048 2877 1081 2938 et
1092 2871 1178 2938 intra
1194 2891 1258 2937 me·

128 2987 179 3046 tas
196 2986 282 3044 terre
301 2979 433 3045 Tarson
450 2978 579 3063 iaceret,
596 2983 690 3061 prout
701 2979 802 3044 seiam
814 2979 887 3064 ipsa
898 2985 984 3044 terra
995 2999 1052 3063 per
1066 2978 1257 3062 Magistrum

129 3087 314 3151 Rolandum
331 3085 432 3151 filium
448 3085 542 3151 Mark
558 3105 598 3150 ex
614 3087 794 3152 collacione
820 3087 921 3169 Regia
948 3094 1046 3152 antea
1071 3087 1259 3152 dinosceba-

130 3200 184 3258 tur
199 3193 394 3278 possedisse,
410 3192 624 3258 iustrumcnta
640 3211 738 3276 super
762 3193 824 3257 hoc
839 3193 1004 3277 predictas
1030 3192 1177 3259 dominas
1203 3192 1258 3257 ha»

130 3299 207 3365 bere
223 3305 417 3366 asserentes.
434 3297 527 3365 Vnde
551 3319 611 3364 nos
628 3317 779 3365 unacum
806 3299 963 3383 Magistro
992 3299 1159 3383 Aladario,
1183 3299 1260 3365 Far-

129 3405 219 3474 casio
234 3405 390 3487 Magistro
408 3411 440 3472 et
456 3406 581 3472 Gemite
597 3404 721 3471 Thema
746 3405 840 3472 nobis
864 3425 922 3490 per
947 3405 1110 3473 dominum
1134 3409 1257 3491 Regem

127 3513 163 3579 in
180 3513 284 3581 socios
311 3513 482 3599 deputatos
517 3511 729 3599 decreuimus,
754 3513 840 3596 quod
864 3513 899 3578 in
925 3513 1048 3580 octauis
1073 3515 1260 3600 Epiphania

125 3621 267 3688 Domine
281 3621 424 3706 predicte
441 3622 569 3701 dominc
584 3614 711 3689 sorores
726 3626 838 3686 contra
863 3620 994 3687 eosdem
1009 3621 1083 3708 Job,
1114 3621 1252 3691 Paulum

126 3735 160 3794 et
175 3727 308 3795 Petrum
324 3728 539 3796 instrumenta
556 3748 617 3796 sua
632 3750 730 3814 snper
745 3729 833 3796 facto
845 3728 989 3796 eiusdem
1008 3735 1102 3816 terre,
1119 3749 1256 3813 quecun-

125 3854 193 3918 que
209 3833 344 3921 habent,
359 3835 515 3902 exhibere
531 3836 673 3904 debeant
689 3857 797 3903 coram
823 3836 927 3923 nobis,
955 3836 1072 3919 quibus
1098 3837 1255 3904 exhibitis

125 3960 377 4025 cognossocmus
393 3943 478 4010 inter
492 3951 602 4028 partes
618 3943 742 4012 iustitia
769 3944 941 4011 mediante.
959 3945 1079 4010 Datum
1107 3944 1199 4011 Bude
1225 3947 1260 4012 in

125 4049 270 4116 crastino
287 4049 520 4131 quindenarum
536 4051 686 4118 Omnium
713 4051 915 4119 Sanctorum.

236 4157 373 4222 Kivdl
390 4183 398 4223 :
416 4157 480 4222 Pro
498 4157 689 4225 dominabus
699 4157 863 4228 sororibus
879 4159 920 4226 de
936 4157 1049 4226 Insula
1063 4167 1177 4228 contra
1192 4159 1257 4228 Job

129 4267 163 4328 et
180 4259 263 4329 alios
279 4261 323 4328 ad
339 4269 472 4332 octabas
488 4265 673 4353 Epiphanio
688 4265 827 4333 Domini.

135 4477 276 4546 (Ersdetie
289 4475 465 4552 bdrhdrtytm
477 4495 495 4537 'a
508 4476 650 4554 strpecsdt
664 4481 797 4541 elcesaett
811 4507 818 4550 ς
832 4504 848 4540 a
860 4481 942 4541 budai
955 4485 1007 4540 kir.
1021 4482 1147 4541 kamarai
1171 4487 1196 4541 le
1211 4482 1266 4542 vbl·

637 4575 755 4646 larbam.)
1265 4581 1267 4586 '

585 4741 797 4751 κιο-ψ..
