3124 5158
599 319 757 424 *un-

110 519 232 588 nostris
248 517 419 601 Proposito
445 523 478 583 et
503 516 684 586 Conneutui
703 519 743 584 de
768 519 865 587 Lelez
886 519 1004 587 nostris
1025 519 1172 589 dedimus
1189 519 1239 587 iit·

113 628 195 694 teris
210 625 245 692 in
261 624 445 711 mandatis,
484 629 519 690 vt
544 645 615 691 cum
642 625 800 708 Gregorio
832 625 898 694 filio
924 627 1080 695 Zelemeu
1111 628 1240 695 homine

111 841 202 908 idern
216 839 312 906 homo
328 845 441 906 noster
456 837 618 924 prefatam
634 846 754 906 terram
769 841 974 926 presentibus
990 828 1139 909 omnibus
1156 861 1241 909 eom·

112 949 275 1014 metaueis
293 955 325 1013 et
340 946 457 1014 vicinis
474 948 692 1016 reambularet
721 955 752 1015 et
768 947 889 1015 eisdem
907 953 1108 1036 restitueret,
1132 949 1161 1016 si
1177 971 1242 1017 nou

113 1055 206 1121 fieret
230 1052 481 1121 contradictum·
503 1053 565 1132 Qui
593 1054 724 1138 quidem
740 1055 945 1141 postmodum
961 1057 1055 1124 uobis
1071 1059 1241 1144 rescripse

115 1169 193 1229 runt
203 1213 213 1248 ,
232 1161 235 1167 ’
252 1161 338 1246 quod
364 1161 526 1244 prefatam
547 1169 668 1230 terram
685 1161 889 1247 presentibus
906 1162 1054 1231 omnihus
1070 1173 1242 1234 commeta·

114 1270 188 1338 neis
204 1275 237 1334 et
251 1268 371 1336 ricinis
387 1256 639 1354 reamhulasset
659 1279 691 1336 et
709 1269 813 1336 eidem
831 1269 960 1337 Andree
977 1276 1009 1336 et
1025 1271 1127 1339 Jacou
1143 1274 1243 1356 magi-

116 1380 196 1446 stris
223 1378 419 1445 restituisset
446 1379 537 1445 nullo
562 1379 800 1450 contradictore
825 1385 1012 1464 apparente.
1046 1381 1113 1448 Nos
1133 1381 1242 1465 igitur,

117 1486 198 1570 quia
223 1483 397 1567 unicuique
419 1484 453 1550 in
479 1505 540 1551 sua
555 1485 692 1570 justicia
708 1485 821 1552 deesse
835 1507 900 1553 non
916 1485 1080 1573 debemus,
1101 1487 1244 1554 couside-

115 1600 294 1677 rantesque
310 1592 449 1660 seruicia
464 1598 496 1660 et
504 1592 677 1660 fidelitates
689 1593 874 1675 eorundem,
890 1611 953 1675 que
970 1592 1087 1677 vbique
1097 1593 1244 1660 locorum

116 1702 212 1768 nohis
238 1720 310 1766 cum
335 1700 462 1767 feruore
483 1721 631 1786 sumpme
653 1700 820 1768 fidelitatis
838 1697 1025 1785 impendere
1041 1708 1245 1786 creauerunt,

119 1817 152 1875 et
166 1805 355 1892 specialiter
370 1809 403 1874 in
421 1811 567 1875 exercitu
584 1816 694 1875 nostro
712 1809 878 1895 generali,
902 1807 934 1873 in
959 1829 1022 1891 quo
1038 1808 1127 1891 Rege
1142 1807 1245 1876 Bohe·

4 1927 10 1932 '
117 1917 181 1980 mie
208 1915 341 1980 inimico
367 1923 479 1983 nostro
505 1916 639 2001 capitali
669 1917 862 2000 interempto
889 1915 1012 1981 Diuina
1036 1915 1245 2000 permittente

118 2022 236 2106 gracia
266 2021 406 2089 feliciter
436 2023 604 2088 victoriam
637 2041 746 2090 sumus
779 2021 962 2105 eonsecdti,
995 2019 1245 2106 impenderunt3

117 2130 280 2214 prefatam
298 2137 418 2196 terram
436 2151 507 2196 cum
525 2131 674 2218 omnibns
693 2129 888 2196 utilitatibus
905 2135 937 2196 et
951 2127 1160 2214 pertinenciis
1176 2129 1246 2195 vni-

117 2236 247 2321 uersis,
272 2237 388 2319 quibus
412 2257 471 2322 per
496 2238 627 2304 eosdem
651 2237 743 2322 prius
768 2237 829 2302 rite
855 2256 911 2302 seu
930 2236 1073 2320 legitime
1094 2255 1246 2322 possessa

117 2342 238 2423 fuerat,
265 2343 463 2411 restituimus
496 2351 528 2411 et
558 2344 759 2411 reddidimus
786 2343 907 2412 eisdem
933 2350 965 2411 et
988 2344 1058 2412 suis
1073 2344 1246 2411 heredibus

118 2451 343 2534 heredumque
364 2470 494 2516 suorum
510 2451 753 2517 successoribus
763 2449 841 2532 jure
856 2455 1011 2535 perpetuo
1036 2458 1067 2517 et
1085 2451 1246 2518 irreuoca·

120 2557 236 2624 biliter
251 2558 493 2642 possidendam.
518 2561 556 2624 In
582 2561 672 2625 cuius
699 2557 746 2625 rei
776 2559 963 2624 memoriam
994 2566 1248 2644 perpetuamque

123 2661 312 2732 firmitatem
328 2672 497 2751 presentes
508 2665 726 2732 concessimus
736 2663 861 2744 litteras
873 2663 1011 2749 duplicis
1027 2665 1130 2750 sigilli
1145 2668 1248 2733 nostri

120 2772 302 2838 munimine
326 2772 505 2840 roboratas.
529 2772 648 2838 Datum
674 2791 733 2856 per
748 2791 862 2836 manus
878 2770 1008 2838 discreti
1023 2772 1086 2836 viri
1101 2772 1250 2856 Magistri

118 2880 255 2947 Nicolai
282 2879 436 2947 Albensis
461 2879 607 2948 Eeclesie'
632 2877 737 2946 Eleeti
761 2880 834 2945 aule
858 2885 965 2945 nostre
990 2877 1250 2945 Vico-Cancella·

85 3023 91 3035 .
119 2989 161 3072 fij
188 2987 305 3055 dilecti
331 2994 363 3053 et
381 2987 488 3054 cuens
508 2987 628 3071 nostri,
655 3007 741 3054 anno
767 2987 897 3054 nomin
914 2969 1251 3072 mccuxrnnolo,

119 3095 227 3178 Regni
244 3099 355 3160 autern
370 3095 471 3161 nostri
487 3115 573 3163 auno
589 3096 736 3180 septimo.

121 3273 206 3339 (XVI.
221 3269 380 3324 sattaadbeli
402 3275 498 3326 hitales
521 3272 635 3327 misolat
648 3273 723 3327 utin.
743 3278 782 3328 Aa
796 3270 914 3337 ohmiuy
927 3268 1067 3340 kivcnatit
1087 3268 1147 3324 lfsd
1160 3269 1253 3336 Fajir·

393 3363 438 3416 nel
453 3366 516 3416 Ood.
530 3365 603 3432 Dipl.
617 3367 650 3419 V.
664 3368 691 3416 lr.
704 3370 730 3418 2.
744 3384 765 3417 r.
781 3367 840 3416 563.
854 3363 885 3430 l.)

173 4731 437 4776 nomannorum.
454 4736 524 4772 nrsr.
542 4743 581 4754 —
600 4735 671 4769 ntur..
690 4721 727 4772 tt.
