3138 5164
880 309 947 376 460

830 397 990 405 —u———a—

343 501 469 566 litteras
499 503 707 587 opposicione
732 502 834 587 sigilli
861 503 962 568 nostri
988 503 1211 571 communitus.
1238 507 1357 575 Datum
1385 527 1465 572 suno

344 607 477 674 Domini
495 609 616 676 M⁰GG⁰
631 612 853 694 octuagesimo
869 609 1018 694 septimo.

343 783 660 857 (Eredetiebiirhtrtytm
675 789 786 856 molyr'ol
796 806 814 840 s
822 789 914 856 peeset
925 788 1099 858 ebriis-sergo
1109 791 1338 857 selyemssiubron
1348 790 1449 861 suggest
1459 812 1465 855 ς
1546 767 1547 802 l

651 894 669 930 s
682 879 765 931 burlsi
778 879 829 932 kir.
842 879 966 932 lemorel
979 877 1170 949 levtlttrbm.)

804 1094 1016 1108 m-

879 1542 958 1611 2331.

257 1775 268 1788 .
353 1717 473 1806 Asopi
488 1723 684 1787 konnentrtek
699 1724 964 1809 bizoopsdplevele
975 1775 985 1806 ,
1010 1729 1093 1812 bopy
1108 1727 1287 1810 Dywyelrei
1303 1727 1427 1810 Mdlycir
1441 1729 1468 1790 e'r

344 1831 476 1895 testoere
507 1829 720 1894 Tivadarnuk
750 1835 869 1916 cirvfjo
879 1882 890 1911 ,
920 1833 1072 1918 Tyoodur
1096 1833 1270 1920 mepobte'se
1302 1834 1469 1920 to'rpyo'bon

601 1941 739 2006 Kurtost'
754 1943 865 2006 Potlat
880 1943 1093 2028 epyezkedtek.
1111 1945 1210 2008 1287.

604 2122 634 2183 A
741 2183 746 2188 ,
904 2121 931 2185 Β
1062 2151 1065 2156 ·
1202 2119 1228 2184 O

453 2293 628 2362 Lsdiulaus
644 2297 833 2383 Propositus
850 2304 882 2365 et
893 2298 1078 2364 Conueutus
1096 2275 1232 2362 fratrum
1250 2295 1382 2364 Ordinis
1392 2297 1459 2361 Pre·

346 2402 632 2468 monstrstensium
650 2401 690 2470 de
705 2403 795 2487 Ssug
811 2404 958 2470 omuibus
983 2404 1103 2470 Christi
1131 2404 1283 2470 fidelibus
1310 2411 1373 2469 taur
1401 2425 1462 2488 pre·
1546 2425 1547 2430 ¹

346 2509 490 2574 sontibus
506 2528 603 2592 quam
619 2508 736 2576 futuris
751 2531 885 2596 presens
902 2511 1058 2595 seriptum
1077 2509 1269 2594 inspecturis
1286 2511 1422 2576 salutern
1435 2511 1463 2574 iu

347 2613 487 2680 omniurn
506 2615 681 2682 saluatore.
707 2616 760 2682 Au
785 2617 1007 2701 uniuersorum
1032 2617 1183 2682 noticiam
1209 2623 1319 2682 tenore
1343 2636 1463 2702 presen-

348 2720 431 2785 oium
448 2721 594 2788 volumus
611 2721 791 2807 peruenire,
817 2722 904 2804 quod
930 2723 1145 2807 personaliter
1171 2724 1338 2788 constituti
1364 2743 1464 2790 coram

347 2825 439 2891 nobis
454 2825 596 2902 Mothites
611 2829 696 2896 filius
713 2831 814 2896 Demo
831 2829 872 2894 de
888 2828 1057 2913 Dywyohe
1069 2837 1101 2895 et
1111 2829 1274 2913 orphanus
1283 2829 1463 2914 Thyoodori

345 2931 431 2999 filius
447 2931 555 3000 fratris
572 2935 623 3001 sui
639 2955 679 3001 ex
694 2956 761 3002 uua
774 2943 878 3022 parte,
898 2937 940 3000 ab
957 2936 1062 3001 altero
1077 2955 1153 3000 uero
1169 2935 1292 3026 Paulus
1310 2935 1394 3002 tilius
1405 2937 1463 3000 lla·

346 3039 431 3105 daoh
446 3038 487 3107 de
505 3042 625 3108 Kortus
640 3048 708 3109 tem
725 3063 782 3128 pro
798 3063 834 3109 se
851 3062 949 3125 quam
960 3061 1018 3125 pro
1035 3041 1187 3108 fratribus
1207 3043 1275 3108 suis
1295 3043 1464 3108 Benediolo

279 3221 282 3228 ,
347 3153 380 3213 et
395 3145 528 3213 Andros
543 3147 642 3229 ijuem
659 3149 717 3232 filij
737 3147 876 3214 Madaob
894 3147 1072 3214 seeundum
1100 3147 1268 3213 arbitrium
1296 3151 1464 3233 proborum

346 3253 487 3320 virorum
504 3251 592 3320 etde
609 3253 779 3320 uoluntate
795 3241 942 3352 parcium
958 3274 1017 3338 pro
1034 3260 1137 3321 morte
1154 3259 1187 3320 et
1211 3254 1377 3340 oooisioue
1402 3274 1466 3339 pre·
1546 3325 1547 3328 ,

346 3357 407 3424 fati
423 3358 608 3445 Thyoodori
624 3362 792 3428 solueruut
808 3381 916 3427 eoram
932 3362 1024 3428 uobis
1041 3361 1161 3428 Mathie
1189 3368 1222 3426 et
1247 3363 1395 3445 orphano
1421 3380 1465 3426 su-

347 3463 505 3549 pradietis
521 3467 637 3551 viginti
652 3487 780 3534 meroes
799 3468 832 3533 iu
848 3473 985 3552 argento
1010 3467 1110 3532 finito.
1142 3468 1377 3551 Assumpmeos
1405 3469 1468 3552 ipso

348 3571 500 3656 Mallias,
527 3573 613 3656 quod
639 3575 821 3658 quicunque
848 3573 993 3660 prefatos
1019 3573 1104 3642 lilios
1128 3571 1266 3640 Madaoh
1292 3573 1420 3639 reeioue
1440 3578 1469 3636 et

300 3719 304 3728 -
348 3679 518 3746 oeensioue
534 3682 646 3749 mortis
662 3689 694 3748 et
720 3681 893 3750 oooisionis
919 3679 1077 3767 sepedicti
1103 3679 1291 3765 Thyoodori
1319 3679 1468 3746 niteretur

348 3787 531 3874 molestare,
548 3789 619 3873 ipse
644 3797 806 3856 teneretur
831 3809 888 3856 eos
913 3789 1068 3874 expedire
1093 3793 1125 3853 et
1151 3808 1308 3854 excusare
1333 3787 1467 3874 proprijs

346 3894 515 3963 laboribus
531 3903 562 3962 et
577 3899 742 3983 expensis.
759 3893 801 3964 lu
814 3897 904 3969 ouius
920 3895 966 3963 rei
981 3895 1200 3962 testimouium
1216 3895 1260 3961 ed
1276 3893 1466 3962 instanciam

347 4003 494 4087 parcium
510 4009 678 4088 presentes
694 4004 910 4071 oouoessimus
921 4001 1048 4068 litteras
1059 4001 1163 4086 sigilli
1179 4001 1283 4068 nostri
1296 4002 1464 4068 munimine
1546 4033 1547 4090 g

349 4110 527 4180 roboratos.
545 4113 666 4180 Datum
692 4114 726 4179 iu
751 4112 925 4178 Dominioe
948 4109 1062 4178 ludios
1086 4130 1173 4178 auno
1199 4109 1330 4178 Domini
1353 4104 1467 4175 uuo·
1546 4115 1547 4208 t

349 4217 490 4284 LXXX⁰
505 4218 652 4304 septimo.

347 4395 667 4465 (Eredetiebilrhtrtytn,
689 4397 815 4464 molynelr
825 4393 1018 4464 friggb'peosete
1032 4393 1088 4458 intr
1102 4397 1272 4460 stramenta
1297 4411 1382 4448 nemu.
1406 4403 1461 4442 mu·

742 4501 820 4538 usum
832 4482 1078 4553 kezirsttirrtbsu.)
