3126 5150
123 1033 256 1098 Hobotd
272 1040 378 1096 nweter
400 1031 525 1096 lindvoi
549 1030 690 1114 ezdllo'jet
707 1054 728 1094 o
744 1031 875 1093 ooeucirc'
899 1029 1119 1114 triptolemon
1135 1031 1263 1094 odonari-

571 1157 700 1224 nyozzo.
727 1140 823 1203 1272.

237 1335 307 1402 Nos
323 1335 481 1420 Magister
500 1335 668 1404 Hoholdus
694 1333 852 1401 Dominus
878 1333 920 1400 de
945 1333 1073 1400 Lindua
1099 1334 1259 1418 significe-

126 1465 211 1530 mns,
239 1444 358 1528 quibus
385 1444 517 1530 expedit
541 1444 721 1529 uniuersis3
747 1442 834 1528 qnod
859 1463 917 1509 nos
946 1461 1013 1508 vnn
1038 1461 1111 1509 cum
1132 1442 1261 1508 Matheo

129 1561 163 1621 et
177 1552 345 1640 Stephano
361 1553 438 1638 filijs
455 1553 584 1639 nostris,
609 1553 651 1619 ob
667 1557 812 1618 nostram
830 1558 862 1616 et
879 1549 1009 1616 domine
1026 1549 1135 1618 uxoris
1151 1557 1260 1618 nostre

129 1663 215 1728 bone
240 1661 395 1728 memorie
419 1663 556 1729 salutem
568 1711 577 1745 ,
605 1663 735 1728 vineam
752 1659 921 1725 Ohnrnute
944 1659 979 1726 in
1000 1663 1128 1726 nostres
1145 1677 1260 1726 manus

132 1771 202 1836 suis
219 1769 326 1856 culpis
353 1769 559 1854 exigentibus
576 1769 786 1854 deuolutam,
803 1767 986 1852 plantatum
1011 1766 1045 1832 in
1064 1773 1172 1834 monte
1188 1767 1261 1832 Lin-

129 1875 207 1962 due,
224 1877 387 1946 iacentem
404 1879 448 1945 ad
465 1877 676 1963 occidentem,
694 1877 819 1960 absque
831 1875 999 1943 cbibrienc
1010 1874 1154 1942 Ecclesie
1169 1876 1261 1944 Beati

129 1985 303 2054 Michaelis
330 1985 371 2054 de
386 1987 501 2054 Castro
517 1987 637 2054 Ferreo
665 1984 816 2052 duximus
842 1983 1090 2069 conferendam,
1113 1983 1188 2068 jure
1206 2005 1260 2069 pc·
1384 2043 1392 2054 ,

127 2097 255 2181 rempni
281 2093 416 2181 pacifice
440 2098 473 2160 et
489 2096 597 2178 quiete
619 2092 872 2180 possidendam
896 2092 944 2158 ita
970 2097 1004 2158 ut
1023 2090 1141 2158 fratres
1156 2092 1191 2158 in
1207 2111 1258 2160 ea·

130 2202 205 2268 dem
232 2201 381 2268 Ecclesia
407 2201 479 2268 Deo
512 2203 692 2270 militantes
727 2201 928 2268 melioratam
965 2209 1259 2286 quantumcunque,

129 2311 256 2394 absque
273 2311 343 2378 ulid
359 2309 618 2377 contradictione
635 2319 700 2378 tam
716 2318 838 2396 nostra,
865 2329 962 2392 quam
978 2309 1116 2376 tiliorum
1142 2313 1175 2372 et
1190 2326 1260 2392 pro·

128 2420 330 2505 pinqnorum
348 2425 529 2488 nostrorum
544 2419 672 2486 vineam
690 2417 870 2504 predictam
889 2419 992 2485 libere
1011 2425 1043 2484 ct
1060 2435 1173 2484 secure
1188 2435 1260 2500 pos·

128 2526 295 2594 sidebunt
327 2526 422 2605 Quod
439 2533 473 2594 nt
489 2532 594 2592 return
611 2525 656 2594 sit
665 2579 674 2614 ,
698 2547 760 2595 nee
775 2547 832 2612 per
858 2527 1042 2612 quempiam
1067 2524 1259 2592 infuturum

129 2637 235 2719 posuit
252 2635 373 2702 irritari
401 2635 461 2702 hee
476 2655 611 2720 presens
628 2633 776 2722 donacio,
802 2641 969 2719 presentes
995 2633 1123 2702 litteras
1148 2637 1260 2700 nostro

129 2743 237 2827 sigillo
262 2743 419 2828 pendenti
446 2743 597 2810 duximus
623 2742 846 2812 conserendas.
881 2744 974 2810 Anno
1000 2740 1131 2810 Domini
1147 2739 1259 2808 M⁰CO⁰

130 2851 374 2938 septuagesimo
389 2851 542 2920 secundo.

131 3049 263 3112 (Ercdetie
278 3045 454 3115 berhtrtytn.
469 3065 485 3100 a
499 3046 727 3116 beirtyensinegon
741 3053 849 3118 fdgg'ott
861 3051 955 3118 pecsdt
977 3053 1124 3115 elveszett;
1143 3068 1259 3108 ascom-

455 3139 577 3206 bathelyi
590 3136 722 3206 kriptclan
742 3139 937 3208 levelttrtbn.)
