3080 5160
882 947 957 1018 252.

359 1167 379 1232 Ι
385 1163 417 1232 V.
435 1167 551 1234 Loszlo
565 1167 737 1252 kirdlyrralc
763 1189 832 1230 ceco
858 1167 972 1232 itdlctct
997 1169 1176 1252 ursperb'sitd
1191 1165 1365 1252 olcmdoya.
1385 1163 1473 1229 1283.

466 1360 640 1430 Ladizlans
671 1361 734 1464 pei
763 1362 876 1447 gracia
906 1361 1093 1449 Hungarie,
1119 1361 1304 1447 Dalmaeie,
1328 1361 1471 1444 Oroaeie,

358 1473 477 1559 Reme,
501 1472 633 1558 Seruio,
665 1471 823 1559 Gallicic,
850 1469 1059 1558 Lodomerie,
1085 1471 1239 1539 Cumanie
1263 1469 1474 1554 Bulgarieqne

360 1577 433 1646 Rex
449 1581 596 1648 omnibns
623 1581 743 1648 Christi
768 1579 918 1647 fidelibus
942 1585 1107 1666 presentes
1133 1579 1262 1646 litteras
1286 1578 1475 1664 inspectoris

294 1767 296 1772 Ι
361 1690 498 1756 salutem
516 1690 548 1754 in
566 1689 709 1756 omnium
735 1689 909 1754 saluatore.
938 1687 987 1753 Ad
1012 1691 1235 1754 uniuersorum
1254 1687 1411 1754 noticiam
1425 1685 1474 1750 ba-

361 1819 428 1864 rum
448 1800 532 1865 serie
547 1797 898 1883 volomnsperuenire5
923 1797 1010 1882 qnod
1025 1796 1174 1863 Andreas
1190 1796 1275 1862 filius
1290 1793 1427 1880 Cbopon
1441 1793 1476 1857 de

361 1906 496 1972 Nadasd
513 1906 556 1972 ad
574 1913 719 1974 nostram
743 1906 903 1974 accedens
929 1905 1140 1992 presenciam,
1159 1905 1294 1989 Regiam
1311 1901 1477 1969 Excellen-

365 2015 447 2080 ciam
467 2015 657 2100 suppliciter
682 2015 885 2102 implorauit,
912 2023 947 2080 ut
963 2013 1266 2099 condempnaeionis
1292 2013 1475 2079 sentencias

362 2123 447 2189 latas
463 2128 574 2188 contra
589 2123 747 2190 Jacobum
766 2129 797 2188 et
807 2123 944 2209 Vytalus
956 2123 1037 2191 filios
1052 2122 1178 2189 Herriei
1196 2121 1295 2208 balbi,
1311 2121 1348 2188 in
1365 2121 1473 2187 litteris

363 2229 481 2298 nostris
498 2232 682 2315 patentibus
702 2239 879 2316 contentae,
906 2241 939 2298 et
956 2231 1156 2317 postmodum
1173 2231 1331 2297 Beronum
1360 2237 1472 2295 nostro·

360 2363 441 2425 rum,
460 2347 493 2405 et
509 2339 648 2406 iudicum
664 2341 707 2406 ad
726 2340 886 2408 maleficia
909 2340 1144 2426 compescenda
1169 2339 1397 2425 deputatorum
1413 2357 1475 2423 pro-

365 2450 588 2516 secucionibus
605 2451 645 2515 de
661 2449 731 2517 iure
747 2449 893 2536 prolatis,
921 2450 1106 2518 exceucioni
1134 2447 1304 2514 mandatas
1314 2499 1321 2531 ‚
1339 2455 1435 2532 prout
1450 2448 1477 2510 in

363 2558 582 2626 instrumentis
599 2548 716 2624 exinde
734 2558 888 2625 coniectis
897 2609 907 2644 ,
931 2579 994 2642 que
1010 2557 1101 2624 nobis
1119 2557 1249 2640 exibuit,
1266 2557 1478 2639 continentur,

362 2668 494 2750 Regalis
512 2666 712 2732 auctoritatis
725 2665 932 2749 dignaremur
942 2667 1056 2731 robore
1072 2665 1268 2732 confirmare.
1285 2662 1477 2729 Litterarum

365 2771 521 2857 siquidem
538 2757 720 2839 nostrarum
736 2774 920 2858 patencium
938 2779 1030 2840 tenor
1046 2773 1122 2840 talis
1140 2778 1205 2838 est:

471 2885 537 2949 Nos
553 2881 727 2949 Ladizlans
743 2883 804 2949 Dei
820 2884 931 2967 gracia
948 2885 1016 2948 Rex
1032 2881 1176 2966 Vngarie
1192 2883 1253 2948 stb.
1273 2879 1480 2964 (kdretkezilr

364 2992 418 3058 IV.
436 2989 554 3057 Ltszlb
570 2991 750 3086 lxirrtlynalr
768 2995 842 3058 251¹.
860 3013 903 3058 sn.
921 3013 952 3057 a.
971 2995 1051 3074 cpcn
1067 2989 1193 3056 kuzlott
1209 2985 1401 3073 okmdnya.)
1528 3055 1529 3076 ἶ

470 3100 573 3185 Igitur
590 3101 666 3186 quia
682 3101 774 3168 nobis
793 3101 938 3168 constitit
955 3101 1134 3185 euidenter,
1152 3105 1246 3184 prout
1259 3098 1291 3164 in
1307 3101 1483 3183 suprascri·
1528 3093 1529 3098 ’

364 3211 428 3297 ptis
444 3211 565 3278 nostris
583 3209 701 3277 litteris
718 3210 909 3296 continetur,
927 3217 958 3275 ct
974 3209 1059 3276 sient
1074 3209 1108 3275 in
1124 3207 1243 3274 litteris
1258 3207 1413 3294 Dyonisij
1430 3208 1485 3272 Pa·

363 3320 456 3387 latini
472 3320 593 3406 nostri,
611 3327 643 3387 et
667 3319 816 3405 Gregorij
844 3319 979 3387 Comitis
999 3317 1215 3404 Symigiensis
1242 3315 1339 3400 plene
1355 3335 1484 3402 perspe-

363 3425 469 3493 ximus
487 3425 662 3512 contineri3
678 3427 720 3491 ad
737 3427 889 3492 maiorem
916 3425 1076 3493 cautelam
1101 3430 1132 3491 ct
1148 3422 1414 3518 lrabuudanciam
1436 3444 1484 3488 sc-

364 3535 478 3619 ritotis,
495 3553 534 3598 ac
560 3534 815 3626 conuincendam
842 3533 1003 3599 maliciam
1028 3533 1141 3600 Jacobi
1164 3539 1196 3598 et
1213 3529 1363 3617 Wytalus
1383 3531 1487 3615 predi-

366 3651 508 3726 ctorum,
540 3642 572 3706 in
602 3641 748 3727 pluribus
780 3641 1070 3709 conuocucionibus
1103 3661 1161 3725 per·
1186 3638 1313 3706 eosdem
1341 3639 1487 3706 Barones
1528 3639 1529 3670 ³

368 3755 495 3817 nostros
511 3748 606 3816 iactis
626 3749 729 3816 edicto
750 3749 903 3834 generali,
923 3769 1063 3816 necnon
1080 3746 1272 3814 cnoeacione
1287 3747 1433 3830 speciali
1450 3745 1488 3809 ad

367 3858 613 3924 excusacionem
639 3859 699 3942 sui,
734 3859 761 3924 si
793 3878 887 3940 quam
916 3857 1072 3924 baberent
1095 3875 1193 3943 super
1216 3853 1392 3941 maleficijs
1419 3874 1486 3941 pre·

367 3967 486 4034 notatis
495 4015 505 4052 ,
527 3985 714 4051 comparere
732 3966 963 4033 contumaciter
979 3967 1208 4049 neglexerunt,
1225 3971 1257 4031 et
1281 3963 1366 4030 siout
1395 3963 1487 4030 nobis

367 4075 465 4142 detur
481 4073 629 4158 intelligi,
648 4075 868 4141 obstinacioue
895 4073 1076 4141 detestabili
1100 4073 1135 4138 in
1151 4071 1217 4138 suis
1233 4070 1407 4139 maleficiis
1424 4092 1491 4157 per·

367 4182 540 4266 durantes,
555 4181 588 4244 in
614 4179 800 4247 crudelibus
825 4180 990 4266 latrocinij
1018 4179 1144 4246 actibus
1170 4176 1404 4246 miserabiliter
1422 4187 1492 4245 sunt

370 4289 522 4372 cxtirrcti;
540 4287 684 4373 prelatas
701 4289 896 4376 sentencias,
913 4295 946 4355 ct
962 4307 1134 4375 processus
1152 4293 1264 4353 eontra
1279 4285 1369 4371 ipsos
1389 4285 1492 4353 editos

370 4407 458 4464 ratos
473 4395 640 4482 babentes,
659 4398 883 4483 possessiones
907 4397 996 4483 ipsos
1022 4395 1266 4482 contingentes,
1283 4392 1316 4458 in
1334 4402 1491 4478 quantum

368 4507 409 4570 ad
426 4525 534 4570 eorum
551 4506 719 4589 porciones
736 4505 931 4592 pertinuisse
950 4504 1169 4590 dinoscuntur,
1188 4503 1230 4568 ad
1247 4499 1416 4588 prelatum
1433 4503 1493 4568 An·

369 4611 478 4676 dream
512 4611 611 4677 filium
637 4611 773 4697 Obopou
799 4614 1042 4682 sentencialiter
1074 4611 1246 4680 deuolutus
1280 4609 1493 4694 ratificamus,
1528 4637 1529 4664 ι
