3146 5166
136 375 239 442 robur
267 377 411 442 obtineat
436 383 592 461 perpetue
616 377 801 464 firmitatis,
827 397 886 446 nec
912 398 1064 464 processu
1090 384 1273 466 temporum

137 503 204 570 per
219 485 404 571 quempiam
421 489 524 572 possit
542 505 599 552 seu
626 487 738 552 valcat
764 486 798 550 in
815 487 950 553 irritum
980 487 1129 554 reuocari
1145 495 1202 555 aut
1226 509 1273 558 re-

136 595 286 680 tractari,
315 593 371 661 seu
388 592 629 680 inperpetuum
646 613 748 678 usque
765 594 798 659 in
816 593 903 660 filios
920 594 1057 661 tiliorum
1074 604 1271 684 perseueret,

138 709 312 788 presentes
327 703 544 770 concessimus
560 702 686 770 litteras
702 701 842 786 duplicis
858 703 959 786 sigilli
976 703 1154 770 munimine
1179 703 1270 772 rob'o-

137 818 245 876 ratas.
260 812 381 876 Datum
396 829 453 895 per
469 829 584 876 manus
602 810 798 876 uenerabilis
816 810 918 895 patris
937 809 1085 897 Gregorij
1109 811 1173 878 Del
1198 831 1271 896 gra-

139 919 194 985 cia
211 917 364 1003 Episcopi
382 915 616 984 Chanadiensis
633 919 708 984 aule
723 925 831 984 nostre
842 920 919 986 Vioe
936 913 1143 1004 cancellarij,
1161 917 1273 986 dilecti

140 1031 175 1090 et
187 1024 295 1091 fidelis
311 1027 424 1108 nostri,
441 1045 527 1091 anno
542 1024 673 1091 Domini
690 1025 867 1092 M⁰CO⁰XO
875 1037 895 1111 ⁰,
911 1031 1003 1093 sexto
1013 1023 1272 1112 kalendasJunij

136 1131 247 1215 Regni
263 1137 372 1197 autem
387 1131 488 1197 nostri
504 1149 589 1196 anno
607 1128 731 1198 decimo
748 1151 844 1198 nono.

136 1346 274 1412 (Teutsch
301 1345 328 1398 ts
351 1347 516 1410 Firnlreber‚
545 1347 770 1400 Urlrundenbueh
794 1363 842 1400 aur
869 1346 1032 1400 Geschichte
1057 1345 1273 1413 Siebsnbttrgenr

608 1438 630 1488 1.
654 1439 712 1489 rur.
727 1437 786 1490 reo.
804 1437 833 1502 ι.)

674 2236 750 2303 att.

135 2438 332 2506 lutosam
347 2439 457 2519 kirdly
473 2460 494 2499 u
519 2437 713 2522 opulsaipeti
738 2435 965 2520 apoemorda
990 2433 1100 2518 jopuit
1116 2435 1147 2497 6⁸
1162 2431 1272 2498 sauba-
1308 2481 1314 2491 .

134 2547 277 2613 dalmuit
292 2535 530 2630 superuacuus,
547 2544 692 2608 uzolcaolc
716 2565 823 2608 szoros
853 2545 1050 2626 meytorutsu
1065 2541 1155 2605 irunt
1172 2539 1268 2604 inita·

594 2649 699 2715 uadit.
718 2649 816 2712 1290.

249 2845 429 2913 Ladizlaus
461 2843 522 2911 Dei
548 2845 661 2927 gracia
688 2842 855 2927 Hungarie
866 2894 875 2929 ,
910 2840 1093 2928 Dalmacie,
1128 2840 1273 2923 Crocale,

141 2952 767 3041 Ramescruie,Gallicio,Lodomerie,
788 2949 946 3018 Cumanis
969 2947 1271 3034 Bulgarieqneliex

133 3064 289 3130 omnibus
306 3061 425 3128 Christi
440 3060 588 3128 fidelibus
606 3068 673 3127 tam
690 3058 896 3146 presentibus
923 3075 1020 3140 quarn
1045 3057 1165 3124 futuris
1193 3075 1268 3142 pre·

135 3191 216 3240 sens
232 3171 387 3254 scriptum
405 3169 601 3254 inspecturis
618 3170 758 3236 salntem
774 3167 808 3234 in
824 3165 967 3234 omnium
992 3165 1167 3233 saluatore.
1194 3161 1271 3229 Seu·

135 3276 249 3344 tencia
265 3278 426 3362 Principis
442 3275 477 3342 in
495 3282 584 3344 recta
600 3275 696 3344 debet
711 3281 835 3342 statera
860 3273 971 3357 iudioij
1005 3271 1200 3359 ponderari,
1233 3277 1269 3340 ut

135 3392 253 3454 contra
269 3384 431 3452 iusticiam
448 3383 531 3450 nulli
547 3389 672 3469 pereat,
691 3382 863 3468 vniouique
881 3400 1032 3465 possessa
1048 3379 1207 3463 restituat,
1235 3383 1268 3444 et

136 3493 289 3559 restituta
315 3491 420 3560 denne
451 3491 678 3559 renonacionis
709 3491 857 3560 stabiliat
888 3489 1061 3575 priuilegio
1093 3487 1264 3555 firmitatis.

135 3598 281 3665 Proinde
297 3596 341 3662 ed
358 3598 580 3664 uniuersorum
597 3598 755 3663 noticiam
771 3595 885 3666 harum
911 3596 997 3662 serie
1021 3595 1170 3663 volumus
1196 3615 1267 3679 per·

137 3706 261 3790 uenire,
280 3705 367 3786 quod
383 3704 441 3771 viri
457 3707 526 3772 Deo
544 3690 654 3770 deuoti
670 3703 786 3772 fratrm
803 3703 1041 3790 Predicatores,
1058 3701 1188 3773 nomino
1216 3701 1270 3768 do·

136 3812 226 3878 mine
257 3813 444 3896 Margarete
460 3813 579 3879 sororis
610 3818 718 3879 nostre
748 3811 941 3898 karissime,
958 3811 1027 3878 filia
1057 3809 1144 3898 (lgy)
1178 3811 1273 3877 Anne

137 3919 289 4000 Decime,
319 3939 358 3986 ae
389 3920 547 3987 nobilium
580 3919 785 3988 dominarum
826 3941 882 3988 sou
914 3938 1062 3987 sororum
1096 3921 1138 3986 de
1161 3918 1275 3988 Insula

141 4025 262 4094 Sancte
295 4027 398 4093 Mario
431 4028 577 4112 Virginis
609 4049 708 4115 prope
739 4029 865 4096 Budom
876 4079 886 4115 ,
927 4026 970 4094 ad
1000 4033 1144 4094 nostram
1186 4045 1275 4094 acce·

138 4135 248 4201 dendo
274 4135 482 4218 presenciam
517 4143 626 4204 nostre
652 4134 847 4206 Celsitudini
875 4135 1024 4204 doloroso
1049 4134 1276 4219 conquerendo

136 4261 304 4328 exponere
319 4247 526 4323 ourauerunt,
545 4243 631 4327 quod
659 4245 848 4328 Propositus
880 4251 913 4311 et
940 4240 1095 4310 Canonici
1122 4242 1274 4308 Ecclesia

136 4349 253 4416 Sancti
269 4347 394 4414 Thome
422 4350 564 4418 martiris
579 4351 620 4417 de
645 4352 867 4437 promontorio
892 4349 1111 4435 Strigoniensi
1138 4347 1273 4416 easdem

135 4453 288 4526 dominos
305 4475 363 4526 seu
390 4477 520 4528 sorores
550 4479 648 4546 super
680 4458 856 4530 medietate
873 4459 984 4530 tributi
1008 4458 1071 4528 tori
1095 4455 1271 4528 Pcstieusis
