3118 5158
554 703 566 726 “
630 736 686 802 se.

91 938 193 1002 Dc'mcc
210 934 462 1024 torsistispa‘n,
488 935 790 1021 octrjobbctpyaiaak
815 939 845 1002 c‘s
861 961 881 1001 u
897 937 985 1002 barat
996 939 1226 1024 polpo‘roleaalc

90 1047 230 1131 pyttlc'att
246 1050 386 1126 tartede,
413 1044 555 1127 atiraty
578 1043 794 1127 poroueadbdl
819 1068 839 1108 u
858 1044 1058 1110 aa.-beuedelci
1076 1053 1226 1133 apdtadq-

91 1155 154 1217 uult
179 1177 201 1217 a
216 1155 311 1218 nebai
326 1152 477 1218 Precatio
486 1149 628 1236 fdispcla
653 1153 735 1216 attat
750 1152 815 1217 hcc
834 1153 925 1219 barri
941 1154 1086 1240 fdldclcct
1112 1159 1229 1222 amazo-

555 1260 642 1345 aaja.
670 1263 766 1326 rnre.

202 1461 272 1527 Nos
288 1457 458 1525 Dionisius
475 1455 598 1523 Diuina
622 1456 803 1542 opitulante
820 1457 1001 1525 clemencia
1017 1459 1131 1526 Comes
1149 1461 1227 1528 Bor-

96 1567 225 1653 siensis,
242 1567 464 1650 significantes
488 1559 649 1632 uniuersis
676 1563 796 1632 Christi
822 1563 973 1633 fidelibus
991 1586 1126 1652 presens
1151 1569 1230 1634 scri-

97 1683 189 1761 ptum
211 1675 408 1759 inspecturis
425 1674 567 1738 salutem
587 1671 622 1737 in
639 1672 783 1739 omnium
800 1673 973 1740 saluatore.
997 1671 1049 1739 Ad
1066 1675 1230 1743 uniuerso·

97 1803 168 1848 rum
194 1782 349 1850 noticiam
374 1787 487 1848 tenore
503 1780 704 1866 presencium
722 1779 863 1846 feliciter
882 1782 1031 1848 uolumus
1047 1784 1229 1870 peruenire,

98 1887 186 1973 quod
211 1890 338 1957 litteras
364 1890 524 1975 Stephani
548 1890 610 1962 Dei
635 1874 748 1974 'gracia
773 1889 910 1956 illustris
936 1891 1033 1972 Regis
1050 1891 1230 1976 Hungarie,
1255 1935 1259 1956 .

98 1997 290 2083 recepimus,
316 1997 528 2081 continentes,
553 2003 590 2062 ut
606 2002 723 2062 terram
740 1997 930 2082 Monasterij
948 1997 1042 2064 Beati
1058 1998 1231 2066 Benedicti

100 2106 135 2171 in
149 2107 242 2193 Bors,
259 2127 332 2192 eum
348 2105 497 2172 domibus
513 2113 545 2170 ct
561 2105 756 2172 utilitatibus
772 2107 850 2191 suis,
865 2126 969 2190 usque
985 2126 1104 2191 aquam
1121 2108 1229 2176 Geron

97 2216 279 2303 iacentem,
302 2215 517 2301 perhemtorie
544 2215 784 2282 restitueremus
810 2217 1007 2283 Monasterio
1032 2217 1230 2301 supradicto.

98 2323 256 2390 Similiter
280 2332 400 2391 terram
416 2323 554 2391 Seevlen
580 2330 612 2388 et
634 2331 755 2390 terram
775 2326 906 2407 Zeugeu
930 2327 973 2392 ab
999 2328 1132 2410 antiquo
1157 2347 1231 2410 pos·

98 2451 235 2516 sessam,
264 2432 368 2499 eidem
384 2433 584 2500 llonasterio
601 2433 709 2500 debito
734 2433 802 2498 iure
822 2434 882 2500 sub
899 2434 996 2501 certis
1021 2436 1164 2501 terminis
1184 2455 1232 2500 re·

100 2550 332 2608 stauraremus.
377 2542 482 2625 Igitur
519 2543 779 2627 obtemperantes
812 2541 976 2609 mandatis
1009 2551 1041 2610 et
1071 2544 1233 2628 preceptis

101 2649 380 2716 Excellentissimi
397 2648 521 2716 domini
536 2650 646 2735 Regis,
673 2650 783 2716 habito
809 2649 946 2718 oonsilio
966 2669 1037 2716 eum
1048 2650 1233 2734 jobagioni-

101 2755 162 2822 bus
179 2754 320 2841 predicti
337 2757 454 2842 Castri,
477 2757 630 2824 videlicet
645 2759 794 2843 Martiae,
821 2758 988 2842 Olodario,
1010 2765 1042 2824 et
1058 2759 1158 2825 fratre
1174 2781 1232 2826 suo

100 2865 261 2951 Romano,
285 2865 403 2950 Soken,
429 2865 542 2953 Lala,
566 2871 599 2930 et
625 2885 697 2932 cum
724 2868 937 2950 burgensibus
954 2865 1099 2934 eiusdem
1116 2867 1232 2952 Castri,

101 2973 227 3038 scilieet
242 2973 349 3038 Herch
375 2979 406 3039 et
421 2973 487 3040 lilio
511 2993 570 3042 suo
590 2975 695 3060 Petro,
713 2975 894 3062 ‘Zedemeu
921 2975 1037 3062 Heneh
1055 2975 1230 3062 aurifabro,

101 3080 221 3166 Micon,
244 3080 383 3149 Martino
405 3089 437 3148 et
453 3081 554 3148 Paulo
571 3083 714 3150 Plebano
731 3082 1041 3150 vicearchidiacono
1058 3083 1232 3169 Borsiensi,

101 3188 251 3272 Seereda,
271 3188 440 3256 sacerdote
456 3191 602 3258 Ecclesia
618 3191 729 3260 Sancti
746 3189 899 3277 Georgij‚
927 3196 959 3258 et
975 3190 1111 3256 Nieolao
1127 3209 1232 3256 sacer·

101 3297 180 3366 dote
210 3297 357 3364 Ecclesie
388 3297 501 3364 Sancti
532 3298 714 3384 Michaelis,
744 3299 849 3382 ipsam
881 3304 1001 3366 terram
1033 3299 1232 3381 Monastcrij,

101 3426 203 3490 quam
218 3404 409 3472 Preuslinus
425 3405 589 3489 quondam
610 3406 725 3472 Comes
742 3405 926 3472 Borsiensis
939 3413 1058 3474 eontra
1072 3405 1232 3472 iusticiam

101 3515 165 3580 Dei
189 3514 224 3580 in
249 3513 331 3580 Bors
357 3512 542 3594 detinebat,
566 3511 671 3580 eidem
688 3513 884 3580 Monasterio
910 3513 1107 3582 restituimus
1132 3533 1234 3596 usque

101 3627 261 3708 Granam,
288 3642 360 3688 cum
385 3622 535 3690 omnibus
560 3621 758 3689 utilitatibas
780 3621 847 3688 suis
862 3621 1052 3707 prenotatis.
1077 3621 1235 3688 Similiter

99 3744 223 3802 terram
252 3733 392 3801 Seeulen
417 3737 585 3817 vocatam,
618 3733 777 3799 existente
803 3731 909 3797 Cadur
938 3737 1178 3812 commetaneo;
1204 3735 1236 3795 et

99 3853 227 3911 terram
244 3843 398 3926 Zeuger,
420 3841 539 3925 Bgidio
568 3845 600 3908 et
626 3840 730 3908 Basik
756 3839 986 3908 commetaneis
1012 3837 1235 3920 existentibus,

98 3955 165 4020 snb
196 3951 294 4018 certis
325 3949 420 4015 metis
452 3948 648 4016 Monasterio
679 3949 793 4016 Sancti
825 3947 994 4015 Benedicti
1026 3944 1234 4030 restituimus,

97 4063 190 4129 sient
214 4058 299 4125 illud
324 4059 555 4125 Monasterium
583 4058 792 4144 posssidebat
817 4059 859 4124 ab
884 4057 1026 4141 antiquo.
1061 4055 1104 4120 Vt
1127 4059 1236 4121 antem

96 4171 165 4236 heo
189 4165 358 4233 restitucio
384 4171 544 4233 terrarum
569 4165 661 4233 firma
686 4173 719 4233 et
734 4185 850 4234 secura
875 4169 1084 4252 permaneat,
1108 4162 1235 4230 litteras

95 4275 207 4361 sigilli
232 4275 338 4342 nostri
370 4273 547 4340 munimine
572 4275 712 4342 Martino
737 4272 857 4341 Abbati
884 4272 1023 4358 predicti
1047 4269 1233 4355 Monasterij

95 4383 305 4452 contulimus
320 4381 496 4466 sigillatas.
522 4381 645 4448 Datum
662 4403 748 4448 anno
765 4380 897 4449 Domini
913 4376 1172 4447 M⁰OG⁰LXXV⁰.

205 4525 257 4600 (Aa
271 4529 371 4582 oredeti
384 4525 453 4581 utin
466 4529 563 4582 Knaua
576 4525 693 4595 Ntndor,
711 4497 828 4592 Magyar
847 4525 910 4575 Sion
924 4525 975 4575 III.
989 4524 1047 4574 koc.
1061 4522 1123 4576 299.
1135 4521 1165 4588 l.)

558 4653 773 4670 .-.-,-..
1033 4681 1076 4752 9*
