3118 5158
802 259 963 358 Q-

313 452 412 519 kezik
437 471 546 540 ugyan
571 452 625 520 lv.
650 453 765 522 Ltszlb
787 453 967 540 kiralynuk
997 454 1134 522 lata-ki
1160 453 1448 542 adomtnylcuele,

314 561 395 626 mint
411 560 546 628 fentebb
562 563 593 626 9.
610 580 656 628 sa.
673 563 719 649 a.)

422 667 521 756 (NJos
538 669 648 754 itaque
669 669 814 738 ciusdem
830 671 979 755 Magistri
995 671 1084 738 Petri
1108 671 1202 738 iustis
1227 671 1449 757 peticionibus

314 783 513 864 annuentes,
538 784 770 864 gestantesque
795 799 905 847 coram
931 785 1040 846 nostre
1056 779 1240 846 Maiestatis
1266 779 1371 848 oculis
1396 781 1447 846 in-

315 906 504 954 concussam
522 883 711 953 fidelitatem
729 907 820 954 suam
837 896 868 954 et
883 894 1013 971 gratum
1030 887 1229 973 obsequium,
1245 888 1335 972 quod
1351 888 1446 955 nobis

316 995 504 1080 specialiter
520 1001 598 1061 tunc
614 995 771 1077 exhibuit,
795 995 926 1080 quando
951 1015 1010 1062 nos
1038 1003 1070 1061 et
1086 995 1217 1061 domina
1231 995 1362 1078 Regina
1377 1015 1445 1061 ma-

314 1110 364 1170 ter
379 1111 491 1172 nostra
506 1103 686 1172 karissima
710 1123 768 1190 per
784 1105 955 1172 Herricum
972 1105 1099 1171 Barium
1120 1113 1151 1170 ct
1168 1105 1250 1171 alios
1265 1102 1331 1171 sibi
1348 1101 1446 1170 adhe·

316 1217 433 1293 rentes,
461 1210 586 1278 Corone
610 1213 712 1296 Regie
738 1211 849 1296 utique
873 1210 1029 1288 infideles,
1060 1211 1182 1280 detenti
1210 1213 1331 1278 fuimus
1357 1209 1448 1294 apud

316 1316 459 1400 Budam·,
505 1336 544 1384 ae
570 1315 697 1384 demum
723 1318 757 1382 in
783 1318 932 1385 conflictu
956 1317 1067 1387 habito
1100 1319 1188 1386 circa
1213 1319 1328 1386 uillam
1354 1319 1447 1384 Fuen
1553 1359 1554 1392 t

317 1430 430 1492 contra
447 1425 577 1492 eosdem
594 1425 761 1510 infideles,
784 1427 817 1491 in
838 1447 902 1509 quo
917 1426 1048 1511 quidem
1072 1427 1175 1513 prelio
1201 1429 1272 1511 ipse
1287 1427 1448 1510 Magister

317 1533 432 1601 Petrus
460 1532 494 1597 in
518 1533 604 1600 facie
630 1555 690 1600 sua
715 1535 890 1600 maximam
916 1534 1049 1620 plagam
1078 1535 1251 1620 sustinuit,
1275 1535 1332 1602 vbi
1359 1533 1446 1600 idem
1553 1609 1554 1624 ,

317 1639 469 1708 Hernicus
486 1640 594 1708 Bonus
621 1661 679 1724 per
704 1640 903 1726 sepedictum
925 1641 1115 1725 Magistrum
1131 1642 1260 1710 Petrum
1284 1641 1318 1708 in
1340 1642 1448 1727 prelio
1553 1719 1554 1728 ,

318 1749 424 1816 uictus
440 1747 542 1814 uitam
566 1747 671 1814 finiuit
687 1748 901 1816 innominiose
917 1749 951 1814 in
967 1748 1162 1815 infidelitate
1178 1747 1365 1834 manifesta,
1381 1749 1447 1815 col·

317 1853 477 1923 laoionem
502 1853 639 1920 eandem
666 1874 706 1921 ex
733 1861 823 1921 certa
853 1856 996 1923 sciencia
1021 1863 1053 1921 et
1076 1856 1240 1922 Baronum
1265 1860 1447 1922 nostrornm

319 1981 476 2030 consensu
502 1962 695 2030 notificando
721 1963 921 2046 presentibus
949 1951 1176 2030 confirmamus
1202 1963 1356 2030 firmitate
1372 1984 1447 2049 per·

320 2074 417 2157 petuo
432 2067 633 2155 duraturam;
649 2070 697 2136 ita
713 2069 799 2156 quod
815 2090 950 2156 presens
970 2069 1073 2156 ipsius
1089 2069 1255 2155 priuilegij
1274 2071 1449 2137 innouacio

324 2175 514 2243 collacionis
530 2176 645 2262 prioris
667 2178 903 2245 irretractabile
918 2179 961 2245 sit
976 2177 1160 2262 munimcn;
1177 2176 1315 2262 posteris
1330 2176 1450 2244 nostris
1553 2163 1554 2212 t

320 2284 381 2355 sub
397 2285 665 2352 interminacione
690 2291 823 2371 paterne
840 2285 1085 2352 malediccionis
1101 2285 1293 2372 inhibentes,
1318 2305 1360 2351 ne
1376 2304 1449 2352 con·
1553 2301 1554 2310 ²

320 2399 372 2459 tra
397 2392 610 2460 collacionem
642 2394 836 2479 premissam
869 2391 993 2478 aliquid
1022 2400 1210 2478 presumant
1235 2399 1449 2476 attemptare3
1553 2427 1554 2430 π

321 2500 528 2584 priuilegium
555 2521 682 2587 quoque
708 2505 768 2570 sub
795 2510 908 2570 nostra
934 2504 1023 2569 bulla
1039 2522 1132 2568 cerea
1156 2521 1253 2587 super
1278 2503 1353 2587 ipsa
1378 2522 1449 2587 pos·

320 2607 464 2672 sessione
494 2607 604 2674 Scinte
627 2609 769 2677 iohanni
804 2610 870 2676 filio
897 2608 1041 2678 eiusdem
1065 2610 1192 2677 Herrioi
1228 2616 1304 2676 tuno
1331 2607 1448 2674 Comiti

322 2713 534 2798 Suprunieusi
551 2713 714 2802 traditum,
742 2739 780 2784 eo
796 2725 940 2804 tempore
956 2737 1019 2800 quo
1035 2718 1142 2784 dietus
1158 2717 1315 2800 Magister
1332 2717 1447 2784 Petrus

323 2841 380 2904 per
396 2842 471 2890 suos
489 2825 613 2890 emulos
638 2824 670 2889 in
696 2827 926 2910 persecucione
950 2826 1076 2910 positus
1093 2824 1153 2891 fuit
1178 2823 1218 2888 de
1235 2823 1330 2890 domo
1346 2823 1450 2907 Regia

324 2929 498 3014 effugatus,
523 2933 717 2999 auctoritate
734 2932 937 3018 presencium
957 2938 1112 3015 tanqnsm
1130 2951 1258 3018 vanum,
1274 2951 1404 2998 cassum
1420 2938 1451 2996 et

322 3037 446 3104 irritum
479 3057 677 3123 reuocamus,
704 3039 750 3106 ita
776 3047 809 3104 vt
833 3040 1015 3122 ubicunque
1047 3047 1112 3106 tam
1142 3041 1174 3104 in
1200 3037 1318 3106 iudicio
1351 3057 1450 3121 quarn

323 3153 413 3212 extra
428 3145 525 3213 fucrit
549 3153 788 3232 presentatum,
812 3146 933 3212 uiribus
952 3153 1080 3230 careat,
1102 3151 1133 3212 et
1148 3145 1271 3211 nullius
1286 3143 1451 3211 firmitatis

323 3261 497 3340 reputetur,
523 3255 607 3320 sicut
624 3261 806 3321 reuocatum
833 3261 867 3320 et
882 3255 999 3320 robore
1017 3253 1216 3320 destitutum.
1241 3255 1279 3320 ln
1296 3253 1387 3320 ouius
1404 3253 1453 3318 rei

324 3363 511 3428 memoriam
536 3360 785 3446 firmitatemque
810 3370 999 3448 perpetuam
1034 3367 1204 3447 presentes
1231 3362 1452 3428 concessimus

321 3468 448 3534 litteras
475 3467 637 3553 duppliois
663 3469 763 3553 sigilli
780 3471 880 3549 nostri
898 3469 1075 3536 munimine
1095 3469 1274 3535 roboratas.
1299 3465 1454 3555 (matum

323 3597 382 3660 per
397 3594 515 3642 manus
540 3575 684 3644 eiusdem
710 3578 858 3662 Magistri
883 3575 1050 3642 Benedicti
1076 3577 1193 3644 Sancte
1216 3575 1455 3659 Strigoniensis

324 3681 472 3749 Ecclesia
487 3682 589 3750 Elceti
607 3684 815 3770 eiusdemque
831 3684 893 3749 loci
910 3682 1043 3750 Comitis
1059 3682 1227 3770 perpetui,
1249 3685 1325 3749 aule
1341 3688 1456 3750 nostre

324 3791 593 3881 Vioecancellarij
616 3797 648 3857 et
663 3791 824 3878 Propositi
849 3791 1011 3858 Budensis
1037 3789 1148 3856 dilecti
1167 3796 1199 3855 et
1213 3789 1320 3857 fidelis
1338 3789 1456 3872 nostri,

324 3921 413 3968 anno
433 3897 565 3966 Domini
586 3898 697 3967 M⁰00⁰
713 3897 950 3986 septuagesimo
978 3902 1093 3979 qiuarto
1117 3895 1183 3964 lI·o
1210 3891 1372 3964 kalendas
1398 3897 1457 3963 Ja-

325 4005 432 4092 uuarij
459 4005 645 4073 Indicoione
669 4007 823 4084 secunda,
850 4006 953 4088 Regni
979 4011 1086 4071 autem
1112 4005 1215 4072 nostri
1239 4023 1325 4070 anno
1341 4004 1459 4071 tercio.

326 4114 574 4181 venerabilibus
600 4113 749 4198 patribus
771 4111 937 4198 Stephano
954 4111 1146 4178 Goloobensi
1162 4117 1195 4178 et
1210 4109 1358 4176 lobannc
1375 4109 1459 4193 Spa-

324 4225 443 4291 latensi
469 4222 748 4308 Archiepisoopis3
780 4221 949 4305 lamperto
975 4217 1146 4302 Agriensi,
1175 4217 1298 4284 Briocio
1325 4217 1457 4301 Chana-

327 4331 452 4418 disnsi,
478 4331 541 4399 Job
574 4325 932 4414 Quinquecoclesiensi,
965 4326 1126 4412 Phylippo
1160 4323 1344 4409 Waciensi,
1379 4325 1460 4391 aule

327 4440 455 4506 domine
470 4438 596 4521 Regine
622 4437 781 4504 consortis
808 4443 919 4502 nostre
937 4434 1111 4502 karissime
1128 4431 1344 4517 (lancellario,
1368 4429 1460 4517 Thy·

327 4546 454 4612 motheo
485 4544 710 4628 Zagrabiensi,
742 4541 934 4609 Lodomerio
959 4538 1175 4624 Waradiensi,
1202 4536 1352 4606 Dionisio
1377 4539 1459 4605 Jan·
