3138 5164
275 1047 280 1058 ’
309 1027 370 1094 IV.
387 1031 509 1097 Mileto·
519 1035 615 1116 pdpu
631 1052 654 1096 a
670 1033 813 1118 rapsaci
828 1033 981 1099 eructuet
1011 1035 1228 1124 mepbuppp'e,
1253 1038 1337 1124 bopp
1351 1063 1372 1103 a
1385 1063 1426 1106 ae-

308 1133 497 1203 leacaeieket
511 1161 596 1202 arro
612 1140 711 1224 birp'a,
727 1139 833 1222 mike‘p
860 1161 900 1202 aa
916 1143 1064 1226 aquileue'
1074 1147 1330 1228 patriarchatus
1343 1148 1425 1211 birtu-

376 1245 485 1308 kubaa
500 1247 532 1310 6³
548 1242 715 1311 Irrlridbaru
733 1244 882 1332 elfoplalt
896 1247 1036 1352 advelat
1051 1251 1271 1338 vimaaudjdk.
1288 1255 1382 1318 1288.

417 1452 572 1521 Nicolaus
603 1455 784 1542 Episcopus
816 1475 932 1525 servus
961 1477 1130 1527 servorum
1161 1461 1223 1528 Dei
1260 1463 1429 1530 venerabili

307 1557 426 1626 irati.
454 1607 462 1624 .
488 1609 496 1626 .
522 1559 775 1648 Arcbicpiscopo
801 1563 967 1648 Rugusino
991 1565 1131 1633 salntem
1157 1573 1189 1632 et
1213 1569 1427 1653 Apostolioan

307 1663 577 1733 benedictionem.
609 1665 716 1734 Habet
731 1667 851 1735 nostris
867 1667 998 1737 auribus
1028 1669 1194 1738 inculcata
1209 1673 1337 1756 relatio,
1352 1676 1430 1757 quod

284 1857 288 1868 .
307 1769 418 1838 dilecti
442 1771 504 1839 lilii
528 1772 648 1840 nobilis
677 1772 800 1842 vir...
825 1773 900 1841 Dur
917 1781 950 1842 et
975 1775 1152 1844 Commune
1181 1777 1378 1846 Venetorum
1392 1782 1430 1848 ad

307 1879 553 1962 occupationem
569 1879 726 1946 bonorum
737 1885 770 1946 et
785 1881 903 1946 iurium
913 1879 1143 1967 Aquuegensia
1158 1885 1306 1953 Ecclesie
1321 1907 1430 1953 manus

306 1983 426 2052 avidas
442 1985 664 2074 extendentes,
680 1985 899 2072 Parentinam,
911 1988 1126 2057 Emoneusem
1143 1999 1174 2058 et
1189 1992 1430 2080 lustinopolita·
1527 2001 1528 2006 ’

305 2109 385 2157 nam
401 2091 568 2179 Civitates,
583 2099 616 2159 et
631 2091 744 2160 Sancti
753 2091 924 2161 Laurentii
940 2093 1163 2162 Montonensis
1180 2103 1214 2164 et
1230 2097 1430 2184 Gresignauu
1529 2106 1530 2132 ¹

305 2193 429 2286 insule,
445 2199 562 2284 blagle,
578 2199 709 2282 aliaque
725 2201 885 2266 nonnulla
900 2207 1008 2268 casua
1016 2250 1026 2286 ,
1052 2209 1176 2288 terras,
1193 2203 1292 2270 villas
1309 2211 1344 2270 et
1358 2203 1428 2270 loca
1530 2178 1532 2264 l

305 2305 341 2372 in
356 2303 452 2372 Istrie
469 2297 617 2389 partibus
633 2305 819 2390 constituta,
835 2326 898 2389 que
915 2306 959 2373 ad
985 2305 1123 2374 eandem
1139 2309 1326 2376 Ecclesiam
1341 2313 1430 2396 perti-

305 2431 385 2479 nere
401 2410 561 2494 dicuntur,
577 2419 609 2478 et
624 2413 658 2478 in
682 2411 798 2495 quibus
829 2412 1026 2490 venerabilis
1042 2413 1143 2479 irater
1172 2421 1282 2480 noster
1298 2462 1306 2479 .
1324 2464 1333 2480 .
1350 2464 1358 2480 .
1374 2415 1428 2481 Pa·

303 2517 448 2586 triorche
459 2516 686 2602 Aquilegensie
697 2515 951 2585 iurisdictionem
967 2519 1185 2587 omnimodam
1201 2520 1349 2588 obtinere
1360 2542 1427 2607 pro·

303 2627 435 2712 ponitur
449 2623 677 2709 temporalem,
706 2643 766 2710 per
780 2623 968 2692 violentiam
984 2634 1235 2712 occupaverunt,
1259 2647 1363 2712 eaque
1378 2629 1428 2694 de·

305 2731 410 2798 tinent
441 2729 551 2798 taliter
566 2737 737 2817 occupata,
762 2731 918 2796 nonnulla
936 2735 1113 2799 castrorum
1133 2741 1166 2798 ot
1180 2732 1335 2798 villarum
1351 2734 1429 2817 ipso

214 2821 226 2834 ⁸
303 2857 374 2906 rum
390 2837 515 2904 illicitis
531 2839 664 2905 ausibus
682 2835 761 2904 data
783 2837 919 2906 licentia
950 2841 1099 2922 nequiter
1116 2837 1331 2923 destruentes,
1348 2840 1427 2907 elias

302 2943 495 3012 Patriarcbe
510 2945 717 3029 Ecclesieque
742 2945 917 3031 predictis,
950 2964 990 3010 ao
1015 2945 1196 3012 venerabili
1212 2944 1307 3012 fratri
1322 2953 1428 3014 nostm

301 3103 314 3121 ,
332 3103 340 3119 .
358 3104 366 3120 .
384 3051 547 3138 Episcopo
564 3057 595 3119 et
612 3051 739 3119 civibus
750 3053 959 3138 Tergestinis,
971 3050 1094 3117 aeoliis
1105 3050 1172 3117 suis
1188 3051 1428 3137 adberentibus,

302 3159 557 3246 coadiutoribus,
574 3157 753 3226 fautoribus
770 3163 802 3226 et
832 3157 1026 3240 sequacibus
1041 3159 1076 3224 in
1101 3158 1165 3224 bae
1194 3165 1287 3242 parte
1311 3179 1371 3243 per
1384 3161 1429 3225 in·

304 3266 421 3332 cendia
437 3274 470 3332 ct
487 3265 617 3354 rapinas
628 3265 771 3349 dampna
786 3265 971 3332 marimaet
981 3263 1241 3348 gravesiniurias
1252 3262 1428 3350 inferendo,

304 3371 337 3436 iu
354 3371 528 3438 eorundem
543 3369 734 3438 Patriarche
749 3379 782 3438 et
797 3371 963 3456 Ecclesie,
995 3389 1034 3438 ao
1058 3371 1195 3437 aliorum
1211 3368 1428 3456 predictorum

303 3497 369 3544 non
384 3473 546 3543 modicum
578 3477 792 3561 preindieium
824 3483 857 3544 et
872 3495 1069 3561 gravamen3
1101 3476 1311 3559 quamobrem
1337 3475 1425 3543 insti-

298 3589 403 3668 gante
420 3581 553 3648 humani
568 3581 696 3666 generis
707 3583 837 3650 inimico
848 3583 933 3658 inter
944 3581 1166 3647 Patriarcbcm
1177 3588 1210 3648 et
1220 3582 1426 3668 quamplures

300 3691 436 3760 illarum
451 3689 589 3776 partium
600 3689 736 3772 nobiles,
751 3711 791 3756 ac
801 3689 883 3757 alios
899 3689 1043 3774 predicte
1058 3687 1201 3755 Ecclesie
1231 3689 1380 3756 vasallos
1396 3695 1428 3755 et

303 3798 501 3865 adherentes
521 3794 645 3864 eisdem
662 3815 703 3862 ex
714 3801 890 3882 parteuna,
909 3781 941 3862 el
958 3796 1064 3863 dictos
1077 3795 1201 3862 Ducem
1211 3801 1244 3862 et
1254 3797 1427 3862 Commune

204 3981 210 3990 ¹
305 3905 497 3972 Venetorum
523 3924 564 3970 ex
585 3903 699 3987 altera,
709 3903 859 3987 gravium
870 3903 1103 3970 discordiarum
1113 3909 1146 3969 et
1156 3920 1347 3985 guerrarum
1360 3901 1426 3968 dis-

298 4011 533 4096 criminasunt,
544 4015 579 4075 nt
589 4010 758 4092 asseritur,
769 4011 927 4077 suscitata
937 4031 945 4093 ;
957 4029 1091 4093 quorum
1103 4005 1274 4074 occasione
1290 4005 1428 4090 grandia

298 4137 514 4206 personarum
530 4123 562 4183 et
587 4117 767 4184 animarum
798 4115 944 4200 pericula
968 4114 1177 4202 multimoda,
1205 4113 1349 4198 dampna
1381 4135 1426 4180 re

302 4245 372 4294 rum
381 4221 550 4290 retroactis
566 4224 730 4306 contigere
746 4224 953 4308 temporibus,
965 4227 998 4288 et
1014 4241 1054 4287 ne
1064 4219 1214 4303 graviora
1231 4221 1424 4304 contingant

307 4332 460 4416 ulterius,
485 4327 704 4396 verisimiliter
728 4327 931 4396 formidatur.
963 4325 1059 4392 Unde
1084 4345 1143 4392 nos
1174 4345 1215 4391 ex
1245 4325 1354 4394 debito
1370 4345 1423 4412 pa·

298 4437 434 4504 storalis
448 4433 546 4504 cilicii
561 4436 706 4504 volentes
730 4435 914 4504 huiusmodi
945 4431 1078 4536 obviare
1094 4430 1264 4517 periculis,
1294 4441 1328 4501 et
1357 4432 1425 4499 ani-
