3138 5164
87 1087 95 1094 '
155 1074 189 1140 Α
205 1078 305 1162 pydrt‘
319 1077 543 1161 kaptalonnalr
573 1076 865 1162 bizouysdqlevele‚
885 1077 971 1163 hopy
1003 1076 1075 1143 teth
1107 1075 1293 1141 &rotatu-i

157 1184 302 1251 birtokoe
318 1179 533 1250 Zerclottao
549 1184 616 1249 leird
631 1183 860 1250 birtelmtseeik
878 1185 1013 1250 hatdrai
1038 1185 1129 1249 t'rciat
1155 1183 1293 1270 appetite·

627 1291 703 1356 dett.
721 1285 819 1356 1288.

266 1503 335 1568 Nos
351 1501 508 1586 Magister
524 1499 726 1568 Garaehinus
756 1499 942 1585 l’repositus
967 1507 999 1568 et
1015 1499 1199 1585 Capitulum
1215 1503 1295 1570 Jau·

153 1608 274 1675 riensis
292 1607 437 1674 Ecclesia
453 1609 570 1675 damus
585 1629 644 1693 pro
655 1596 822 1694 memoria,
839 1607 925 1692 quod
939 1605 1016 1694 Eri,
1031 1609 1210 1694 Wynabur,
1230 1609 1293 1678 He·

159 1716 273 1800 raudo,
289 1715 449 1783 Samsoue
464 1715 632 1782 nobilibus
648 1715 689 1780 de
706 1715 857 1781 Zurohuk
877 1735 936 1800 pro
952 1733 988 1780 se
1007 1724 1039 1782 et
1055 1735 1113 1801 pro
1130 1717 1292 1783 uniuersis

156 1823 309 1908 cognatis
326 1844 435 1890 eorum
452 1824 492 1891 de
502 1823 593 1890 linea
609 1822 835 1906 generacionis
847 1843 906 1890 sue
922 1823 963 1889 ab
975 1844 1041 1888 una
1058 1829 1162 1908 parte,
1180 1822 1292 1888 Benoh

154 1931 223 1997 filio
239 1931 382 1997 Petnrne
398 1929 438 1996 de
454 1931 569 1997 eadem
586 1930 734 1998 similiter
750 1950 809 2015 pro
825 1949 860 1996 se
877 1936 909 1995 et
924 1950 982 2014 pro
1003 1931 1111 1996 Pousa
1128 1927 1193 1996 lilio
1210 1927 1292 1996 ohe-

85 2110 88 2125 ,
154 2039 217 2104 kez
235 2045 377 2120 oognato
394 2056 452 2103 suo
468 2055 509 2102 ex
525 2028 632 2102 altera
646 2056 755 2102 eoram
773 2037 866 2102 nobis
885 2035 1083 2118 constitutis,
1101 2035 1203 2119 ijdem
1214 2035 1292 2122 md,

153 2147 335 2232 Wynabur,
350 2143 521 2211 Herandus
538 2150 570 2209 et
587 2144 725 2210 Samson
742 2145 816 2209 uine
832 2150 863 2208 et
874 2143 1004 2210 nomine
1020 2141 1162 2208 omnium
1173 2161 1292 2225 cogna-

154 2257 262 2318 torum
281 2271 411 2318 suorum
428 2249 630 2335 prefatorum
656 2249 796 2317 euniesai
813 2255 887 2316 sunt
897 2300 906 2335 ,
932 2249 1019 2332 quod
1035 2247 1224 2334 porcionem
1241 2267 1292 2317 co·

155 2354 291 2423 rundem
308 2356 420 2423 Bench
436 2365 468 2422 et
484 2359 590 2422 Pouse
621 2355 655 2420 in
672 2357 785 2422 eadem
803 2355 1079 2441 renouarentur,
1112 2355 1238 2424 scilieet
1254 2359 1290 2424 in

155 2483 196 2529 ea
212 2471 316 2548 parte,
332 2484 393 2548 que
409 2464 452 2530 ad
468 2465 556 2548 ipsos
573 2484 594 2529 a
610 2463 722 2545 Zuda,
750 2463 932 2531 Caraehiuo
959 2471 991 2530 et
1011 2461 1161 2546 eognatis
1179 2483 1289 2530 eorum

153 2571 288 2640 deuenit
303 2571 337 2639 in
363 2573 525 2640 communi
556 2571 718 2640 diuisione
737 2593 756 2638 a
772 2572 979 2656 porcionibus
1005 2571 1073 2638 suis
1102 2592 1174 2638 oum
1192 2573 1290 2640 eertis

151 2681 251 2747 metis
266 2679 449 2765 separando
476 2679 598 2747 eisdem
624 2679 733 2746 Benoh
759 2685 792 2745 et
807 2680 914 2747 Pouse
946 2685 1077 2763 propter
1093 2677 1213 2745 bonum
1230 2699 1289 2763 pa·

150 2787 252 2854 eisin
270 2807 334 2852 uno
351 2787 463 2852 ordine
480 2808 500 2852 a
516 2793 610 2871 parte
626 2793 784 2852 metarum
813 2793 897 2853 terre
914 2783 1024 2871 ana,
1041 2785 1239 2852 Charaohini
1256 2792 1290 2854 et

151 2901 363 2978 cognatorum
381 2913 508 2960 suorum
526 2893 660 2977 panitiae
685 2891 919 2975 possidendam
950 2893 1168 2974 reliquissent.
1188 2893 1287 2960 Cuius

149 2999 282 3084 quidem
298 3007 449 3085 separate
466 2998 629 3084 poreionis
645 3005 750 3066 metas
769 3004 801 3065 et
817 2999 1084 3066 eiroumstanoias
1109 3001 1195 3064 tales
1214 3019 1289 3068 esse

150 3109 322 3174 dixerunt:
338 3107 423 3190 quod
454 3105 603 3191 inprimis
634 3105 675 3172 ab
692 3105 819 3172 oriente
844 3104 879 3170 in
911 3103 1094 3188 Ogogteluk
1126 3112 1201 3170 sunt
1216 3112 1286 3174 tres

149 3223 255 3296 mete;
274 3213 350 3280 inde
367 3211 458 3287 uenit
474 3218 506 3279 et
521 3210 625 3278 intrat
640 3211 674 3276 in
692 3231 847 3294 magnam
872 3213 959 3277 viam
985 3213 1018 3276 in
1037 3209 1152 3277 eadem
1185 3211 1287 3296 plaga

150 3321 325 3386 dueentem
341 3319 374 3384 in
391 3318 539 3404 Bogdan,
558 3323 591 3384 et
606 3317 724 3384 transit
748 3315 880 3383 domum
904 3316 982 3383 dieti
1000 3319 1121 3400 Benelr,
1140 3326 1172 3384 et
1187 3319 1287 3386 fleoti-

149 3435 336 3510 turuersus
367 3424 568 3510 aquilonem,
584 3430 616 3490 et
646 3426 736 3492 uenit
759 3425 801 3491 ad
818 3424 899 3492 duas
916 3431 1021 3491 metas
1037 3425 1130 3492 itrxta
1147 3429 1286 3496 eandem

149 3535 238 3602 viam
255 3539 378 3601 erentes
393 3555 401 3617 ;
419 3531 524 3598 eundo
550 3531 626 3598 inde
650 3553 823 3618 parumper
841 3533 1015 3600 reuertitur·
1047 3553 1160 3600 uersus
1178 3534 1283 3604 orien-

149 3651 228 3726 tem,
245 3640 299 3708 ubi
315 3645 392 3704 sunt
409 3638 472 3704 due
488 3646 592 3724 mete;
612 3639 689 3707 item
707 3637 783 3706 inde
798 3639 890 3705 uenit
905 3639 948 3706 ad
965 3639 1148 3724 aquilonem
1166 3661 1285 3714 uersus

151 3749 271 3835 Vruzy,
290 3747 345 3814 ubi
362 3753 440 3814 sunt
455 3745 517 3814 duo
533 3754 636 3833 mete;
663 3748 740 3814 inde
766 3747 855 3814 uenit
871 3747 987 3814 iterum
1004 3748 1048 3812 ad
1065 3750 1223 3818 orientem
1240 3749 1285 3820 ad

150 3855 316 3939 quandam
347 3853 466 3921 siluam
484 3853 646 3922 Teinkfeu
678 3861 829 3922 uoeatam
865 3853 909 3919 ad
934 3855 1081 3922 erbosam
1112 3858 1211 3944 viam,
1228 3858 1285 3928 ubi

154 3970 230 4031 sunt
253 3961 317 4028 due
334 3969 437 4046 mete;
469 3961 546 4030 inde
563 3963 684 4029 transit
710 3961 802 4028 illam
828 3963 945 4028 siluam
977 3961 1019 4028 ad
1037 3961 1238 4032 ooeidentem
1255 3971 1288 4034 ei

148 4070 237 4136 uenit
252 4071 368 4136 iterum
379 4068 422 4134 ad
433 4069 521 4136 uiam
537 4070 762 4156 pronedentem
774 4068 814 4135 de
825 4069 941 4156 Vruzy,
952 4069 1006 4136 vbi
1017 4076 1092 4136 sunt
1107 4071 1170 4138 due
1181 4077 1285 4155 mete;

147 4176 223 4244 inde
239 4177 273 4242 in
290 4173 403 4242 eadem
420 4177 522 4262 plaga
539 4196 641 4261 super
659 4177 797 4244 eandem
813 4176 901 4244 uiam
917 4184 994 4245 sunt
1010 4175 1072 4242 due
1089 4183 1190 4261 mete;
1206 4177 1285 4246 item

148 4284 192 4350 ad
209 4283 395 4368 aquilonem
412 4282 577 4353 redeundo
596 4283 632 4350 in
651 4283 857 4370 longitudine
873 4283 969 4351 unius
985 4282 1105 4368 ingeris
1121 4291 1196 4352 sunt
1219 4283 1286 4352 due

148 4398 252 4470 mete;
270 4388 346 4456 inde
364 4389 457 4458 uadit
473 4391 516 4458 ad
534 4391 736 4460 occidentem
752 4411 868 4460 uersus
885 4391 1038 4477 paludem
1064 4391 1189 4478 Zyktou
1199 4439 1209 4475 ,
1226 4389 1286 4458 ubi

146 4505 221 4568 sunt
236 4495 300 4564 due
317 4505 421 4584 mete;
449 4499 574 4570 abhine
590 4500 731 4570 fleotitnr
755 4500 873 4568 iterum
902 4498 945 4566 ad
962 4497 1149 4581 aquilonem
1166 4515 1284 4566 uersus
