3118 5158
91 999 144 1065 IV.
161 1000 280 1067 Lutatio
293 997 468 1084 dirdlyuuk
487 995 619 1060 Turnat·
635 1001 715 1059 cesti
721 992 830 1080 f'o'ldet
853 995 1013 1081 tdrpyazd
1036 996 1220 1081 adomdnya

239 1131 260 1172 a
270 1107 430 1194 pozconyc'
444 1107 508 1170 udr'
521 1102 592 1169 teet
609 1101 777 1189 jobddqyu
791 1105 950 1168 szdmctru.
976 1105 1072 1169 12⁷5.

106 1355 110 1360 ·
195 1315 371 1384 Ladizlaus
404 1315 468 1384 Dei
499 1315 614 1400 gracia
644 1315 831 1400 Hungarie,
855 1314 1051 1401 Dalmacie‚
1071 1315 1221 1404 Groacie,

90 1426 212 1504 Rsmm
237 1422 369 1509 Seruio,
394 1421 554 1510 Gallicis,
578 1421 789 1508 Lodomerie‚
817 1420 976 1488 Cumanis
999 1422 1221 1506 Bulgsrieque

93 1532 160 1597 Rex
174 1527 323 1596 omnibus
340 1526 460 1596 Christi
475 1529 629 1597 fidelibus
643 1541 779 1614 presens
803 1527 961 1612 scriptum
985 1527 1146 1594 habituris
1165 1548 1220 1596 sa·

92 1637 190 1703 tutem
204 1636 239 1702 in
254 1636 399 1704 omnium
415 1637 588 1703 saluatore.
620 1635 673 1702 Ad
688 1633 911 1702 uniuersorum
927 1633 1082 1702 noticiam
1102 1633 1220 1704 harum

90 1744 174 1810 serie
197 1743 345 1810 uolumus
369 1744 558 1828 peruenire,
584 1739 670 1826 quod
686 1743 800 1807 Petrus
826 1746 858 1807 ct
874 1741 1051 1808 Farcasius
1077 1742 1135 1828 filij
1154 1744 1220 1810 An-

95 1853 170 1919 drce
194 1851 234 1918 de
260 1852 399 1936 Ougya,
424 1871 464 1918 ac
479 1850 608 1919 Endree
631 1850 732 1918 irater
756 1849 875 1934 Endre‚
895 1850 1090 1934 jobagiones
1112 1850 1219 1917 (laseri

91 1958 192 2026 nostri
221 1957 451 2042 Posoniensis‚
484 1957 662 2024 familiares
693 1955 970 2024 milites-Thone
999 1957 1084 2022 Beni
1115 1957 1220 2026 tocius

91 2064 262 2132 Solanonie
290 2064 401 2131 dilecti
426 2071 459 2132 et
477 2064 585 2132 fidelis
604 2065 726 2148 nostri,
751 2061 795 2130 sd
823 2069 933 2128 nostre
958 2063 1149 2133 Serenitatis
1164 2051 1220 2134 re·

92 2172 221 2238 nientes
247 2171 453 2256 presenciam
478 2169 607 2236 anobis
629 2167 867 2237 instantissime
891 2171 1108 2259 postularunt,
1133 2173 1223 2260 quod

90 2279 136 2342 ob
166 2276 308 2342 fidelium
349 2295 482 2344 suorum
512 2273 722 2344 seruiciorum
755 2272 871 2340 merito
906 2275 1068 2357 quandam
1098 2283 1229 2356 terram

88 2383 198 2450 Castri
219 2382 321 2450 nostri
335 2382 546 2450 Posoniensis
564 2381 698 2449 Turuuk
717 2386 936 2466 nuncupatum
963 2381 1051 2448 intre
1066 2381 1218 2468 Ohyllou·

90 2489 157 2554 kun
172 2487 372 2572 existentem,
396 2507 535 2554 vacuam
560 2494 593 2553 et
618 2485 811 2571 desolatam,
835 2488 929 2554 iuxta
952 2492 1056 2556 terras
1080 2489 1219 2557 filiorum

88 2595 192 2662 Latus
207 2597 341 2681 Ferreg,
367 2601 399 2662 et
414 2601 534 2662 terram
550 2593 802 2662 uduornicorum
817 2592 859 2659 de
874 2594 978 2682 Paka,
995 2615 1035 2662 ac
1049 2597 1141 2684 Moys
1156 2599 1219 2684 filij

85 2700 213 2786 Petrus,
235 2722 296 2770 nec
321 2723 386 2770 non
410 2708 444 2768 et
467 2709 588 2770 terram
613 2700 691 2769 villo
706 2700 801 2766 Paka
826 2701 867 2768 de
887 2699 1142 2791 (thalassiten,
1168 2707 1218 2774 eis

82 2805 237 2882 conferre
261 2806 303 2875 de
318 2809 522 2893 benignitate
540 2809 647 2892 Regis
670 2806 890 2891 dignaremur.
913 2808 981 2875 Nos
1007 2809 1119 2894 itaque
1145 2832 1221 2880 con·

84 2911 244 2983 sideratis
268 2916 421 3002 serutoijs
445 2915 663 3001 predictorum
684 2915 864 3001 jiuenum,
896 2933 994 2997 quum
1018 2917 1134 2983 Petrus
1158 2923 1221 2988 sub

85 3029 196 3088 cestro
211 3023 358 3091 Detorclr
377 3045 437 3110 pro
454 3030 564 3090 nostre
581 3022 706 3088 Corone
722 3019 912 3089 defensione
930 3041 988 3088 scu
1002 3025 1221 3109 ampliatione

80 3127 209 3196 letalia
227 3129 386 3215 receperit
412 3130 558 3216 ulnera,
587 3135 621 3196 et
644 3127 818 3194 Farocsius
844 3125 993 3195 similiter
1016 3131 1077 3195 sub
1100 3131 1218 3200 Castro

79 3235 182 3300 Luna
196 3255 255 3322 pro
270 3237 366 3302 nobis
386 3255 423 3304 se
439 3235 594 3322 obiciens,
611 3241 746 3301 mortem
763 3235 819 3301 uix
835 3233 960 3318 euasit;
983 3254 1024 3301 ac
1039 3235 1143 3305 eciam
1159 3261 1219 3326 pro

79 3363 120 3408 eo
128 3394 140 3429 ,
170 3343 250 3426 quis
265 3363 338 3410 cum
353 3344 481 3410 Thema
496 3344 589 3410 Bano
605 3343 639 3408 in
656 3341 804 3408 omnibus
820 3339 957 3426 agendis
972 3341 1090 3410 nostris
1104 3345 1221 3416 fideles

79 3451 209 3536 reperti
224 3457 320 3534 sunt;
343 3450 528 3535 predictam
544 3457 674 3535 terram
700 3454 857 3529 quantum
876 3448 909 3514 in
925 3447 1020 3516 nobis
1039 3458 1099 3538 est,
1124 3457 1220 3524 saluo

74 3557 264 3626 cuiuslibet
292 3557 363 3623 iure
393 3563 602 3642 remanente,
634 3554 843 3641 presentibus
874 3561 906 3623 et
936 3559 1220 3629 consencientibus

74 3665 272 3732 Beronibus
286 3663 418 3747 nostris,
442 3663 592 3730 dedimus
608 3670 641 3731 et
656 3662 858 3749 contulimus,
881 3664 1004 3747 absque
1019 3665 1100 3734 iuris
1115 3669 1223 3754 preiu·

74 3773 171 3841 dicio
191 3773 304 3858 alieni,
319 3773 428 3859 Petro,
438 3773 595 3840 Furcasio
611 3777 642 3839 et
658 3771 785 3838 Endree
800 3773 949 3857 superius
966 3775 1140 3858 annotatis,
1157 3793 1221 3842 nec

73 3903 142 3950 non
162 3887 203 3948 et
217 3901 277 3966 per
292 3881 426 3948 eosdem
443 3881 511 3947 suis
535 3879 691 3948 beredibu
715 3878 932 3964 heredumque
948 3899 1076 3946 suornm
1092 3901 1223 3948 succes-

68 3989 218 4056 susibus
249 3987 321 4054 inre
351 3994 512 4073 perpetuo
550 3987 794 4073 possidendam.
834 3987 877 4054 Vt
906 3985 1007 4070 igitur
1035 3987 1223 4056 huiusmodi

70 4101 199 4162 nostre
218 4093 436 4162 concessionis
460 4093 565 4162 series
589 4096 739 4182 perpetui
760 4095 854 4161 titulo
869 4094 990 4178 rigoris
1005 4096 1040 4162 iu
1055 4101 1222 4183 posterum

69 4209 296 4289 perseueret,
327 4207 496 4286 presentes
526 4201 745 4270 concessimus
767 4201 895 4270 litteras
927 4201 1093 4288 dupplicis
1116 4203 1222 4288 sigilli

65 4309 183 4381 nostri
223 4307 403 4376 munimine
433 4309 612 4375 roboratus.
629 4305 630 4313 ’
645 4309 766 4374 Datum
797 4325 857 4392 per
881 4327 997 4374 manus
1025 4309 1222 4378 venerabilis

64 4423 130 4488 riri
158 4415 324 4500 Magistri
348 4413 518 4482 Benedicti
543 4415 662 4482 Sancte
678 4413 912 4499 strigoniensis
937 4415 1086 4484 Ecclesie
1101 4415 1220 4500 Electi,

63 4523 253 4614 Propositi
276 4520 459 4608 Budensis,
496 4523 572 4590 aule
596 4530 707 4591 nostre
730 4521 1020 4608 Vicedanoellsrij
1048 4520 1161 4589 dilecti
1175 4529 1222 4588 et

108 4659 237 4703 raom.
252 4657 337 4694 nuru.
353 4655 423 4693 nisu.
441 4665 480 4677 -
497 4657 608 4696 crunon.
634 4651 670 4696 tr.
1034 4629 1054 4694 8
