3080 5160
850 281 916 346 330

320 473 429 546 diones
453 479 605 562 antiquas
629 497 686 564 per
711 479 871 546 hominem
892 479 1033 565 Capituli
1053 477 1279 546 Waradiensis
1297 477 1456 548 Ecclesia

322 585 409 651 nullo
436 587 674 654 contradicente
699 609 755 653 scu
772 589 1019 672 superueniente
1035 587 1279 674 reaurbulatam,
1297 594 1332 653 vt
1345 589 1382 654 in
1402 589 1455 654 lit-

321 693 397 759 teris
413 693 489 761 dieti
515 696 657 779 Capituli
681 697 820 762 vidimus
842 697 949 763 lucide
966 703 998 760 ct
1015 697 1186 762 manifeste
1201 697 1389 782 explanari,
1409 718 1453 762 ex

321 821 409 870 mera
434 809 546 871 nostra
571 805 771 870 liberalitate
796 805 857 872 sub
882 805 978 872 certis
995 803 1109 872 methis
1125 811 1158 872 et
1173 803 1452 872 distinecionibus

322 909 478 996 dedimus,
495 911 685 979 donanimus
703 919 735 977 et
751 895 942 980 contulimus
958 914 1027 980 iure
1042 919 1196 999 perpetuo
1208 913 1314 979 eidem
1324 913 1451 980 Comiti

325 1019 444 1105 Sygue,
455 1025 486 1086 et
502 1040 558 1104 per
574 1041 645 1086 eum
662 1020 730 1087 suis
746 1019 919 1088 heredibus
934 1021 1153 1104 heredumque
1168 1041 1299 1089 suorum
1315 1039 1449 1088 sueces-

322 1127 448 1194 soribus
464 1128 599 1194 eandem
615 1134 732 1195 terram
750 1129 1005 1196 irreuccahiliter
1027 1127 1258 1215 possidendam
1275 1135 1308 1196 et
1325 1129 1451 1194 haben-

322 1233 397 1301 dam
414 1235 509 1320 plenc
526 1233 613 1318 iure;
627 1240 661 1303 et
676 1234 709 1301 in
726 1237 925 1322 corporalem
941 1238 1174 1323 possessionem
1191 1237 1276 1302 dicte
1289 1242 1376 1302 terre
1387 1256 1448 1322 per

322 1342 481 1409 hominem
506 1351 648 1412 nostrum
674 1343 801 1410 nomine
817 1344 954 1410 Paulum
969 1344 1069 1411 tilium
1086 1345 1176 1412 Such
1191 1344 1328 1410 fecimus
1344 1345 1444 1410 intro·

323 1447 406 1537 duci,
433 1457 465 1517 et
490 1451 590 1518 libere
614 1451 835 1537 permittentes
862 1451 997 1519 eandem
1021 1451 1197 1538 possidere.
1221 1451 1261 1517 In
1287 1451 1382 1518 cuius
1399 1450 1447 1519 rei

323 1557 511 1624 memoriam
536 1566 787 1646 perpetuamque
811 1560 1003 1646 firmitatem,
1021 1580 1062 1626 ne
1078 1561 1173 1644 lapsu
1189 1565 1373 1646 temporum
1389 1581 1446 1645 per

323 1667 506 1752 quempiam
537 1670 611 1754 ipsa
634 1675 746 1735 nostra
771 1668 909 1736 donacio
935 1669 1043 1735 valcat
1067 1667 1100 1733 in
1126 1668 1234 1751 aliquo
1258 1669 1444 1752 retractari,

323 1773 427 1840 eidem
452 1795 548 1862 super
572 1776 661 1842 dicta
685 1775 862 1843 donacione
887 1777 1104 1843 concessimus
1128 1777 1253 1842 litteras
1280 1775 1445 1862 dupplicis

325 1881 428 1968 sigilli
446 1884 548 1950 nostri
565 1885 739 1950 munimine
762 1885 940 1952 roboratas.
958 1887 1076 1951 Datum
1093 1885 1126 1950 in
1136 1885 1246 1950 Zolum
1260 1903 1445 1970 permanes

324 1991 458 2060 disereti
474 1993 536 2058 viri
552 1992 698 2077 Magistri
710 1993 932 2060 Bartholomei
948 1995 1022 2060 aule
1037 2000 1146 2060 nostre
1155 1993 1443 2078 Vico-Cancellarij

326 2101 438 2168 dilecti
455 2105 487 2168 et
502 2099 608 2166 tidelis
623 2099 725 2166 nostri
742 2119 826 2166 auno
841 2101 972 2168 Domini
994 2101 1037 2168 Μ0
1057 2100 1120 2168 CC⁰
1137 2101 1274 2167 LXXX⁰
1289 2101 1439 2186 secundo,

323 2208 427 2296 Regni
443 2215 548 2276 autem
564 2209 665 2276 nostri
682 2207 817 2277 decimo.

326 2427 439 2494 (Robert
460 2423 564 2494 Kdrcly
586 2424 734 2493 kirttynatr
757 2429 834 2479 1319.
848 2428 920 2480 XVI.
934 2427 1064 2480 kalendas
1077 2427 1219 2494 Februarij
1233 2427 1381 2494 „Magister
1392 2427 1444 2479 Be-

325 2520 426 2574 raudus
438 2519 510 2576 fitius
522 2519 623 2573 Thomu
641 2517 690 2584 filij
706 2518 794 2586 Sygs“
808 2517 930 2570 keresdre
942 2519 1049 2571 hisdott
1066 2517 1230 2584 megerdsltd
1242 2513 1443 2587 privilegiumd-

587 2609 649 2672 bdl;
663 2623 678 2662 u
692 2610 745 2666 tels.
761 2605 858 2676 Kdllay
871 2607 962 2662 csnldd
976 2605 1181 2676 leveltdrdban.)

778 2914 988 2934 Μ

842 3437 917 3510 235.

330 3643 397 3713 IV.
422 3643 537 3713 Marto
561 3645 672 3732 ttruty
695 3643 764 3714 tdbh
788 3644 1021 3732 horsodmepyei
1035 3643 1262 3732 edrp'ohdu'qyut
1277 3643 1390 3710 mmai
1402 3641 1448 3708 dl-

734 3757 824 3822 lu'eru
839 3756 937 3822 emeli.
956 3757 1067 3860 1282.Ι

436 3974 612 4044 Ludinlaus
640 3975 703 4042 Dei
729 3973 840 4059 gracia
864 3971 1029 4056 Hungarie
1041 4023 1051 4059 ,
1083 3971 1273 4055 Dalmueie,
1308 3969 1447 4052 Croaeie,

329 4087 449 4170 Reme,
473 4085 602 4168 Seruie,
628 4082 787 4167 Callieie',
816 4081 1027 4168 Lodomerie,
1051 4079 1208 4148 Cumanis
1233 4079 1448 4164 Bulgarieqne

330 4193 399 4259 Rex
410 4189 560 4270 ,omnibus
578 4191 695 4258 Christi
720 4188 867 4257 fidelihus
885 4195 1067 4274 presentem
1084 4191 1239 4276 paginam
1255 4187 1449 4274 inspecturis

331 4301 472 4396 salutern
495 4301 529 4366 in
555 4301 695 4367 omnium
723 4301 898 4367 calcatore.
926 4297 1042 4382 Regali
1067 4297 1197 4382 dignum
1222 4303 1271 4364 est
1297 4303 1329 4364 ct
1359 4315 1449 4382 expe·

332 4409 425 4478 diens
450 4429 524 4494 eos,
559 4409 615 4495 qui
648 4407 797 4496 seruicijs
828 4407 996 4476 duminieis
1023 4414 1055 4476 et
1087 4405 1288 4492 obsequiosis
1319 4403 1448 4470 lamula-

335 4515 423 4584 tibus
451 4518 578 4588 diucius
607 4539 642 4588 se
666 4525 826 4598 exercent,
842 4515 1078 4606 {munificencia
1093 4514 1267 4603 gratulari3
1284 4519 1321 4580 ut
1337 4533 1374 4582 eo
1390 4533 1449 4580 arn·

336 4624 424 4714 plius
448 4625 588 4714 ipsorum
612 4629 759 4720 exemplo
784 4629 884 4698 ceteri
915 4627 958 4699 ad
973 4627 1140 4703 fidelitatis
1156 4644 1253 4718 opera
1269 4622 1447 4693 inuitentur.
