3140 5150
839 327 1000 432 ,ΕΙ-ῥ-

356 528 516 597 cientibus
533 525 762 595 commetaneis
787 532 819 594 et
836 525 963 612 uicinis,
990 547 1048 614 pro
1075 523 1188 595 decem
1215 527 1336 596 marcis
1352 530 1382 594 iu
1397 530 1463 598 lilios
1539 507 1540 550 ³

356 637 563 720 filiorumque
588 655 790 704 successores
815 642 971 722 perpetuo
988 641 1019 702 et
1035 635 1300 704 inremeabiliter
1319 637 1463 724 possiden·

359 745 455 827 dam;
489 763 571 828 quas
596 741 727 826 quidem
759 741 870 808 decem
901 761 1028 810 meroes
1054 742 1154 829 ijdem
1178 763 1237 830 per
1262 764 1324 812 nos
1340 746 1463 829 requisiti

358 853 487 942 plenius
506 849 646 918 confessi
664 855 740 916 suut
756 851 919 936 recepisse
938 850 1122 916 abeodem.
1147 849 1218 918 Hoc
1237 851 1374 936 adieoto,
1396 853 1463 936 qued

359 961 544 1043 quicunque
572 963 786 1041 cognatorum
812 977 871 1025 sen
896 957 1115 1043 proximorum
1151 958 1311 1026 dictorum
1335 959 1421 1024 Pauli
1440 969 1463 1026 et

359 1064 509 1152 Nicolai,
533 1083 591 1132 seu
615 1063 747 1132 domina
772 1069 874 1130 mater
899 1063 1091 1152 eorundem,
1114 1065 1296 1152 predictum
1327 1067 1462 1133 Comitem
1507 1139 1510 1152 .
1540 1111 1541 1126 r

332 1241 336 1246 ,
362 1172 582 1240 Alexandrum
600 1173 731 1240 racione
757 1171 841 1240 dicte
867 1181 951 1240 terre
977 1173 1043 1240 ullo
1066 1193 1209 1260 unquam
1234 1177 1464 1260 temporemole·

361 1287 504 1364 starent,
527 1282 579 1348 uel
604 1279 724 1348 dictam
750 1285 871 1348 terram
894 1279 1081 1368 impeteret,
1106 1281 1185 1348 dicti
1205 1282 1329 1349 Paulus
1343 1289 1374 1348 et
1386 1283 1463 1348 Nieo·

362 1391 433 1457 leus
449 1395 561 1456 contra
586 1389 765 1473 quemlibet
789 1387 910 1455 dictum
937 1389 1094 1456 Comitem
1121 1391 1343 1461 Alexandrum
1362 1397 1391 1457 et
1404 1409 1464 1456 suos

361 1496 498 1564 heredes
522 1499 715 1566 tenebuntur
739 1495 895 1583 expedire
918 1499 1063 1585 proprijs
1087 1499 1252 1568 laboribus
1278 1508 1311 1568 et
1329 1497 1464 1585 expensis.

362 1609 400 1673 ln
432 1605 524 1672 cuius
556 1608 602 1674 rei
633 1605 849 1674 testimonium
881 1613 913 1673 et
936 1614 1127 1694 perpetuum
1152 1609 1336 1678 firmitatem
1359 1611 1464 1678 litteras

364 1721 491 1782 nostras
507 1713 724 1782 concessimus
744 1717 857 1784 robore
876 1715 979 1784 nostri
1000 1717 1101 1802 sigilli
1118 1719 1335 1786 confirmatas.
1364 1719 1465 1784 Datum

364 1843 450 1888 anuo
483 1821 614 1889 Domini
646 1823 818 1892 millesimo
851 1823 1072 1892 ducentesimo
1089 1827 1329 1910 septuagesimo
1354 1833 1466 1905 octeuo;

365 1930 509 1997 Abraam
526 1927 687 2014 Centone,
712 1932 829 1998 Ectore
854 1933 1008 2018 Lectore,
1033 1931 1154 2019 blykou
1180 1933 1321 2001 Custode
1343 1935 1466 2002 Ecclesie

364 2043 475 2105 nostre
492 2037 713 2108 existentibus.

366 2235 502 2300 (Ersdetie
516 2251 532 2288 s
545 2237 634 2301 Rumy
648 2231 740 2288 oculte
760 2233 951 2298 levdltdrdbsu,
972 2237 1107 2292 mdsolats
1119 2255 1136 2293 s
1148 2252 1261 2307 magysr
1273 2243 1407 2294 audemia
1417 2238 1466 2290 lula-

823 2325 1026 2396 iret-tdrtbsn.)

825 2653 1036 2668 m

894 3113 968 3186 usl.

368 3330 399 3398 A
418 3329 534 3418 azopari
549 3331 772 3418 kdptalacmak
786 3331 1063 3419 tacayceqlavelc,
1081 3338 1164 3422 leoqy
1174 3306 1348 3403 dedalea
1361 3331 1471 3418 Isipcelt

362 3440 415 3522 fic
440 3437 622 3525 Reqyoulclu
636 3449 716 3506 ceos
731 3440 870 3508 tinctos
885 3441 992 3506 elodto
1010 3441 1118 3508 Jolccb
1133 3445 1312 3526 mettensis,
1337 3467 1357 3508 a
1371 3441 1471 3527 superi

597 3551 753 3636 ledptolac
778 3551 1138 3618 oleoseeaoonokeaat.
1165 3556 1261 3620 12⁷8.

477 3747 545 3814 Nos
561 3743 716 3831 Magister
740 3747 780 3813 bi.
806 3744 929 3812 Diuina
949 3745 1162 3814 miseracione
1178 3747 1361 3832 Propositus
1375 3743 1411 3809 de
1424 3742 1471 3808 za·

369 3873 431 3941 pus
447 3852 599 3922 memorie
615 3854 876 3921 commendantes
893 3851 1112 3938 significamus
1123 3852 1282 3921 uniuersis
1292 3847 1471 3938 presencium

370 3981 427 4046 per
449 3967 611 4047 tenorem,
650 3961 736 4045 quod
761 3960 927 4030 coustituti
952 3962 987 4026 in
1011 3961 1113 4029 nostri
1128 3959 1299 4046 presencia
1314 3954 1472 4025 Authuleus

370 4071 456 4139 dlius
480 4069 571 4154 Ysyp
598 4087 669 4134 eum
695 4067 846 4134 filiosuo
871 4067 1036 4153 Stephano
1061 4087 1102 4134 ex
1127 4073 1219 4152 parte
1236 4087 1312 4152 vna,
1333 4063 1472 4134 exaltem

369 4195 446 4245 vero
462 4175 619 4259 Magister
633 4175 787 4262 Jacobus,
806 4175 920 4243 Lector
939 4173 1088 4241 Ecclesie
1102 4173 1215 4242 Sancti
1232 4173 1361 4240 Martini
1376 4177 1406 4236 et
1418 4167 1471 4255 ple·

370 4287 474 4354 banus
490 4285 532 4351 de
547 4283 635 4351 Villa
648 4282 766 4350 Latina
775 4333 784 4367 ‚
807 4301 875 4349 vua
899 4301 971 4350 cum
997 4281 1152 4349 fratribus
1168 4281 1245 4365 suis,
1268 4280 1354 4347 idem
1368 4272 1469 4344 Anthe-

370 4393 441 4462 leus
457 4391 567 4460 retulit
583 4389 687 4476 uobis,
716 4387 802 4476 quod
818 4389 931 4459 villam
947 4409 1040 4460 susm
1056 4388 1244 4476 Regyoulcb
1259 4393 1403 4458 uocatam
1416 4400 1472 4452 cum

371 4499 520 4572 omuibus
542 4497 736 4568 utilitatibus
761 4500 849 4585 suis,
874 4516 972 4584 quam
991 4497 1078 4564 idem
1095 4496 1275 4566 Autbuleus
1291 4504 1325 4565 et
1340 4494 1387 4562 sui
1401 4491 1472 4557 bere·

372 4610 430 4676 des
453 4606 673 4691 heredumque
697 4624 902 4675 successores
929 4627 971 4674 ex
995 4605 1177 4675 donacions
1203 4601 1324 4672 domiui
1342 4603 1376 4670 B.
1390 4595 1474 4680 Regis
