3126 5150
146 643 253 728 gendo
270 647 487 734 proposuerat
504 661 542 712 eo
559 643 654 712 modo
673 669 680 710 ε
705 644 792 727 quod
808 637 983 713 ladislaus
1004 645 1089 710 filius
1106 639 1277 727 lobannis,

147 751 349 820 laurencius
375 749 462 818 filius
485 749 583 836 Petri,
610 757 642 817 et
667 749 751 818 alter
777 751 953 818 ladislaus
978 749 1062 817 lilius
1088 751 1219 820 Nicolai
1239 751 1279 816 de

147 861 290 944 Rozgon,
316 858 424 943 ipsum
449 861 481 922 et
508 877 585 923 suas
611 857 819 942 posteritates
846 857 877 922 in
904 858 1051 942 predicta
1072 843 1281 943 possessione

147 984 207 1031 sua
229 960 340 1048 Tusyr
367 970 485 1030 vocata
511 969 624 1030 contra
652 963 815 1046 quoslibet
849 965 1050 1047 impetitores
1087 984 1279 1031 conseruare

148 1071 420 1156 assumpsissent;
445 1090 542 1155 qnam
558 1069 689 1154 quidem
715 1070 956 1154 possessionem
976 1069 1077 1136 vieini
1092 1077 1124 1137 et
1141 1091 1277 1137 comme-

148 1179 235 1244 tanei
252 1179 303 1244 sni
319 1179 461 1262 undique
486 1177 667 1244 existentes
695 1177 761 1244 fere
778 1177 811 1242 in
828 1178 943 1244 maiori
968 1183 1061 1262 parte
1088 1175 1132 1243 ad
1150 1197 1278 1262 posses·

150 1285 312 1351 sionarias
328 1284 474 1369 ipsorum
500 1283 669 1370 porciones
694 1283 893 1368 applicando
915 1287 958 1351 ab
977 1287 1047 1369 ipso
1064 1285 1276 1369 alienasseut,
1367 1271 1369 1275 ’

148 1409 297 1472 nuncque.
320 1392 390 1476 ipse
415 1409 474 1476 per
497 1389 587 1474 ipsos
611 1388 816 1473 Ladislaum,
842 1389 1061 1456 Laurentium*
1082 1397 1114 1456 et
1138 1392 1278 1458 alterum

147 1496 339 1562 Ladislaum
365 1498 400 1564 in
428 1497 516 1564 dicta
542 1497 750 1584 possessione
774 1497 883 1582 Tusyr
911 1505 1027 1566 vocata
1050 1499 1142 1565 iuxta
1169 1519 1278 1567 eornm

150 1612 352 1689 assumptum
370 1625 406 1671 se
421 1625 615 1673 conseruare
636 1605 734 1670 vellet
750 1605 820 1670 iure
838 1605 1011 1674 mediante.
1036 1607 1108 1685 Quo
1124 1616 1276 1692 percepto

152 1711 316 1778 Demetrio
344 1709 410 1777 filio
432 1711 583 1797 Symcnis
609 1733 668 1796 pro
693 1709 847 1778 Ladislao
874 1713 940 1778 tilio
961 1713 1091 1780 Nicolai
1116 1715 1278 1780 antedicto

149 1839 220 1885 cum
236 1821 366 1904 nostris',
384 1839 442 1904 pro
469 1821 573 1886 altero
588 1839 665 1886 vero
682 1818 839 1886 Ladislao
863 1819 929 1886 tilio
945 1819 1105 1887 Jchannis
1114 1874 1123 1908 ,
1149 1831 1182 1888 et
1196 1823 1277 1888 Lau-

148 1926 257 1992 rencio
281 1925 347 1994 lilio
372 1927 460 1995 Petri
484 1927 652 2011 Stephano
677 1927 749 1994 rufo
785 1948 857 1993 cum
891 1929 1012 1995 litteris
1044 1931 1277 2016 procuratorijs

150 2031 335 2100 conuentus
361 2033 402 2099 de
417 2035 496 2102 deuo
513 2034 545 2099 in
562 2041 705 2101 nostram
723 2035 954 2116 excusantibus
971 2036 1181 2120 presenciam,
1200 2045 1276 2103 ean-'

148 2139 222 2204 dem
239 2159 373 2206 causam
390 2142 473 2225 ipsis
497 2143 646 2226 partibus
667 2141 851 2207 volentibus
877 2147 908 2206 et
924 2143 1106 2226 petentibus
1131 2143 1173 2208 ad
1189 2149 1275 2208 octa·

147 2266 208 2313 vas
223 2245 300 2314 testi
311 2249 494 2334 Epiphanie
504 2249 637 2316 Domini
653 2247 804 2314 duximus
816 2239 1057 2333 'prorogandam
1068 2251 1131 2315 stb.
1149 2245 1277 2335 (Elulror

150 2373 190 2418 aa
207 2361 272 2439 dgy
288 2354 385 2421 ismbt
408 2355 571 2442 ttbbsutr,
594 2375 611 2421 s
627 2356 759 2439 elvegre
788 2354 850 2442 „ad
866 2363 1032 2441 presentes
1049 2361 1182 2420 octauas
1200 2355 1276 2419 festi

145 2458 331 2544 Epiphania
346 2459 498 2526 Domiui“
516 2459 798 2545 elbalasztatvdu;
823 2461 942 2527 Miklds
969 2481 1076 2527 eomes
1102 2463 1161 2527 ket
1177 2461 1274 2544 tulaj-

147 2565 404 2633 donttrubtztsi
421 2567 577 2652 okmtnyt
592 2574 695 2633 mutat
713 2565 784 2655 fel).
818 2567 972 2635 Preterea
989 2567 1172 2634 Demetrius
1189 2567 1274 2634 filius

144 2671 307 2741 Jobsnnis
334 2673 368 2737 in
384 2673 530 2758 personis
546 2673 702 2740 dictorum
729 2673 886 2741 nobilium
903 2675 944 2742 de
961 2677 1092 2757 Rozgon
1109 2674 1273 2757 quoddam

144 2778 357 2864 priuilegium
392 2779 609 2847 illustrissimi
637 2779 798 2865 Principis
824 2779 945 2846 domini
973 2781 1121 2847 Ladizlai
1148 2781 1274 2865 pridem

143 2885 252 2951 inoliti
279 2885 377 2970 Regis
393 2886 561 2970 Hungarie
586 2907 673 2952 anno
698 2887 740 2954 ab
767 2887 998 2953 incarnacione
1016 2887 1145 2951 Domini
1162 2885 1273 2952 ΜὋΟο

145 2985 387 3077 septuagesimo
413 2993 514 3058 tercio
534 2991 724 3077 conlectum,
759 2991 997 3058 transscribens
1022 2997 1055 3056 et
1081 2992 1273 3060 confirmans

144 3099 274 3165 litteras
298 3097 521 3186 priuilegiales
547 3097 670 3165 domini
695 3095 853 3182 Stephani
879 3095 967 3180 olym
988 3097 1088 3179 Regis
1108 3099 1274 3181 Hungarie

145 3226 234 3273 anno
260 3203 352 3272 verbi
378 3205 538 3272 incarnati
564 3202 676 3271 M⁰OO⁰
695 3201 937 3288 septuagesimo
962 3209 1109 3267 exortum
1138 3205 1275 3270 reuoluit

146 3313 329 3379 decantans
344 3311 428 3380 inter
443 3311 520 3395 alia,
540 3311 627 3395 quod
642 3311 727 3378 idern
744 3311 895 3376 dominus
912 3309 1095 3394 Stephanus
1111 3311 1181 3377 Rex
1197 3311 1273 3377 fide·

14 3463 17 3514 i
144 3417 297 3487 litatibus
322 3424 354 3485 et
373 3417 517 3486 fidelium
541 3419 766 3500 obsequiorum
792 3415 973 3502 praeclaris
989 3416 1111 3482 meritis
1128 3417 1275 3502 Renoldy

144 3526 296 3610 Magistri
311 3525 541 3612 Dapiferorum
553 3525 654 3592 Ducis
670 3525 817 3594 Ladislai
834 3523 892 3607 lilij
911 3525 971 3605 sui,
989 3524 1103 3590 dilecti
1120 3531 1153 3590 et
1169 3523 1273 3591 fidelis

143 3631 208 3718 sui,
226 3633 361 3700 Comitis
375 3630 563 3715 Agauenum
578 3653 707 3700 suorum
733 3639 765 3698 et
781 3631 821 3697 de
836 3629 988 3717 Zabolob,
1013 3633 1068 3715 qui
1084 3653 1105 3698 a
1121 3631 1274 3717 primeuis

144 3757 206 3806 sue
229 3737 408 3805 iuuentutis
434 3739 634 3822 temporibus
659 3738 724 3804 sibi
756 3737 843 3805 omni
868 3737 1048 3803 conaminis
1074 3736 1183 3802 studio
1209 3741 1273 3802 stu·

144 3842 274 3912 duisset
298 3842 508 3930 complacere,
538 3845 573 3911 in
589 3847 653 3913 Sue
669 3845 851 3912 Maiestatis
877 3841 1154 3912 reminisceneiam
1181 3840 1274 3908 redu·

144 3950 229 4039 ctis,
255 3951 421 4034 quandam
445 3957 565 4018 terram
591 3951 699 4037 ‘l'usyr
724 3950 947 4019 incomitata
974 3947 1015 4016 de
1041 3947 1182 4014 Zabolob
1207 3949 1273 4013 exi-

142 4061 285 4124 stentem
307 4075 378 4124 eum
394 4057 543 4124 omuibus
558 4055 625 4123 suis
640 4057 844 4141 utilitatibus,
869 4054 1081 4140 pertinenoijs
1107 4061 1140 4119 et
1155 4073 1273 4138 appen·
1361 4045 1375 4078 '

143 4162 242 4248 dictis
257 4159 365 4230 eidem
373 4161 530 4248 Magistro
540 4161 686 4231 Renoldo
703 4162 858 4246 dedisset,
872 4161 1026 4229 donasset
1037 4169 1070 4228 et
1085 4159 1276 4228 tradidisset

142 4269 216 4336 iure
246 4274 404 4356 perpetuo
435 4267 684 4354 possidendam,
733 4267 908 4336 tenendam
939 4274 971 4333 et
1001 4263 1182 4334 habendam
1214 4270 1274 4334 stb.

151 4375 276 4444 Datum
299 4374 336 4442 in
350 4371 536 4461 wysegrad
559 4372 750 4442 duodecimo
774 4373 827 4441 die
841 4372 975 4440 termini
990 4373 1164 4457 prenotati,
1189 4391 1275 4439 anno

144 4479 281 4550 Domini
294 4479 467 4549 millesimo
483 4477 652 4549 00ch
666 4486 768 4549 sexto.

319 4641 454 4708 (Eredetle
466 4622 581 4709 papiron
594 4656 611 4692 a
624 4640 706 4692 sudu
719 4641 770 4692 lrir.
785 4641 908 4692 kamarai
922 4636 1112 4704 lerdltdrbam)

1067 4797 1112 4868 3.
