3126 5150
292 950 321 1015 A
338 952 521 1018 kereazteeelo
536 951 705 1036 aij-edoma
719 953 940 1036 koovemjoub
954 953 1227 1040 bizonysdpleoele,
1241 957 1323 1038 boqy
1340 953 1423 1018 Lon-

291 1059 400 1124 koolrzo'
415 1059 541 1123 Furlros
558 1057 785 1124 Loukoobzbao
801 1059 869 1124 le'eb
884 1059 1025 1124 bio-robor
1047 1060 1154 1125 Veron
1170 1059 1423 1142 Pateraefia'nnk

740 1165 856 1230 eludto.
883 1167 979 1232 1273.

400 1377 468 1444 Nos
494 1376 593 1443 frater
621 1375 843 1460 Guiyllermus
869 1377 1043 1463 Preeeptor
1068 1385 1100 1444 et
1125 1377 1280 1446 Crueiieri
1297 1381 1423 1446 Domus

296 1483 477 1572 Hospitalis
502 1483 543 1552 de
569 1483 665 1552 Noua
690 1484 787 1551 Curia
812 1485 965 1551 memorie
989 1485 1253 1553 commendantes
1278 1485 1422 1553 notifica·

294 1613 365 1660 mus
381 1593 498 1678 quibus
523 1589 652 1676 expedit
677 1591 848 1677 uniuersis,
875 1593 962 1676 quod
989 1593 1171 1660 eonstitutis
1198 1611 1306 1660 eoram
1327 1593 1422 1660 nobie

296 1698 456 1766 Farlrasio
482 1699 550 1766 filio
565 1697 722 1783 Stephani
742 1698 783 1765 de
798 1697 973 1766 Loukoehn
990 1705 1120 1785 aparte
1136 1719 1212 1786 una,
1230 1699 1343 1766 Varou
1358 1700 1425 1768 fillo

239 1841 240 1844 =
294 1805 433 1890 Petgrue
459 1804 500 1871 de
515 1803 628 1872 eadem
656 1806 697 1872 ab
723 1804 846 1889 altera,
870 1804 956 1871 idem
981 1805 1163 1873 Farlrusius
1188 1805 1424 1874 dimidietatem

296 1919 383 1978 terre
399 1933 458 1980 sue
482 1935 503 1981 a
527 1908 697 1999 llyohaele
722 1913 790 1980 lilio
815 1913 948 1981 Comitis
965 1914 1146 2000 Myebaelis
1172 1915 1236 1982 sibi
1260 1913 1424 2001 deuolute,

293 2021 355 2086 site
370 2019 404 2085 in
420 2018 536 2087 eadem
552 2017 736 2104 Loukoobn‚
761 2018 899 2106 aplaga
925 2019 1091 2103 aquilonis
1107 2019 1321 2100 adiacentem,
1350 2041 1425 2088 oon·

294 2127 399 2194 lessus
415 2133 516 2194 estse
532 2125 718 2194 vendidisse
733 2125 841 2192 Varou
857 2125 1021 2194 antedicto
1037 2147 1096 2212 pro
1111 2147 1231 2214 marea,
1247 2127 1374 2195 fertone
1389 2137 1423 2196 et

300 2232 434 2301 dimidio
450 2233 547 2318 plene
566 2235 608 2301 ab
624 2232 737 2300 eodem
752 2233 900 2320 receptis,
916 2232 986 2300 inre
1001 2239 1157 2319 perpetuo
1173 2238 1206 2299 et
1221 2233 1255 2300 in
1271 2234 1426 2302 heredum

298 2340 434 2409 heredes
456 2340 687 2426 possidendam
703 2339 825 2408 nullius
842 2339 1105 2408 eontradieeione
1120 2341 1293 2408 mediante.
1326 2341 1427 2408 Cuius

298 2447 401 2514 eeiam
436 2454 519 2516 terre
553 2449 692 2514 alteram
727 2445 963 2515 dimidietatem
998 2446 1084 2514 idem
1109 2437 1291 2514 Farlrasins
1317 2447 1426 2514 adhue

298 2561 399 2622 antea
414 2555 602 2624 uendidisse
627 2575 664 2622 se
680 2555 817 2624 asseruit
833 2557 942 2622 Varou
958 2562 1154 2640 memorato3
1179 2555 1352 2641 priuilegio
1370 2557 1429 2622 Ga-

300 2661 396 2747 pituli
412 2662 661 2750 vesprimiensis
685 2681 782 2749 super
807 2662 922 2730 eadem
948 2669 1035 2732 terra
1059 2661 1225 2749 uonleoto,
1252 2683 1326 2730 enm
1342 2662 1429 2730 idem

301 2767 482 2838 Farkaaius
510 2772 614 2857 ipsum
631 2791 666 2837 se
691 2769 811 2839 habere
837 2769 1057 2857 deneganerit,
1078 2790 1136 2855 pro
1152 2787 1258 2856 easso,
1278 2777 1311 2838 et
1327 2769 1430 2852 inani,

300 2897 340 2944 ao
356 2875 427 2946 sine
443 2877 576 2964 iuribus,
593 2877 621 2946 si
638 2897 792 2962 umquam
809 2876 989 2944 exhibitum
1005 2875 1113 2962 luerit,
1130 2883 1326 2944 remanente.
1355 2876 1430 2943 'Pali

302 2986 433 3071 insuper
469 2984 660 3054 eondieione
685 2983 899 3070 interpositap
932 2982 1072 3068 quodsi
1098 2983 1219 3068 aliquis
1244 2984 1298 3052 uel
1325 2982 1430 3067 aliqui

302 3111 453 3178 processu
469 3099 651 3178 temporum
665 3090 848 3177 predictum
864 3090 973 3158 Varou
989 3090 1042 3157 uel
1058 3089 1161 3176 ipsius
1180 3089 1314 3158 heredes
1332 3109 1427 3158 oooa·
1541 3139 1542 3200 p

302 3199 393 3266 sione
418 3205 595 3267 memorate
620 3205 705 3264 terre
735 3197 892 3284 impetere
914 3212 1108 3282 quoeunque
1138 3195 1233 3263 modo
1258 3203 1431 3284 attempta·
1541 3207 1542 3222 ³

306 3305 429 3413 uerint3
453 3311 571 3372 extune
601 3305 687 3372 idem
717 3303 896 3372 Farlrasius
907 3354 916 3389 ,
949 3311 981 3371 et
1005 3323 1064 3392 per
1094 3323 1295 3388 consequens
1327 3304 1433 3389 ipsius

303 3413 439 3480 heredes
465 3410 618 3496 expedire
643 3412 836 3479 tenebuntur
871 3411 1001 3480 eosdem
1027 3411 1171 3498 proprijs
1206 3412 1375 3479 laboribus
1401 3421 1436 3481 et

305 3517 466 3606 expensis,
491 3516 584 3584 etsie
600 3517 688 3584 laeta
713 3503 941 3604 expedicione
949 3518 1133 3632 relinquent
1157 3517 1435 3586 eandemterram
1541 3519 1542 3522 ’

306 3629 406 3692 totam
424 3625 534 3693 Varon
551 3631 582 3691 et
597 3623 675 3710 filijs
691 3625 836 3692 eiusdem
862 3625 932 3694 sine
948 3625 1089 3711 dampno
1114 3632 1146 3692 et
1171 3627 1306 3710 paoifiee
1330 3627 1436 3713 possi-

305 3734 455 3802 dendam.
479 3734 576 3802 Cuius
593 3731 724 3818 quidem
742 3733 838 3800 totius
853 3739 940 3800 terre
958 3741 1113 3800 metarum
1132 3733 1302 3802 distinoeio
1318 3733 1437 3818 ineipit
1541 3763 1542 3770 ¹

306 3843 338 3907 in
355 3841 455 3909 fluuio
470 3841 627 3908 Lonkoeh
653 3860 765 3908 uersus
782 3839 967 3922 aquilonem
993 3840 1035 3906 ab
1051 3841 1167 3908 arbore
1183 3863 1260 3928 epar·
1274 3859 1333 3926 pro
1348 3846 1439 3907 meta
1541 3879 1542 3942 p

306 3947 493 4032 assignata3
518 3945 595 4014 inde
611 3945 758 4031 proeedit
775 3945 989 4014 adorientem
1009 3945 1130 4014 direete
1156 3966 1214 4032 per
1228 3953 1348 4014 terram
1364 3963 1439 4013 ara·
1541 3947 1542 3976 ³

305 4055 415 4140 bilem,
432 4061 463 4120 et
480 4055 619 4121 bannita
635 4052 777 4137 quadam
798 4059 901 4120 strata
916 4051 1050 4139 publiea
1065 4054 1215 4138 peruenit
1229 4055 1272 4122 ad
1289 4055 1441 4122 arborem
1541 4101 1542 4124 i

307 4161 395 4248 pomi
420 4163 453 4228 in
481 4162 569 4228 ualle
593 4164 710 4248 sitam,
742 4163 775 4227 in
802 4181 867 4246 qna
892 4169 941 4228 est
966 4167 1070 4244 meta;
1116 4159 1233 4228 exbine
1262 4159 1369 4227 adhue
1398 4159 1442 4226 ad

307 4267 463 4336 orientem
490 4267 651 4336 tendendo
678 4268 825 4352 peruenit
851 4267 893 4334 ad
919 4270 1068 4336 arborem
1094 4265 1178 4334 ilieis
1202 4269 1299 4334 sitam
1325 4266 1443 4333 subtus

306 4378 436 4444 vineam
465 4375 603 4443 filiorum
631 4375 788 4462 Stefand,
814 4377 849 4442 in
875 4397 940 4460 qua
965 4383 1014 4442 est
1039 4381 1149 4460 meta;
1179 4377 1221 4443 ab
1246 4375 1321 4440 hine
1346 4373 1444 4439 iuxta

307 4484 444 4554 eandem
463 4483 595 4553 vineam
613 4483 762 4551 aseendit
778 4482 884 4551 adhue
899 4481 943 4550 ad
959 4482 1113 4550 orientem
1130 4481 1173 4550 ad
1190 4483 1279 4552 niam
1296 4480 1329 4548 in
1346 4499 1444 4566 supe·
