3146 5166
643 301 802 409 panc*-

153 497 310 572 donornm
328 503 430 572 nostri
456 503 634 591 creatoris,
653 503 771 588 quibus
803 521 863 570 nos
894 524 916 570 a
947 499 1147 588 gentilitatis
1177 521 1284 574 errore

153 618 350 696 reuocatam,
374 617 407 678 et
422 609 468 677 ad
483 611 690 694 agnitionem
706 609 775 677 ueri
791 609 924 675 luminis
948 609 1147 698 perductam,
1177 613 1281 678 mniti-

152 718 232 804 plici
249 717 367 784 effectu
383 715 493 800 gracie
508 737 567 783 sue
594 717 771 798 decorauit,
796 720 829 780 et
855 733 952 798 super
977 721 1086 782 cetera
1111 715 1197 785 dona
1222 738 1284 785 sua

153 825 257 892 tilium
273 831 420 891 nostrum
438 822 647 889 karissimum
659 821 701 888 ad
711 821 815 906 Regni
827 821 1001 908 Hungarie,
1017 823 1282 892 etliliasnostras

153 931 196 998 ad
213 931 416 998 diuersorum
433 932 620 1014 Regnorum
636 937 772 996 corones
789 927 936 1015 prefecit,
952 928 1156 1012 aliqualibus
1173 933 1278 1018 operi·

153 1038 215 1105 bus
231 1038 362 1123 pietatis
378 1037 522 1104 uolentes
539 1056 707 1103 occurrere
735 1043 768 1102 et
790 1035 1004 1120 respondere:
1042 1037 1148 1104 eidem
1173 1047 1282 1106 nostro

153 1141 368 1230 redemptori3
385 1133 462 1209 licet
476 1151 625 1229 respectu
641 1161 700 1208 sue
716 1141 916 1227 dileccionis,
933 1159 998 1224 qna
1013 1157 1071 1210 uos
1083 1139 1199 1210 dilexit
1209 1147 1281 1215 sine

153 1253 267 1318 merito
293 1257 325 1318 et
340 1251 473 1340 amauit,
490 1247 682 1336 respondere
703 1261 925 1336 nequeamus5
949 1257 1058 1316 tamen
1083 1269 1154 1318 eum
1180 1254 1281 1322 vidua

155 1366 260 1424 totum
277 1357 406 1424 mittere
427 1357 572 1442 precium
607 1355 830 1424 desiderantes
856 1356 962 1442 operis
990 1364 1023 1424 et
1046 1359 1166 1426 amoris
1191 1360 1283 1430 iuxta

152 1463 245 1550 illud,
262 1465 340 1550 qnia
355 1484 472 1531 manus
487 1482 652 1546 nunquam
669 1484 774 1530 uacua
789 1483 811 1529 a
826 1483 957 1531 munere
982 1465 1150 1555 reperitur,
1175 1471 1205 1536 si
1231 1491 1282 1536 ar-

152 1571 216 1637 oha
232 1571 339 1649 cordis
355 1571 479 1656 repleta
495 1575 545 1638 est
560 1571 648 1637 bona
663 1571 852 1655 uoluntate;
869 1569 1090 1639 ordinaulmns
1109 1573 1191 1640 hano
1216 1577 1281 1643 ele·

152 1677 315 1744 mosincm
333 1680 415 1746 satis
431 1678 594 1746 modicam
609 1685 677 1746 tam
694 1697 751 1764 pro
767 1679 874 1745 salute
898 1677 1021 1745 domini
1045 1677 1145 1762 Regis
1174 1681 1277 1750 karis-

154 1783 230 1849 simi
245 1781 304 1868 filij
322 1783 424 1851 nostri
440 1793 472 1850 et
488 1791 611 1864 nostra,
640 1806 738 1868 qnam
766 1785 843 1852 Bele
873 1784 981 1869 Regis,
1015 1785 1145 1853 domine
1177 1787 1279 1858 Marie

150 1891 277 1975 Regine
292 1893 449 1959 consortis
469 1893 548 1978 eius,
565 1895 677 1960 matris
689 1895 798 1960 nostre
808 1888 990 1978 karissime,
1001 1891 1080 1960 Belo
1094 1895 1197 1962 Ducis
1217 1897 1273 1980 lllij

151 1999 213 2084 sni,
230 2003 261 2064 et
278 1997 401 2065 domini
417 1999 462 2066 St.
478 1994 613 2067 illustris
631 2001 729 2084 Regis
744 1999 806 2065 viri
823 1999 924 2066 nostri
941 1999 1107 2068 karissimi
1134 2002 1277 2072 felicium

151 2104 415 2171 recordacionum
432 2127 491 2190 pro
508 2105 651 2173 remedio
668 2105 860 2192 animarum,
879 2124 975 2189 quam
1004 2107 1106 2176 eclam
1122 2111 1226 2194 primo
1245 2119 1279 2180 et

153 2211 383 2300 principaliter
408 2233 468 2298 pro
490 2211 620 2281 donisa
643 2215 714 2281 Deo
739 2213 833 2280 nobis
850 2213 988 2302 largitis,
1006 2217 1104 2301 paulo
1129 2219 1278 2305 superius

152 2319 319 2389 denotatis
335 2319 437 2387 ad-
459 2357 488 2374 -
510 2359 547 2368 -
567 2320 788 2388 --Sanoti
804 2318 997 2408 saluatoris,
1014 2323 1047 2389 in
1064 2341 1127 2406 quo
1143 2327 1273 2394 Fratres

150 2427 386 2514 Predicatorcs,
404 2447 483 2511 quos
500 2427 588 2493 omni
613 2425 857 2494 fauorabilitate
888 2429 1042 2513 prosequi
1060 2430 1277 2522 intendimus,

152 2535 260 2602 eidem
275 2535 416 2601 omnium
432 2534 590 2602 saluatori
606 2533 806 2602 famulentur
819 2558 826 2619 ;
843 2534 995 2604 videlicet
1010 2543 1046 2604 ut
1072 2539 1209 2608 collecta
1233 2543 1276 2610 ni-

151 2641 235 2726 ginti
251 2641 466 2730 denariorum,
481 2662 546 2724 qua
561 2639 655 2708 nobis
672 2641 816 2726 hospites
826 2641 928 2709 nostri
940 2639 981 2710 de
991 2643 1160 2712 Verenohe
1175 2648 1276 2715 racio-

149 2769 192 2814 ne
207 2747 342 2832 terragii
356 2747 458 2815 nostri
473 2747 566 2813 iuxta
581 2752 727 2814 nostram
745 2747 988 2815 ordinacionem
1004 2768 1046 2816 ex
1061 2771 1144 2819 nono
1155 2756 1275 2822 iactam

150 2853 191 2922 de
201 2853 342 2938 singulis
352 2854 454 2939 portis
464 2858 623 2940 tenentur,
634 2853 756 2921 eisdem
771 2855 943 2924 Fratribus
952 2856 1215 2928 Predicatoribus
1232 2864 1275 2930 ad

151 2981 234 3048 opus
250 2959 473 3046 supradictum
489 2960 658 3029 annuatim
672 2959 825 3047 persolni,
843 2967 875 3029 et
895 2962 972 3030 dare
987 2963 1154 3055 debeatur,
1172 2970 1275 3039 donec

148 3071 255 3155 ipsum
265 3066 490 3154 opusDomino
499 3067 695 3135 concedente
704 3067 845 3137 finaliter
854 3071 972 3154 poterit
981 3076 1276 3154 consummari.an

149 3176 191 3243 dc
206 3176 368 3259 nolumus,
385 3175 471 3257 qnod
480 3174 662 3260 quicunque
677 3165 775 3242 istam
784 3175 976 3260 premissam
987 3186 1127 3248 nostram
1145 3183 1272 3253 ordina-

149 3284 276 3351 cionem
292 3287 324 3348 et
339 3279 552 3348 elemosinam
567 3300 648 3348 ausu
664 3282 837 3349 temerario
854 3284 1036 3354 anichilare
1051 3295 1084 3356 ct
1100 3289 1134 3354 in
1149 3290 1274 3360 irritum

147 3409 305 3458 reuocare
320 3388 467 3475 uoluerit,
484 3389 744 3472 indignacionem
760 3389 822 3456 Dei
833 3389 1071 3477 Omnipotentis
1087 3403 1120 3464 et
1130 3403 1273 3466 nostram

147 3498 277 3563 senciat
293 3515 328 3563 se
343 3496 461 3562 merito
476 3496 645 3564 incurisse.
661 3498 700 3567 In
710 3494 802 3562 cuius
819 3497 866 3566 rei
878 3501 1067 3567 memoriam
1077 3501 1273 3572 firmitatem-

148 3622 212 3687 que
238 3611 451 3688 perpetuam‚
476 3603 598 3670 eisdem
622 3603 780 3672 fratribus
816 3603 1079 3674 Predicatoribns
1104 3620 1272 3694 presentes

148 3711 369 3780 concessimus
383 3710 511 3779 litteras
528 3711 669 3796 duplicis
684 3711 785 3796 sigilli
810 3713 909 3780 nostri
941 3715 1118 3785 munimine
1143 3721 1271 3787 robora·

146 3823 210 3885 tas.
228 3818 351 3886 Datum
367 3818 401 3884 in
416 3817 500 3885 villa
515 3817 642 3886 Oronas
657 3838 717 3902 per
742 3837 859 3888 manns
883 3817 1014 3889 disereti
1039 3821 1101 3889 viri
1126 3826 1273 3911 Magistri

143 3923 319 3992 Laurenoii
334 3924 495 4008 Prepositi
512 3925 658 3992 Ecclesie
674 3925 785 3993 Sancti
800 3926 889 3992 Petri
904 3927 946 3992 de
961 3929 1090 4013 Posoga
1115 3931 1192 3998 aule
1206 3954 1271 4023 ⁴no-

144 4037 211 4096 stre
227 4030 422 4096 Cancellarii
446 4030 553 4098 fidelis
569 4031 669 4099 nostri
686 4031 720 4098 in
736 4033 818 4098 festo
834 4035 1041 4101 Inueneionis
1060 4035 1180 4104 Sancte
1196 4039 1272 4105 Gru·

141 4136 201 4222 cis,
218 4155 304 4203 anno
320 4137 452 4204 Domini
466 4135 586 4203 ΜῠΟΟο
601 4141 822 4222 nonagesimo.

143 4330 283 4400 (Ersdetie
296 4327 480 4403 bdrhrlrtysln‚
503 4335 616 4404 melyrdl
629 4337 731 4404 egylror
743 4331 790 4389 ket
808 4337 902 4406 pecudi
915 4337 1027 4406 suggest
1040 4357 1057 4393 a
1070 4337 1142 4394 bessi
1153 4338 1269 4396 cslszlri

532 4427 619 4478 titirus
638 4423 829 4496 levdltdrban.)
1188 4457 1190 4459 ·

606 4632 694 4646 ...μὰ-ι·-
712 4633 809 4646 mun-au
