3138 5164
600 293 760 410 ..El-

106 505 224 594 prefati
256 505 409 591 Episcopi
440 505 561 570 obitum
592 510 722 590 pastore
752 506 853 572 multe
885 511 1026 590 tempore
1044 509 1253 597 vacavisset,¹

107 611 243 698 prelatis
260 610 410 696 Capitale
426 611 487 697 ipsi
498 611 644 679 Ecclesia
654 611 900 698 providerenon
913 611 1100 680 curantibus
1111 612 1152 680 de
1162 615 1237 682 Pre-

107 719 185 802 lato,
201 715 312 782 clerici
327 715 454 803 prefate
467 717 547 784 ville
562 719 788 802 Traguriensis
812 716 1040 803 pretendentes
1055 720 1107 785 ius
1131 719 1175 786 ad
1199 741 1235 788 se

109 823 253 908 eligendi
261 843 480 890 successorem
490 823 568 890 dicti
577 823 731 910 Episcopi
740 825 910 908 pertinere,
920 843 960 890 ac
969 824 997 892 si
1007 826 1253 918 Tragurieusis·

114 931 264 998 Ecclesia
279 931 432 998 existeret
447 929 668 1016 Oatbedralis,
679 931 842 1014 quendam
866 932 900 996 in
916 931 1177 1017 Traguriensem,
1202 929 1240 1002 ut'

109 1038 272 1126 dicebant,
288 1037 486 1124 Episcopum
502 1037 678 1122 elegerunt.
704 1039 841 1104 Demum
865 1044 972 1104 autern
996 1038 1132 1104 diversis
1158 1045 1255 1104 tem--

109 1145 240 1232 poribus
255 1145 421 1212 suceesive
436 1143 555 1211 diversi
567 1145 782 1211 amemoratis
792 1145 965 1212 Morinensi
977 1145 1126 1232 capitulo
1142 1145 1238 1212 electi

110 1253 249 1336 luerunt,
267 1258 299 1317 et
314 1271 411 1337 super
427 1249 722 1319 confirmationibus
739 1252 929 1318 electionum
947 1251 1131 1318 huiusmodi
1147 1253 1237 1317 varie

110 1378 133 1424 a
147 1357 234 1424 Sede
248 1355 434 1442 Apostolica
447 1357 555 1424 littere
570 1355 751 1443 impetrate,
781 1357 816 1422 in
831 1357 947 1442 quibus
962 1359 1027 1444 ipsi
1042 1379 1077 1426 se
1101 1359 1239 1444 Capitu-

111 1466 179 1532 lum
195 1463 319 1552 prefate
335 1463 549 1532 Sibinicensis
564 1465 708 1532 Ecclesia
724 1463 955 1552 nominabant;
971 1465 1127 1551 dicentes,
1153 1465 1238 1548 quod
1329 1519 1336 1538 ,

111 1574 147 1639 iu
163 1571 276 1638 eadem
293 1571 486 1639 Sibiuicensi
502 1572 657 1656 Ecclesia,
674 1576 805 1658 pastore
820 1579 968 1657 vacante,
994 1571 1081 1638 dicte
1105 1571 1236 1638 electio·

111 1696 172 1744 nes
187 1679 230 1743 ab
245 1677 293 1744 eis
308 1676 436 1744 inerant
451 1677 620 1761 celebrate,
646 1676 723 1744 lieet
747 1679 838 1744 nulla
864 1678 1054 1746 electionum
1079 1679 1237 1766 ipsarum,

111 1783 212 1851 variis
220 1783 507 1850 intervenientibus
517 1783 657 1871 casibus,
668 1785 809 1850 extiterit
819 1785 1015 1850 confirmata.
1028 1784 1087 1850 ille
1097 1785 1237 1872 quidem,

113 1889 168 1973 qui
183 1889 360 1973 penultimo
374 1889 434 1955 init
448 1911 470 1956 a
486 1889 635 1975 capitulo
644 1891 798 1977 predictis
808 1892 938 1978 electus,
948 1890 1135 1957 electionem
1145 1911 1238 1958 suam

113 2015 174 2082 per
188 1995 471 2081 Metropolitanum
497 1997 559 2064 loci
585 1997 723 2076 obtinuit
754 1995 954 2084 confirmari,
986 2003 1018 2062 et
1033 2016 1091 2082 per
1108 1997 1239 2082 aliquod

112 2101 267 2187 temporis
282 2102 428 2188 spatium
437 2103 569 2187 pacifice
579 2103 896 2172 administracionem
905 2105 1097 2171 Morinensis
1106 2105 1238 2190 Episco-

113 2215 211 2294 patus
226 2210 344 2294 gessit,
361 2211 498 2294 prelatis
516 2210 641 2279 clericis
657 2211 744 2278 dicte
759 2209 836 2278 ville
852 2210 1079 2296 Traguricnsis
1096 2229 1154 2295 per
1170 2231 1239 2296 pre

113 2317 237 2400 scripta
252 2320 398 2401 tempora
413 2315 572 2398 quosdam
587 2317 671 2383 alios
687 2319 810 2400 eligere
834 2317 1101 2404 presumentibus,
1127 2318 1182 2401 qui
1197 2317 1241 2382 ab

115 2423 164 2488 eis
178 2421 379 2488 vocabantur
394 2423 630 2504 Tragurienses
646 2424 760 2510 Electi,
777 2443 910 2506 quorum
936 2423 1109 2490 electiones
1135 2422 1241 2491 dictus

115 2527 385 2612 Metropolitanus
402 2529 443 2594 de
459 2528 545 2596 lacto
561 2529 678 2596 dicitur
694 2531 910 2617 confirmasse,
936 2537 969 2596 et
993 2531 1242 2598 consecrationis

115 2654 232 2702 manus
247 2654 357 2702 corum
372 2635 534 2719 aliquibus
552 2635 760 2722 impendisse.
775 2639 913 2716 Demum
929 2644 1037 2703 autem
1059 2638 1136 2704 dicti
1147 2637 1241 2723 Oapi·

116 2741 219 2810 tulum
236 2742 418 2809 Morincnse
434 2761 469 2808 se
483 2749 658 2808 memorate
675 2743 887 2810 Sibinicensis
905 2745 1051 2812 Ecclesia
1074 2746 1260 2811 neminen·-

117 2855 178 2938 tes,
195 2848 349 2914 dilectum
372 2848 474 2916 lilium
501 2849 706 2916 Leonardum
729 2851 870 2939 Ealetro,
895 2851 1074 2918 Plebanum
1097 2851 1243 2918 Ecclesie

43 3019 47 3024 .
113 2953 225 3023 Sancti
240 2954 358 3038 Angeli
373 2953 414 3020 de
429 2953 585 3042 Venetiis,
599 2955 703 3020 virum
719 2957 887 3041 providum
903 2965 937 3022 ct
952 2956 1131 3044 honestum,
1148 2976 1188 3024 ac
1203 2957 1237 3022 in

118 3059 342 3147 spiritualibus
357 3065 390 3124 et
414 3061 646 3145 temporalibus
671 3061 945 3149 circumspectum,
964 3061 1242 3128 inSibinicensem

117 3165 314 3250 Episcopum
325 3163 527 3232 concorditer
536 3165 788 3256 elegercnqsed
799 3168 982 3254 Gregorius,
992 3166 1047 3249 qui
1057 3166 1168 3232 ultimo
1183 3166 1244 3233 fuit

119 3293 141 3338 a
153 3271 282 3338 clericis
298 3257 483 3338 memoratis
499 3272 632 3360 electus,
650 3280 681 3339 et
707 3293 764 3358 per
778 3276 937 3360 prelatum
963 3273 1243 3358 Metropolitanum

118 3378 326 3448 confirmatus
340 3385 374 3443 ct
388 3387 603 3467 consecratus,
620 3381 889 3448 administrationi
921 3380 1000 3448 dicti
1023 3380 1257 3466 Episcopatus-

119 3493 240 3554 temere
270 3505 307 3552 sa
322 3485 471 3574 ingessit,
488 3493 521 3553 et
535 3487 685 3570 ingerere
700 3507 765 3554 non
780 3494 918 3554 veretur.
944 3485 1141 3554 Occassiouc
1166 3507 1243 3554 vero

119 3589 348 3676 contentionis,
379 3611 441 3674 que
466 3611 563 3677 super
579 3591 762 3660 huiusmodi
786 3593 855 3660 iure
880 3591 1024 3676 eligendi
1048 3593 1245 3678 Episcopum

118 3697 355 3783 interpretatos
370 3697 555 3782 Capitulum
565 3704 597 3765 et
612 3698 747 3766 clericos
761 3705 811 3764 est
826 3699 932 3764 taliter
949 3697 1072 3784 habita,
1089 3699 1174 3764 inter
1191 3698 1263 3764 ba»
1297 3766 1299 3773 ,

119 3803 276 3871 bllatores
291 3801 448 3869 dictorum
464 3804 605 3872 locorum
621 3803 835 3872 Sibiuicensis
851 3809 883 3870 et
908 3803 1135 3887 Traguriensis
1160 3801 1244 3870 adso

119 3909 231 3995 gravis
246 3909 407 3976 discordia
423 3917 473 3978 est
489 3915 609 3997 exorta,
635 3911 721 3994 quod
747 3931 788 3978 ex
812 3931 851 3978 ea
881 3918 1006 3994 strages
1031 3909 1185 3976 boninum
1211 3916 1245 3975 et
1353 3894 1356 3904 ’

121 4015 191 4084 alia
206 4017 308 4082 multa
322 4017 469 4100 pericula
484 4019 672 4101 provenisse
687 4019 845 4086 dicuntur.
863 4016 971 4094 Quare
995 4016 1162 4081 memorati
1188 4015 1263 4082 (la--

121 4120 261 4207 pitulcm
291 4123 385 4189 nobis
415 4123 579 4190 humiliter
604 4124 847 4211 supplicarunt,
885 4132 920 4191 ut
943 4124 1040 4190 finem
1066 4121 1249 4188 huiusmodi

123 4227 346 4311 questionibus
371 4229 582 4318 imponentes,
606 4231 785 4316 predictum
799 4233 850 4300 ius
869 4231 1011 4316 eligendi
1035 4228 1249 4304 Mutinensem

122 4335 322 4421 Episcopum
338 4333 499 4402 declarari
515 4337 558 4403 ad
583 4337 673 4422 ipsos
689 4337 874 4421 Capitulum
890 4337 1062 4425 pertinere,
1092 4335 1266 4418 dictisque·

123 4440 250 4509 clericis
264 4440 386 4524 imponi
401 4449 591 4528 perpetuum
607 4444 775 4512 silencium
815 4463 913 4530 super
941 4443 1009 4532 illo,
1040 4449 1072 4510 ct
1102 4441 1184 4508 alias
1214 4441 1251 4506 in

123 4544 309 4614 huiusmodi
325 4547 458 4631 procedi
476 4549 620 4637 negotio,
635 4555 731 4636 prout
755 4551 805 4618 ius
832 4549 944 4637 exigit,
970 4549 1156 4616 laceremus.
1182 4547 1265 4614 Nos--
