3138 5164
836 918 911 988 337.

308 1119 332 1180 1
335 1116 367 1182 V.
384 1116 499 1182 Loco
514 1116 693 1199 kirdlynak
709 1115 840 1182 Barczo
864 1085 944 1179 nord
950 1114 1061 1200 fdddet
1076 1120 1231 1201 tdrypazd
1247 1119 1436 1183 amarante

306 1224 427 1289 Mikros
442 1227 473 1289 do
488 1224 632 1305 Mdrton,
648 1223 744 1288 dsoko
763 1217 843 1306 fiai,
860 1246 875 1286 a
891 1245 912 1286 a
945 1225 1057 1289 aanor·
1071 1224 1231 1310 vendopek
1246 1225 1327 1290 kozt.
1344 1225 1443 1289 1288..

414 1416 482 1484 Nos
498 1413 548 1503 (L.
566 1415 628 1482 Dei
644 1415 758 1500 gracia
768 1417 839 1482 Rex
855 1414 1025 1498 Hungarie
1040 1417 1193 1482 memorie
1209 1416 1435 1483 commendan-

309 1521 374 1608 tes)
390 1522 608 1605 significamus
624 1521 741 1604 quibus
758 1518 890 1604 expedit
915 1519 1076 1586 vninersis
1095 1557 1432 1570 ——————

308 1662 710 1680 ———————
720 1626 829 1694 mike
854 1647 935 1711 p·-
951 1663 996 1676 -
1021 1665 1060 1676 -
1092 1625 1219 1698 Barcha
1241 1634 1389 1694 uocatam
1405 1636 1437 1693 et
1506 1637 1508 1642 ’

307 1735 452 1821 hospites
467 1735 509 1802 de
525 1735 633 1800 Kassa
659 1767 938 1781 -----
958 1731 1104 1798 eiusdem
1137 1733 1274 1800 Hannas
1290 1741 1324 1799 ei
1339 1732 1433 1800 ecor-

306 1843 382 1926 gins
412 1841 543 1907 nomine
569 1879 607 1890 -
627 1873 671 1884 -
689 1875 726 1886 -
755 1875 780 1885 -
809 1875 848 1888 -
877 1838 949 1906 sine
966 1839 1083 1906 herede
1114 1839 1303 1908 decedentis
1334 1843 1437 1906 tacita

309 1947 447 2014 ueritate
462 1981 506 1993 --
522 1981 566 1990 -
584 1976 623 2034 -f
643 1981 682 1990 —
701 1953 774 2012 sent
789 1945 852 2012 sibi
869 1945 1081 2026 dari3tamen
1097 1976 1430 1992 ——————

308 2061 343 2118 et
357 2052 510 2120 Nicoiars
525 2071 564 2117 ac
579 2051 739 2118 Martinus
755 2051 813 2134 filij
834 2084 1115 2102 —————
1133 2051 1221 2118 Fidus
1238 2053 1362 2137 Comes,
1386 2071 1433 2116 oo·

310 2158 402 2243 gnati
418 2159 562 2242 ipsorum
578 2155 620 2222 de
635 2156 772 2242 Barcha,
790 2157 905 2224 fratres
921 2157 1000 2223 dieti
1015 2157 1115 2241 Myku
1140 2159 1305 2242 patrueles
1322 2158 1366 2224 ad
1382 2179 1434 2224 no·

309 2275 455 2334 nostram
472 2264 665 2332 accedentes
682 2265 883 2348 presenciam
900 2265 1085 2346 retulerunt,
1103 2264 1190 2348 qnod
1206 2273 1294 2332 terra
1311 2265 1435 2331 Barcha

309 2379 396 2440 esset
409 2373 553 2458 ipsorum
569 2369 766 2436 hereditaria
777 2403 817 2416 -
829 2406 873 2420 --
891 2407 930 2418 —
951 2405 994 2418 -·
1011 2379 1043 2436 et
1058 2371 1178 2455 porcio,
1197 2371 1309 2451 quein
1324 2369 1433 2438 eadem

313 2521 352 2530 -
376 2515 423 2542 -.
435 2514 474 2524 -
493 2515 532 2526 -
551 2476 710 2560 contingit
725 2513 769 2524 -
786 2513 825 2524 -
845 2477 976 2542 racione
990 2477 1207 2562 proximitatis
1223 2511 1267 2524 -
1281 2514 1327 2524 -
1345 2513 1384 2524 -
1403 2486 1433 2542 et

311 2587 345 2652 in
363 2603 460 2666 quam
475 2582 533 2666 alij
564 2617 602 2630 -
624 2617 663 2628 --
685 2617 724 2626 -
752 2617 784 2628 -
803 2579 1044 2666 possidendam.
1072 2582 1190 2648 Verum
1216 2581 1295 2663 qnia
1311 2582 1433 2648 cuicun-

311 2711 376 2774 que
392 2689 501 2756 insno
517 2688 586 2754 iore
605 2707 671 2754 non
687 2688 835 2758 nolumus
851 2687 1002 2770 derogari
1020 2723 1059 2734 -·
1080 2721 1119 2734 -·
1140 2721 1178 2734 -—
1196 2694 1318 2754 terram
1333 2723 1377 2734 -
1394 2723 1429 2732 -

310 2829 589 2846 -----
608 2793 793 2860 testimonio
819 2793 943 2860 eisdem
973 2791 1223 2879 possidendam,
1240 2800 1337 2878 prout
1351 2794 1431 2860 idem

311 2902 414 2988 Myku
429 2899 538 2986 (pater
553 2898 677 2986 eornm)
695 2900 876 2966 dinoscitur
885 2901 926 2966 ab
943 2901 1078 2984 antiqno
1103 2899 1297 2985 possedisse.
1314 2902 1433 2968 Datum

310 3009 347 3074 in
361 3009 462 3092 Sceps
494 3008 548 3074 die
563 3007 699 3074 Sabbati
730 3011 808 3074 ante
823 3007 1027 3092 Dominioam
1051 3007 1169 3075 Letare
1199 3025 1285 3073 anno
1305 3003 1430 3072 Domini

312 3113 432 3180 ΜὈΟο
448 3114 644 3197 octagesimo
661 3120 786 3178 octono.

314 3327 452 3390 (Eredsrie
467 3323 640 3392 bo'rhdrtyr'rn,
662 3329 727 3391 igen
737 3323 912 3392 megrongdit
923 3324 1082 3394 dilapoiban
1095 3325 1124 3378 es
1137 3325 1194 3380 mdr
1207 3327 1264 3393 alig
1276 3323 1431 3386 olmhatd;

630 3432 646 3465 a
660 3407 781 3478 iidrcaay
795 3411 889 3466 osaidd
908 3413 1116 3482 leveltirsbsn.)
