3118 5158
104 1101 342 1190 ripaeorum
366 1101 557 1167 kmvectnek
581 1100 845 1186 bieonyedplcoelc
864 1100 965 1186 ibae,
990 1101 1135 1184 Baqutci
1160 1097 1234 1165 Obe-

99 1233 166 1297 pcn
180 1210 313 1296 nejmwk
340 1210 401 1275 etro
426 1209 606 1292 bdcceedpa
630 1212 710 1270 utria
726 1211 811 1292 jotro
836 1207 1002 1273 licuerant
1023 1209 1233 1292 e'ejeqycjcic-

537 1315 691 1382 demiror.
718 1319 813 1382 1274.
1235 1349 1241 1354 ·

209 1512 400 1580 Conuentus
435 1509 626 1595 Monasterij
658 1509 885 1578 waradiensis
918 1509 1081 1578 uniuersis
1113 1508 1233 1576 Christi

104 1619 253 1688 fidelibus
284 1623 453 1705 presentes
485 1618 612 1684 litteras
644 1615 837 1704 inspecturis
870 1619 1007 1685 salutem
1035 1617 1068 1682 in
1095 1615 1234 1684 Domino

105 1728 343 1813 sempiternam.
382 1726 434 1792 Ad
461 1726 686 1792 uniuersorum
718 1725 870 1793 noticiam
896 1733 1007 1794 tencre
1032 1724 1232 1813 presencium

105 1837 252 1903 nolumus
269 1834 456 1921 peruenire,
482 1833 568 1916 quod
593 1833 711 1903 nobilis
728 1833 860 1900 domina
875 1833 945 1900 filia
960 1835 1039 1901 Jous
1056 1833 1097 1900 de
1114 1853 1233 1919 genere

104 1943 260 2010 nobilium
284 1939 374 2027 apud
398 1940 580 2008 Ecclesiam
606 1941 718 2008 Sancti
744 1940 902 2009 Johannis
929 1960 1032 2027 prope
1058 1939 1149 2007 Okur
1167 1940 1232 2007 exi·

105 2047 263 2116 stencium
287 2046 383 2134 Tyna
408 2055 542 2132 vocata,
578 2049 696 2115 relicta
726 2047 909 2116 Salomonis
934 2048 976 2114 de
1005 2067 1125 2130 genere
1149 2049 1232 2134 (leg,

106 2175 187 2221 nnnc
212 2177 294 2225 vxor
315 2155 462 2240 Ghepani
488 2155 529 2224 de
554 2157 636 2224 uilla
660 2158 788 2242 Bageia
814 2159 857 2224 ab
883 2177 948 2224 nna
971 2163 1085 2242 parte;
1111 2146 1233 2224 Penius

107 2264 188 2330 tilius
215 2262 305 2330 Galli
330 2283 390 2347 pro
416 2284 451 2330 se
476 2271 508 2330 et
533 2284 592 2350 pro
618 2262 763 2332 Olineric
787 2265 853 2332 filio
879 2284 950 2349 suo,
974 2264 1123 2352 Mycbael
1144 2255 1266 2330 filius'·

107 2373 175 2456 Geg
191 2391 250 2456 pro
277 2391 313 2437 se
339 2377 371 2438 et
395 2391 454 2456 pro
470 2371 643 2438 Salomone
670 2378 701 2438 et
717 2372 788 2456 (leg
814 2370 970 2438 fratribus
995 2371 1062 2440 suis
1087 2374 1233 2458 uterinis,
1365 2379 1370 2392 '

105 2478 303 2564 Pangracius
329 2477 414 2544 filius
440 2478 582 2545 Emerici
606 2498 665 2564 pro
690 2496 727 2544 ee
752 2484 785 2544 et
809 2499 867 2564 pro
894 2477 1024 2546 Andrea
1050 2478 1150 2546 fratre
1172 2501 1233 2546 suo

106 2585 228 2652 carnali
243 2585 286 2652 ab
299 2586 412 2668 altera,
437 2604 548 2652 curam
563 2584 658 2653 nobis
673 2585 889 2672 personaliter
905 2588 1091 2672 constituti,
1117 2587 1232 2654 eadem

105 2693 235 2758 domina
258 2713 442 2779 proponens
476 2693 628 2762 confessa
660 2701 711 2760 est
736 2694 814 2761 uiua
838 2715 942 2762 uoce:
975 2695 1061 2780 quod
1086 2693 1233 2780 predicto

105 2801 276 2868 Salomone
291 2803 412 2870 marito
429 2821 498 2886 suo,
521 2800 623 2868 fratre
639 2801 784 2890 ipsorum
800 2801 891 2872 Galli
907 2809 941 2870 et
955 2803 1095 2870 Emerici
1112 2801 1152 2869 de
1168 2824 1233 2868 me-

104 2908 159 2974 dio
174 2906 325 2994 sublato,
348 2915 524 2992 antequam
550 2909 655 2976 eidem
681 2909 836 2995 Chepano
862 2910 1005 2976 secundo
1030 2910 1145 2976 marito
1172 2929 1231 2977 suc

105 3021 209 3102 nupta
223 3014 357 3101 inisset,
382 3018 424 3084 ob
448 3037 591 3083 amorem
618 3024 650 3085 et
665 3017 877 3084 dileccionem
902 3017 1121 3104 predictorum
1141 3017 1230 3085 nobi·

103 3123 181 3190 lium
208 3121 248 3189 de
273 3124 367 3190 iuxta
392 3123 492 3210 Okur,
518 3145 590 3192 cum
616 3125 739 3193 eisdem
768 3125 823 3209 pio
849 3125 968 3207 affectu
992 3131 1233 3209 compateretur

104 3237 259 3314 tanquam
284 3229 353 3297 suis
380 3232 529 3316 cognatis
554 3231 750 3316 karissimis,
773 3231 854 3318 ipsis
879 3231 1004 3298 scilicet
1025 3232 1140 3318 Paulo,
1167 3230 1232 3299 Oli-

102 3336 192 3404 uerio
207 3336 275 3404 iilic
290 3359 359 3421 suc,
382 3337 557 3424 Mycbaeli,
577 3339 757 3425 Salomoni,
783 3346 815 3407 et
831 3337 903 3422 (leg
918 3339 1070 3406 fratribus
1086 3337 1232 3406 eiusdem

101 3443 301 3530 Mycbaelis‚
324 3446 526 3532 Pangracio,
558 3451 591 3513 et
614 3445 744 3514 Andree
769 3445 865 3513 fratri
890 3444 1036 3512 ciusdem
1045 3495 1057 3528 ,
1085 3446 1233 3531 superius

101 3551 277 3620 nominatis
294 3553 471 3641 nobilibus,
496 3561 529 3620 et
547 3553 626 3639 alijs
643 3553 790 3638 cognatis
809 3553 992 3638 eorundem,
1016 3553 1122 3621 doteni
1138 3575 1232 3622 suam

99 3678 185 3742 pure
208 3667 240 3726 et
265 3659 458 3745 simpliciter
491 3661 693 3745 relaxasset3
727 3679 780 3728 res
806 3680 883 3727 uero
909 3660 1131 3746 parafemales
1155 3682 1231 3730 suas

100 3765 225 3832 eisdem
243 3767 410 3836 nobilibus
426 3769 490 3836 sibi
507 3769 752 3836 restituentibus
772 3769 919 3855 plenarie
940 3769 1123 3856 recepisset,
1142 3779 1175 3837 et
1190 3772 1233 3837 ad

97 3873 297 3940 desiderium
324 3895 383 3942 sne
399 3876 516 3944 salutis
541 3875 761 3943 distribuisset
780 3877 888 3943 anime
908 3895 969 3943 sue
985 3879 1026 3943 ob
1042 3883 1231 3962 perpetuam
1360 3885 1365 3890 “

96 4002 195 4047 snam
210 3981 423 4048 elemosinam
448 3982 672 4068 condonando,
696 3991 791 4068 prout
806 4003 864 4050 sue
881 3983 1042 4049 uoluntati
1067 3981 1233 4050 uidebitur

95 4089 266 4173 expedire.
297 4089 551 4177 Assumpmente
577 4075 651 4176 ipsa
675 4091 827 4178 domina,
861 4091 947 4174 qnod
976 4091 1016 4158 de
1042 4097 1148 4158 cetero
1173 4111 1233 4158 nec

96 4196 198 4280 ipsa,
221 4217 279 4264 nec
303 4197 469 4283 predictus
496 4197 672 4285 Ohepanus
698 4199 834 4266 maritus
860 4219 956 4282 suns,
981 4217 1043 4266 nec
1069 4198 1232 4285 quispiam

95 4306 248 4388 fratrum,
264 4313 474 4391 cognatorum
499 4327 557 4375 seu
577 4310 888 4392 consanguineorum
905 4325 1036 4374 suorum
1056 4305 1231 4394 ipsamffdo-

95 4419 171 4479 tem
193 4412 318 4496 possint
344 4414 479 4481 ulterius
502 4421 654 4502 repetere,
670 4435 729 4482 seu
754 4417 968 4503 imposterum
992 4413 1167 4481 nendicare
1192 4414 1234 4481 de

94 4515 260 4604 predictis
293 4520 460 4590 nobilibus
493 4529 526 4590 et
552 4522 594 4590 de
621 4523 782 4591 uniuersis
807 4524 956 4608 cognatis
981 4521 1176 4608 eorundem,
1202 4527 1234 4588 et

93 4626 236 4696 eosdem
274 4650 315 4698 ac
346 4637 502 4716 cognatos
542 4633 687 4720 ipsorum
717 4632 904 4700 nullatcnus
939 4631 1072 4698 ualeant
1101 4630 1233 4698 racione
