3140 5150
747 220 908 320 gae—

263 411 407 498 eerdote‚
435 412 597 482 Damiano
607 466 618 500 ‚
651 414 737 502 Elya
761 423 794 482 et
818 417 983 505 Stephano
999 419 1176 509 Magistris,
1208 423 1409 509 ceterisque

263 518 436 589 canonisis
452 521 674 598 existentibus,

370 632 500 697 Ktvttt:
523 631 645 699 Littera
669 653 813 700 sororum
840 634 881 704 de
897 633 1011 703 Insula
1029 636 1148 705 Sanete
1164 639 1268 706 Maris
1292 659 1405 726 super

264 736 391 804 duabus
405 737 496 805 villis
511 737 634 825 Symog
651 746 683 808 et
699 739 859 826 Symodnr
874 742 1007 810 voeatis.

264 914 401 980 (Ersdatie
419 915 595 986 bdrhtrtydm
614 919 721 974 ahitul
740 922 792 974 oda
805 927 928 988 nyomott
944 924 1037 992 pessit
1049 927 1189 993 elvsszstt,
1207 943 1224 978 a
1238 927 1325 979 budai
1339 926 1406 980 kir.

668 1013 790 1064 kamsrsi
803 1011 993 1081 lerdltdrban.)

720 1263 935 1275 -—-

800 1603 854 1669 90.

265 1797 296 1864 A
321 1801 587 1888 ratkenfehdrvdri
611 1803 833 1890 kdptalmmak
852 1803 935 1870 Oatt
953 1805 1073 1890 helyseq
1087 1805 1312 1890 hatdrjdrdacit
1327 1810 1398 1869 ta'r·

570 1913 674 1996 qyaao'
689 1911 961 1998 biznaysdqleveta
995 1915 1093 1978 1274.

373 2122 559 2211 Capitulum
574 2123 722 2191 Eeelesie
746 2124 900 2193 Albensis
925 2125 1074 2194 omnibus
1094 2123 1216 2192 Christi
1241 2123 1397 2192 fidelibus

265 2239 433 2320 presentes
457 2231 584 2299 litteras
613 2231 810 2317 inspeetnris
835 2232 977 2300 salutem
1001 2233 1035 2300 in
1059 2233 1199 2301 Domino
1224 2233 1397 2318 sempiter-

265 2363 353 2409 nam.
378 2341 432 2409 Ad
449 2341 673 2410 vniuersnrnm
697 2342 852 2408 nntieiam
876 2348 988 2411 tenore
1012 2343 1214 2430 presencium
1242 2341 1396 2410 volumus

265 2451 455 2536 peruenire;
480 2447 567 2534 qnod
592 2447 677 2514 Onth
702 2447 788 2515 tilius
804 2447 938 2517 Comitis
963 2449 1050 2518 Onth
1074 2449 1116 2519 de
1134 2469 1251 2534 genere
1265 2448 1395 2516 Zelouk

266 2561 309 2625 ab
324 2579 391 2624 una
405 2563 521 2642 parte,
544 2556 746 2623 Laureneius
770 2564 802 2624 et
827 2558 982 2642 Magister
996 2558 1162 2628 Johannes
1177 2557 1235 2643 filij
1255 2557 1395 2626 (inmitis

266 2664 412 2750 Ohepani
438 2662 478 2730 de
494 2665 661 2753 Kunmaty
676 2685 716 2732 ex
733 2664 838 2732 altera
854 2685 964 2733 eoram
980 2665 1073 2734 nobis
1090 2667 1260 2734 constituti
1274 2665 1394 2732 retule-

267 2778 342 2840 runt
358 2795 366 2837 :
391 2771 478 2856 quod
494 2771 534 2839 de
550 2779 635 2840 terra
660 2771 970 2842 eondieionarinrum
995 2775 1118 2842 domini
1133 2775 1231 2859 Regis
1246 2774 1288 2842 de
1303 2775 1393 2842 Ezen

265 2879 418 2968 predietis
443 2881 627 2949 Laurentio
652 2887 685 2949 et
700 2882 857 2966 Magistro
874 2882 1015 2950 Johanni
1042 2881 1211 2951 adomino
1225 2885 1333 2968 Rege,
1356 2890 1396 2950 nt

266 2987 429 3076 dixerunt,
452 2989 582 3076 collata,
607 2995 727 3056 terram
752 2988 829 3058 dieti
845 2990 932 3058 Onth
956 2992 1189 3060 hereditariam
1214 2998 1247 3059 et
1270 3011 1311 3059 ex
1326 2993 1393 3060 eol-

264 3099 391 3166 laeione
406 3097 508 3181 Regia
522 3115 728 3184 possessam,
754 3119 817 3182 que
832 3099 961 3167 mixtim
986 3101 1078 3185 prius
1100 3121 1173 3168 aum
1191 3107 1277 3168 terra
1292 3098 1393 3168 dieto-

265 3227 336 3272 rum
352 3205 666 3274 mndieionariorum
678 3206 802 3273 domini
815 3209 915 3291 Regis
930 3209 965 3275 in
980 3209 1067 3276 Ezen
1083 3207 1280 3277 adimebant
1295 3206 1393 3295 (igy)‚

265 3321 477 3404 separassent
501 3322 534 3382 et
560 3315 786 3383 distinxissent
810 3317 845 3382 in
870 3315 932 3402 hys
947 3315 1067 3384 metis:
1091 3314 1187 3393 Quod
1205 3316 1310 3400 prime
1330 3315 1394 3382 dne

265 3433 351 3492 mete
366 3424 527 3509 incipiunt
550 3425 592 3490 ab
607 3425 733 3492 oriente
757 3444 779 3490 a
794 3423 929 3493 termino
946 3431 1032 3492 terre
1047 3423 1207 3511 Boyonka
1221 3423 1255 3490 in
1271 3443 1394 3508 magna

266 3533 330 3618 via,
355 3550 491 3615 quarum
515 3549 580 3598 nna
605 3531 649 3598 ab
665 3531 818 3618 aquilone
844 3539 894 3599 est
918 3531 997 3599 dieti
1012 3531 1108 3616 Onth,
1132 3532 1202 3598 alia
1220 3553 1242 3599 a
1257 3532 1396 3600 meridie

265 3640 440 3724 Laureneij
467 3645 499 3706 et
515 3640 665 3726 Magistri
681 3640 839 3709 Johannis
864 3640 1101 3728 predictorum
1126 3639 1167 3706 de
1186 3639 1305 3723 quibus
1322 3661 1395 3726 pro-

265 3747 406 3815 tenditur
421 3747 456 3814 in
472 3747 586 3815 eadem
602 3749 780 3818 rianersus
796 3749 1008 3836 assidentem,
1025 3753 1058 3815 et
1074 3747 1204 3814 uenitnr
1215 3767 1275 3832 per
1287 3749 1396 3834 ipsam

222 3923 230 3930 ,
266 3876 419 3941 magnam
435 3855 523 3923 viam
547 3876 651 3940 usque
675 3853 719 3921 ad
734 3855 869 3934 fundum
894 3855 983 3923 euris
1008 3853 1233 3922 dominiOnth
1250 3855 1395 3923 adduas

266 3974 368 4034 metas
393 3966 516 4051 positas
542 3965 576 4030 in
593 3968 687 4050 prato
712 3965 754 4033 ab
778 3966 931 4048 aquilone
956 3971 1032 4031 ante
1058 3965 1179 4030 suriam
1204 3960 1283 4029 dieti
1299 3961 1399 4032 Orth,

266 4095 401 4158 quarum
412 4093 478 4141 nna
487 4075 529 4140 ab
540 4073 693 4158 aquilone
704 4081 752 4141 est
762 4071 841 4140 dieti
851 4073 947 4160 Onth,
965 4070 1395 4155 aliaameridieLaureneij

266 4189 298 4249 et
313 4181 463 4266 Magistri
488 4181 665 4266 Johannis;
692 4187 724 4248 et
749 4181 789 4248 de
814 4181 940 4249 eisdem
964 4181 1140 4249 reflectitur
1165 4175 1209 4246 ad
1227 4179 1397 4246 meridiem
1532 4229 1534 4233 -

266 4287 371 4355 eundo
396 4288 430 4354 in
454 4289 545 4355 breui
571 4289 698 4375 spatio,
726 4289 816 4357 uenit
841 4289 885 4356 ad
910 4290 992 4356 dnas
1017 4293 1121 4356 metas
1146 4293 1273 4355 erentes
1299 4308 1398 4373 super

266 4397 396 4462 dnmum
413 4395 577 4474 sambuei,
602 4417 738 4480 quarum
755 4418 821 4464 una
846 4417 867 4463 a
882 4395 1114 4482 septemtrione
1137 4400 1186 4462 est
1201 4393 1281 4460 dieti
1297 4393 1397 4479 Onth,

266 4503 336 4570 alia
358 4524 380 4569 a
405 4503 540 4571 meridie
565 4503 802 4590 predietornm;
834 4504 876 4572 de
901 4503 1017 4588 quibus
1044 4502 1167 4572 direete
1191 4501 1328 4569 inelinat
1352 4502 1398 4569 ad
