3140 5150
483 995 492 1018 .
626 892 702 961 121.

91 1091 241 1160 Erzaddet
256 1092 470 1179 leirdlyrrdoalr
485 1091 602 1160 Dubzo
628 1093 777 1180 belyrdpet
801 1098 957 1180 tdrpyord
972 1097 1153 1185 odomdoyu
1169 1097 1226 1164 Ja-

411 1199 473 1266 leat
497 1209 608 1266 mester
627 1204 786 1266 ardentina.
813 1205 910 1269 1277.

202 1396 383 1484 Elysabeth
400 1397 463 1462 Dei
479 1397 592 1480 grania
607 1397 736 1482 Regina
751 1397 919 1482 Hungarie
940 1399 1090 1467 omnibus
1107 1399 1226 1471 Christi
1335 1425 1337 1430 ’

92 1506 245 1574 fidelibus
272 1505 482 1591 presentibus
508 1504 632 1590 pariter
658 1512 690 1572 et
713 1505 833 1573 futuris
857 1513 1043 1592 presentem
1069 1509 1224 1595 paginam

91 1614 289 1700 inspecturis
306 1613 443 1680 salutem
460 1611 494 1680 in
510 1613 661 1680 Domino.
684 1613 722 1680 In
738 1617 865 1700 partem
883 1613 1056 1698 Reginalis
1072 1616 1224 1688 sollieitu-

92 1723 180 1789 dinis
196 1720 324 1788 aceedit
351 1720 457 1788 metiri
483 1720 600 1788 merita
624 1719 825 1805 singulorum
836 1773 845 1806 ,
870 1729 902 1789 et
918 1722 1091 1808 vnieuique
1112 1745 1225 1793 seeun-

91 1831 169 1898 dum
186 1831 390 1915 exigenoiam
407 1831 591 1898 moritorum
607 1830 804 1918 respondere
814 1883 824 1918 ,
848 1838 883 1898 vt
907 1831 952 1916 hij
970 1851 1107 1915 quorum
1124 1853 1225 1920 opera

90 1939 256 2024 singulari
292 1939 432 2022 quodam
464 1938 636 2024 probitatis
667 1941 765 2006 titulo
797 1937 1018 2008 commendari
1049 1948 1222 2030 merentur,

89 2050 169 2115 dum
186 2048 463 2115 remunerationis
478 2049 639 2115 benefioio
657 2047 858 2134 prospiciunt
874 2049 1086 2136 resecandos,
1102 2050 1144 2118 de
1158 2053 1223 2120 uir·

88 2164 159 2224 tute
175 2173 324 2224 creseere
340 2155 494 2223 studeant
518 2156 552 2221 in
577 2155 732 2242 uirtutes5
758 2157 815 2243 alij
834 2175 962 2241 quoque
988 2176 1098 2226 eorum
1116 2179 1222 2227 exem·

88 2267 147 2350 plo
163 2264 209 2330 ad
218 2285 321 2351 operu
331 2263 498 2333 fidelitatis
509 2262 692 2332 exercenda
701 2270 851 2350 prompta
861 2283 989 2351 semper
998 2272 1030 2332 et
1039 2275 1157 2350 parata
1169 2269 1223 2335 be·

88 2373 289 2442 niuoleneia
298 2372 486 2440 inuitentur.
502 2372 641 2440 Proinde
656 2371 700 2440 ad
711 2372 935 2441 rninersitatis
952 2380 1058 2442 vestre
1068 2375 1223 2441 notitiam

87 2481 208 2550 harum
226 2484 313 2550 serie
328 2482 478 2549 volumus
495 2481 684 2569 peruenire3
710 2480 797 2565 quod
822 2501 894 2548 oum
910 2482 1069 2568 Magister
1083 2483 1224 2550 Jaoobus

85 2589 201 2656 fidelis
216 2597 339 2676 noster,
363 2590 415 2658 vir
439 2590 551 2673 utique
576 2587 695 2666 nobilis
724 2595 756 2655 et
772 2588 939 2675 honestus,
963 2588 1095 2658 domino
1110 2588 1224 2656 Ludiu-

83 2699 144 2766 lao
159 2698 288 2767 Illustri
303 2699 387 2782 Regi
403 2698 569 2783 Hungarie
593 2696 768 2765 karissimo
792 2695 859 2764 filio
885 2703 994 2766 nostro
1010 2699 1043 2765 in
1060 2699 1224 2785 prosperis

84 2808 217 2892 pariter
232 2812 265 2875 et
280 2805 438 2892 aduersis,
462 2825 636 2891 personam
652 2825 745 2874 suam
770 2805 900 2874 casibus
926 2805 1052 2874 fortune
1079 2807 1222 2874 eommit·

83 2924 159 2983 tere
176 2935 247 2981 non
263 2911 455 2999 formidans,
477 2921 606 2998 gratum
623 2915 801 2982 inseruere
820 2933 909 2980 mere
925 2913 1095 2983 fidelitatis
1110 2915 1224 3000 inpen-

81 3025 173 3091 derit
188 3022 406 3090 famulatum:
430 3023 577 3090 volentes
594 3022 700 3090 eidem
725 3022 760 3087 in
784 3022 1109 3110 reconpensationem
1123 3023 1224 3090 serui·
1289 3043 1297 3061 ·

80 3133 215 3200 eiorum
231 3151 372 3216 suornm,
389 3130 467 3197 lieet
482 3129 634 3217 ampliori
645 3130 832 3214 promisione
842 3130 962 3214 dignus
974 3135 1068 3217 esset,
1085 3129 1224 3212 aliquali

80 3238 369 3307 remuneracionis
385 3235 551 3322 stipendio
561 3237 777 3323 respondere3
802 3237 962 3322 quasdam
977 3237 1080 3314 villas,
1093 3244 1223 3306 nonnas

77 3347 172 3415 duas
190 3347 310 3414 Dubza
326 3352 527 3433 nonoupataa
544 3345 578 3412 in
595 3346 756 3413 comitatu
772 3346 986 3430 Seguadiensi
1002 3345 1065 3414 sibi
1080 3345 1223 3413 inuioem

78 3455 262 3538 contiguas
279 3460 312 3522 et
328 3453 466 3542 rioinas,
490 3452 525 3520 in
542 3474 678 3540 quarum
694 3453 800 3522 altera
815 3453 957 3523 ecelesia
972 3453 1068 3522 Beati
1091 3451 1225 3520 Martini

76 3573 136 3634 est
155 3563 309 3647 lundata,
342 3582 415 3629 eum
442 3563 512 3630 suis
536 3562 732 3631 utilitatibus
758 3569 791 3630 et
815 3562 1026 3648 pertineneijs
1060 3561 1223 3630 vuiuersis

74 3672 154 3759 ipsi
171 3670 330 3756 Magistro
347 3667 472 3739 Jacobo
502 3676 535 3737 et
551 3671 618 3738 suis
635 3671 810 3738 heredibus
840 3671 1060 3755 heredumque
1091 3688 1221 3737 suorum

75 3778 336 3848 suecessoribus
352 3777 513 3865 dedimus,
530 3777 722 3846 donauimus
738 3785 770 3846 et
787 3776 981 3846 contulimus
1008 3783 1164 3863 perpetuo
1189 3782 1221 3841 et

73 3885 227 3974 pacifice
255 3883 481 3972 possidendas.
504 3887 542 3952 In
568 3887 660 3953 ouius
685 3885 733 3954 rei
758 3885 948 3953 memoriam
974 3884 1223 3968 firmitatemque

72 4002 282 4082 perpetuam
296 4005 466 4080 presentes
481 3993 610 4080 prefato
628 3995 784 4078 Magistro
800 3991 924 4062 Jaoobo
941 3989 1158 4060 oonoessimus
1173 3989 1226 4056 lit-

72 4111 180 4174 teras
196 4101 363 4189 duppliois
378 4101 482 4188 sigilli
497 4101 599 4171 nostri
624 4102 803 4170 munimine
819 4103 999 4170 roboratas.
1022 4099 1143 4166 Datum
1165 4119 1225 4186 per

72 4232 210 4281 marrus
234 4209 383 4296 Magistri
400 4211 550 4297 Gregorij
572 4212 649 4278 aule
665 4217 774 4279 nostre
790 4209 983 4294 Oanoellarij
1001 4206 1107 4276 fidelis
1122 4205 1227 4274 nostri

69 4339 178 4390 anno
194 4315 329 4387 Domini
352 4315 464 4385 M⁰oo⁰
480 4319 725 4406 septuagesimo
742 4319 891 4406 septimo.

66 4466 144 4538 (ΠΙ.
169 4465 265 4520 Endre
287 4460 437 4532 kirtlyaak
461 4465 573 4517 rats-ki
590 4461 751 4534 mogerbsitb
777 4457 1014 4533 privilegiumdbdl
1038 4475 1055 4514 a
1075 4459 1159 4514 buter
1173 4459 1226 4512 kir.

499 4556 625 4610 hamensi
643 4550 825 4621 levtlttrban)

549 4713 760 4734 Ἤ

999 4751 1066 4818 12*
