3140 5150
644 877 717 945 128.

115 1073 147 1141 A
162 1078 348 1144 kerosateaek
364 1079 550 1164 esztespomi
564 1079 787 1166 koooeotjenek
802 1078 1006 1166 bizooysciqo,
1029 1083 1111 1168 hopy
1128 1105 1149 1146 a
1161 1080 1249 1150 Ottol-

116 1187 197 1252 nrtki
212 1187 312 1272 otpolt
326 1185 418 1250 Peter
433 1209 530 1252 eomes
545 1186 720 1274 meqiletese
735 1185 917 1273 trirpyctboo
938 1189 1108 1255 salassos
1124 1188 1250 1276 birosrtq

280 1294 362 1358 attat
377 1296 422 1361 58
436 1294 572 1380 pirdoye‘
587 1293 760 1379 bisseptenas
776 1295 964 1360 attestatos.
992 1299 1088 1363 1277.

225 1491 294 1559 Nos
309 1491 494 1558 Hermanns
509 1491 667 1574 Magister
683 1497 714 1559 et
732 1491 915 1559 Conuentus
936 1493 1059 1560 Domus
1069 1492 1248 1579 Hospitalis

116 1597 230 1666 Sancti
245 1599 405 1686 Stephani
420 1598 521 1684 Regis
537 1599 578 1667 de
595 1599 762 1684 Strigonio
777 1602 894 1668 damus
910 1621 970 1687 pro
980 1602 1146 1688 memoria,
1162 1600 1248 1684 quod

117 1726 189 1772 oum
207 1707 366 1791 Magister
381 1709 503 1776 Paulus
518 1707 594 1774 aule
610 1708 734 1794 Regius
749 1709 905 1777 Notarius
922 1708 963 1776 de
978 1709 1075 1796 Beer,
1092 1710 1249 1776 etOomes

115 1815 279 1882 Martinus
295 1813 454 1883 Offioialis
478 1814 611 1884 Comitis
635 1817 796 1884 Dominiei
823 1818 1002 1884 Castellsni
1028 1820 1068 1884 de
1084 1817 1248 1902 Visagrad

117 1942 176 2008 pro
196 1920 310 1989 eodem
328 1921 458 1990 domino
474 1942 532 1989 suo
548 1942 646 2009 super
669 1922 899 1991 interseeoione
925 1925 1058 1992 Comitis
1078 1927 1167 1992 Petri
1184 1925 1248 1992 ira·

118 2030 176 2098 tris
192 2030 341 2115 Magistri
357 2029 461 2118 Pauli,
483 2037 514 2096 ot
529 2031 659 2116 paruuli
685 2032 817 2116 cognati
843 2030 987 2100 eiusdem
1013 2053 1052 2100 ao
1078 2035 1248 2102 ablatione

118 2159 227 2205 rernm
245 2158 377 2205 suarum
403 2145 518 2206 eontra
543 2139 713 2207 uniuersos
738 2141 876 2226 populos
902 2160 1046 2206 sororum
1072 2141 1113 2208 de
1133 2144 1247 2209 Insula

116 2247 220 2314 Beate
237 2246 383 2332 Virginis
415 2246 456 2312 de
487 2247 571 2314 uilla
599 2247 750 2314 Choluuk
774 2249 954 2316 monissent
977 2251 1187 2334 questionem,
1216 2257 1249 2317 et

117 2355 192 2440 ipsa
209 2375 309 2422 eausa
326 2355 528 2439 aliquamdiu
547 2356 661 2424 suisset
676 2357 854 2442 uentilata;
876 2357 1008 2425 tandem
1028 2365 1099 2442 post
1115 2357 1248 2445 produo·

116 2463 246 2530 aionem
262 2463 393 2530 testium
418 2460 636 2530 mediantibus
660 2463 738 2532 uiris
762 2465 918 2552 ydoneis}
944 2465 1067 2532 Gemite
1093 2463 1249 2532 videlieet

116 2569 284 2656 Arehyno,
308 2569 441 2655 Elkyno
458 2570 576 2657 uillieo,
594 2576 626 2636 et
643 2569 799 2668 Gerardo,
817 2572 944 2639 oiuibns
963 2571 1248 2660 Strigonieusibus,
1355 2643 1357 2646 .

116 2678 193 2745 item
220 2677 381 2747 Michaele
412 2679 538 2746 Gemite
568 2679 704 2746 Camere
730 2681 845 2767 Regis,
870 2679 1054 2764 Augustino
1081 2681 1247 2766 Proposito

116 2785 358 2872 Ohenadiensi,
395 2793 427 2852 et
454 2786 583 2854 ‘Comite
614 2787 708 2852 Mark
735 2786 776 2853 de
796 2807 914 2871 genere
929 2787 1018 2875 Rysd
1036 2788 1175 2856 arbitros
1191 2808 1250 2874 per

116 2899 229 2980 partes
246 2892 412 2978 annueres,
429 2895 472 2960 ad
487 2894 586 2960 talem
604 2894 694 2979 paois
711 2901 743 2960 et
760 2895 932 2962 oonoordie
948 2904 1164 2981 peruenerunt
1179 2898 1247 2962 uni·

116 3023 213 3069 onem
232 3022 342 3069 eoram
358 3003 462 3086 nobis,
483 2999 677 3086 quodijdem
693 3003 807 3089 populi
819 3003 860 3069 de
871 3003 1111 3071 nillaOholnuk
1122 3003 1248 3072 uniuer-

116 3111 234 3178 saliter
250 3110 355 3177 eidem
370 3111 529 3205 Magistro
545 3110 647 3178 Paulo
671 3119 703 3179 et
719 3111 873 3180 fratribus
889 3115 967 3197 suis,
992 3113 1138 3178 Peturka
1161 3111 1248 3180 seili-

115 3229 167 3288 cet
185 3225 220 3286 et
235 3219 339 3284 Panlo
355 3219 517 3286 solueront
532 3220 707 3305 sexaginta
723 3239 850 3287 mareas
866 3221 972 3287 minus
988 3221 1114 3287 duabus
1131 3220 1250 3288 mareis

115 3331 149 3396 in
168 3327 321 3396 terminis
345 3328 519 3415 assumptis
543 3347 652 3396 eoram
678 3331 793 3413 nobis3
826 3328 944 3412 viginti
969 3348 1095 3394 mareas
1122 3328 1249 3396 scilieet

115 3438 281 3506 soluerent
308 3435 341 3500 in
354 3433 517 3503 dominica
532 3437 650 3504 Jndioa
665 3437 782 3525 partim
800 3438 834 3504 in
852 3436 996 3522 donarijs
1013 3437 1121 3502 dando
1136 3436 1246 3503 deeem

115 3565 241 3632 pensas
258 3544 459 3612 Viennenses
483 3566 543 3632 pro
569 3546 717 3628 qualibet
741 3567 872 3633 maroa,
897 3553 952 3613 ant
968 3545 1113 3631 quinque
1128 3563 1250 3629 pensas

118 3655 328 3721 denariorum
345 3652 528 3738 Banalium,
551 3653 764 3739 pertimuere
782 3655 816 3720 in
842 3654 1052 3722 estimonioue
1069 3653 1248 3736 eondigna;

116 3763 195 3831 item
212 3760 332 3846 viginti
360 3779 488 3826 mareas
518 3761 684 3827 soluerent
708 3761 741 3826 in
768 3761 894 3828 ootauis
919 3763 1129 3828 Penteeostas
1155 3758 1250 3826 modo

119 3867 331 3956 supradieto;
356 3867 504 3932 residuas
519 3887 597 3934 uero
614 3865 726 3934 decem
752 3875 784 3933 et
804 3874 875 3934 outo
892 3887 1019 3934 mareas
1035 3869 1203 3936 soluerent
1217 3865 1251 3930 in

116 3977 247 4046 oetanis
278 3975 390 4042 Sanoti
421 3974 592 4060 Laureneij
623 3975 765 4043 martiris
801 3975 899 4043 modo
930 3974 1079 4060 superius
1115 3980 1250 4042 annota-

118 4095 160 4171 to,
184 4086 234 4153 ita
249 4093 359 4152 tamen
383 4081 469 4168 quod
494 4083 700 4151 medietatem
727 4084 905 4151 soluoionis
933 4083 1141 4151 denariorum
1157 4082 1251 4150 debe·

114 4200 187 4261 rent
204 4193 314 4260 faeere
342 4189 376 4259 in
391 4187 537 4275 denarijs
563 4192 741 4258 Banalibus
750 4243 760 4278 ‚
783 4191 993 4258 medietatem
1010 4211 1087 4258 nero
1103 4191 1137 4256 in
1151 4191 1250 4258 Vien-

115 4302 286 4384 nensibus,
310 4299 394 4366 siout
409 4298 556 4384 superius
574 4305 623 4365 est
639 4318 839 4385 expressum.
864 4298 936 4366 Tali
950 4317 1035 4384 pena
1049 4297 1250 4384 interposita,

114 4409 249 4499 quodsi
266 4408 407 4496 primum
424 4407 596 4474 terminum
621 4407 811 4477 obmiseriut
835 4409 869 4474 in
886 4405 1053 4492 soluendo,
1085 4403 1251 4473 insument

116 4521 208 4609 dupli
225 4537 366 4606 penam;
384 4517 413 4582 si
430 4535 507 4584 uero
524 4515 712 4601 seeundum,
729 4513 1066 4602 amittentpeouniam
1082 4514 1171 4598 prius
1181 4533 1249 4600 per·

117 4631 279 4712 solutem3
305 4630 337 4690 et
353 4622 381 4691 si
397 4625 531 4692 teroiam
548 4624 741 4692 solutionem
767 4625 878 4693 faeere
894 4625 961 4692 non
976 4621 1171 4705 ouruuerint,
1195 4642 1251 4706 pe·
