<?xml version="1.0" encoding="UTF-8"?>
<!DOCTYPE html PUBLIC "-//W3C//DTD XHTML 1.0 Transitional//EN"
    "http://www.w3.org/TR/xhtml1/DTD/xhtml1-transitional.dtd">
<html xmlns="http://www.w3.org/1999/xhtml" xml:lang="en" lang="en">
 <head>
  <title>
</title>
<meta http-equiv="Content-Type" content="text/html;charset=utf-8" />
  <meta name='ocr-system' content='tesseract 3.04.00' />
  <meta name='ocr-capabilities' content='ocr_page ocr_carea ocr_par ocr_line ocrx_word'/>
</head>
<body>
  <div class='ocr_page' id='page_1' title='image "./codexdiplomatic12wenzgoog_0620.png"; bbox 0 0 3146 5166; ppageno 0'>
   <div class='ocr_carea' id='block_1_1' title="bbox 824 307 932 405">
    <p class='ocr_par' dir='ltr' id='par_1_1' title="bbox 824 307 932 405">
     <span class='ocr_line' id='line_1_1' title="bbox 824 307 932 405; baseline 0 -33"><span class='ocrx_word' id='word_1_1' title='bbox 824 307 932 405; x_wconf 56' lang='lat' dir='ltr'>—ors</span> 
     </span>
    </p>
   </div>
   <div class='ocr_carea' id='block_1_2' title="bbox 210 498 1532 3160">
    <p class='ocr_par' dir='ltr' id='par_1_2' title="bbox 318 498 1438 906">
     <span class='ocr_line' id='line_1_2' title="bbox 324 498 1433 584; baseline -0.005 -15"><span class='ocrx_word' id='word_1_2' title='bbox 324 504 454 569; x_wconf 87' lang='lat' dir='ltr'>domum</span> <span class='ocrx_word' id='word_1_3' title='bbox 469 500 631 582; x_wconf 75' lang='lat' dir='ltr'>habuisse,</span> <span class='ocrx_word' id='word_1_4' title='bbox 663 505 695 564; x_wconf 90' lang='lat' dir='ltr'>et</span> <span class='ocrx_word' id='word_1_5' title='bbox 721 498 840 567; x_wconf 80' lang='lat' dir='ltr'>ibidem</span> <span class='ocrx_word' id='word_1_6' title='bbox 866 501 1027 568; x_wconf 90' lang='lat' dir='ltr'>mansisse</span> <span class='ocrx_word' id='word_1_7' title='bbox 1051 499 1246 584; x_wconf 87' lang='lat' dir='ltr'>assereudo;</span> <span class='ocrx_word' id='word_1_8' title='bbox 1273 499 1331 567; x_wconf 87' lang='lat' dir='ltr'>sed</span> <span class='ocrx_word' id='word_1_9' title='bbox 1355 517 1433 564; x_wconf 85' lang='lat' dir='ltr'>nune</span> 
     </span>
     <span class='ocr_line' id='line_1_3' title="bbox 321 605 1434 693; baseline -0.002 -20"><span class='ocrx_word' id='word_1_10' title='bbox 321 628 381 674; x_wconf 87' lang='lat' dir='ltr'>neo</span> <span class='ocrx_word' id='word_1_11' title='bbox 396 609 500 693; x_wconf 90' lang='lat' dir='ltr'>ipsius</span> <span class='ocrx_word' id='word_1_12' title='bbox 517 607 685 693; x_wconf 81' lang='lat' dir='ltr'>Stephani,</span> <span class='ocrx_word' id='word_1_13' title='bbox 702 627 763 674; x_wconf 89' lang='lat' dir='ltr'>neo</span> <span class='ocrx_word' id='word_1_14' title='bbox 779 607 916 674; x_wconf 85' lang='lat' dir='ltr'>alienius</span> <span class='ocrx_word' id='word_1_15' title='bbox 932 608 1067 673; x_wconf 91' lang='lat' dir='ltr'>alterins</span> <span class='ocrx_word' id='word_1_16' title='bbox 1084 607 1198 674; x_wconf 89' lang='lat' dir='ltr'>domus</span> <span class='ocrx_word' id='word_1_17' title='bbox 1214 606 1310 673; x_wconf 87' lang='lat' dir='ltr'>estin</span> <span class='ocrx_word' id='word_1_18' title='bbox 1320 605 1434 672; x_wconf 62' lang='lat' dir='ltr'>adem</span> 
     </span>
     <span class='ocr_line' id='line_1_4' title="bbox 318 713 1437 802; baseline -0.003 -21"><span class='ocrx_word' id='word_1_19' title='bbox 318 717 401 782; x_wconf 88' lang='lat' dir='ltr'>Item</span> <span class='ocrx_word' id='word_1_20' title='bbox 418 714 582 799; x_wconf 82' lang='lat' dir='ltr'>quandam</span> <span class='ocrx_word' id='word_1_21' title='bbox 598 715 787 800; x_wconf 75' lang='lat' dir='ltr'>particulam</span> <span class='ocrx_word' id='word_1_22' title='bbox 803 713 946 782; x_wconf 88' lang='lat' dir='ltr'>eiusdem</span> <span class='ocrx_word' id='word_1_23' title='bbox 973 721 1056 780; x_wconf 88' lang='lat' dir='ltr'>terre</span> <span class='ocrx_word' id='word_1_24' title='bbox 1081 715 1281 802; x_wconf 89' lang='lat' dir='ltr'>superiorem</span> <span class='ocrx_word' id='word_1_25' title='bbox 1307 733 1328 778; x_wconf 85' lang='lat' dir='ltr'>a</span> <span class='ocrx_word' id='word_1_26' title='bbox 1353 717 1437 797; x_wconf 84' lang='lat' dir='ltr'>parte</span> 
     </span>
     <span class='ocr_line' id='line_1_5' title="bbox 320 821 1438 906; baseline -0.004 -19"><span class='ocrx_word' id='word_1_27' title='bbox 320 821 504 906; x_wconf 85' lang='lat' dir='ltr'>Kamornn,</span> <span class='ocrx_word' id='word_1_28' title='bbox 520 841 583 905; x_wconf 89' lang='lat' dir='ltr'>que</span> <span class='ocrx_word' id='word_1_29' title='bbox 600 821 728 905; x_wconf 92' lang='lat' dir='ltr'>quidem</span> <span class='ocrx_word' id='word_1_30' title='bbox 740 821 1050 905; x_wconf 82' lang='lat' dir='ltr'>particulaoreditur</span> <span class='ocrx_word' id='word_1_31' title='bbox 1061 841 1133 888; x_wconf 86' lang='lat' dir='ltr'>esse</span> <span class='ocrx_word' id='word_1_32' title='bbox 1143 821 1241 888; x_wconf 91' lang='lat' dir='ltr'>trium</span> <span class='ocrx_word' id='word_1_33' title='bbox 1251 829 1438 904; x_wconf 84' lang='lat' dir='ltr'>aratrorum,</span> 
     </span>
    </p>

    <p class='ocr_par' dir='ltr' id='par_1_3' title="bbox 210 928 1532 2959">
     <span class='ocr_line' id='line_1_6' title="bbox 210 928 1438 1015; baseline -0.002 -21"><span class='ocrx_word' id='word_1_34' title='bbox 210 951 214 960; x_wconf 92' lang='lat'>·</span> <span class='ocrx_word' id='word_1_35' title='bbox 319 929 470 995; x_wconf 79' lang='lat' dir='ltr'>officialis</span> <span class='ocrx_word' id='word_1_36' title='bbox 496 930 644 1015; x_wconf 89' lang='lat' dir='ltr'>Walterij</span> <span class='ocrx_word' id='word_1_37' title='bbox 663 929 797 996; x_wconf 80' lang='lat' dir='ltr'>Comitis</span> <span class='ocrx_word' id='word_1_38' title='bbox 813 929 854 994; x_wconf 90' lang='lat' dir='ltr'>de</span> <span class='ocrx_word' id='word_1_39' title='bbox 871 931 1037 996; x_wconf 86' lang='lat' dir='ltr'>Kamarnn</span> <span class='ocrx_word' id='word_1_40' title='bbox 1058 929 1141 994; x_wconf 87' lang='lat' dir='ltr'>dixit</span> <span class='ocrx_word' id='word_1_41' title='bbox 1152 949 1223 996; x_wconf 89' lang='lat' dir='ltr'>esso</span> <span class='ocrx_word' id='word_1_42' title='bbox 1234 929 1381 995; x_wconf 86' lang='lat' dir='ltr'>eiusdem</span> <span class='ocrx_word' id='word_1_43' title='bbox 1391 928 1438 992; x_wconf 85' lang='lat' dir='ltr'>W.</span> 
     </span>
     <span class='ocr_line' id='line_1_7' title="bbox 320 1032 1437 1122; baseline -0.004 -20"><span class='ocrx_word' id='word_1_44' title='bbox 320 1036 451 1103; x_wconf 84' lang='lat' dir='ltr'>Comitis</span> <span class='ocrx_word' id='word_1_45' title='bbox 468 1037 588 1104; x_wconf 88' lang='lat' dir='ltr'>domini</span> <span class='ocrx_word' id='word_1_46' title='bbox 611 1039 678 1122; x_wconf 90' lang='lat' dir='ltr'>sni;</span> <span class='ocrx_word' id='word_1_47' title='bbox 709 1040 893 1122; x_wconf 82' lang='lat' dir='ltr'>asserendo,</span> <span class='ocrx_word' id='word_1_48' title='bbox 926 1039 1013 1118; x_wconf 89' lang='lat' dir='ltr'>quod</span> <span class='ocrx_word' id='word_1_49' title='bbox 1045 1038 1119 1121; x_wconf 89' lang='lat' dir='ltr'>ipsa</span> <span class='ocrx_word' id='word_1_50' title='bbox 1151 1036 1315 1120; x_wconf 85' lang='lat' dir='ltr'>particula</span> <span class='ocrx_word' id='word_1_51' title='bbox 1345 1032 1437 1100; x_wconf 87' lang='lat' dir='ltr'>fuerit</span> 
     </span>
     <span class='ocr_line' id='line_1_8' title="bbox 317 1142 1439 1229; baseline 0 -23"><span class='ocrx_word' id='word_1_52' title='bbox 317 1142 511 1227; x_wconf 74' lang='lat' dir='ltr'>piscatorum</span> <span class='ocrx_word' id='word_1_53' title='bbox 529 1143 650 1210; x_wconf 92' lang='lat' dir='ltr'>domini</span> <span class='ocrx_word' id='word_1_54' title='bbox 665 1145 773 1228; x_wconf 87' lang='lat' dir='ltr'>Regis,</span> <span class='ocrx_word' id='word_1_55' title='bbox 786 1151 818 1210; x_wconf 93' lang='lat' dir='ltr'>et</span> <span class='ocrx_word' id='word_1_56' title='bbox 834 1147 920 1229; x_wconf 90' lang='lat' dir='ltr'>quod</span> <span class='ocrx_word' id='word_1_57' title='bbox 935 1167 1005 1211; x_wconf 87' lang='lat' dir='ltr'>eam</span> <span class='ocrx_word' id='word_1_58' title='bbox 1032 1145 1178 1210; x_wconf 88' lang='lat' dir='ltr'>dominus</span> <span class='ocrx_word' id='word_1_59' title='bbox 1202 1146 1273 1210; x_wconf 84' lang='lat' dir='ltr'>Rex</span> <span class='ocrx_word' id='word_1_60' title='bbox 1298 1143 1439 1208; x_wconf 82' lang='lat' dir='ltr'>Walters</span> 
     </span>
     <span class='ocr_line' id='line_1_9' title="bbox 316 1248 1438 1337; baseline 0 -23"><span class='ocrx_word' id='word_1_61' title='bbox 316 1248 432 1316; x_wconf 81' lang='lat' dir='ltr'>Comiti</span> <span class='ocrx_word' id='word_1_62' title='bbox 448 1251 1368 1337; x_wconf 76' lang='lat' dir='ltr'>contulisset3etidemoffroialisWalteryComitissuper</span> <span class='ocrx_word' id='word_1_63' title='bbox 1390 1268 1438 1314; x_wconf 87' lang='lat' dir='ltr'>ea-</span> 
     </span>
     <span class='ocr_line' id='line_1_10' title="bbox 315 1355 1437 1446; baseline 0 -25"><span class='ocrx_word' id='word_1_64' title='bbox 315 1355 389 1422; x_wconf 86' lang='lat' dir='ltr'>dem</span> <span class='ocrx_word' id='word_1_65' title='bbox 406 1359 575 1442; x_wconf 86' lang='lat' dir='ltr'>partioula,</span> <span class='ocrx_word' id='word_1_66' title='bbox 587 1379 649 1440; x_wconf 86' lang='lat' dir='ltr'>qne</span> <span class='ocrx_word' id='word_1_67' title='bbox 659 1367 810 1444; x_wconf 90' lang='lat' dir='ltr'>separata</span> <span class='ocrx_word' id='word_1_68' title='bbox 821 1366 870 1426; x_wconf 89' lang='lat' dir='ltr'>est</span> <span class='ocrx_word' id='word_1_69' title='bbox 880 1363 986 1446; x_wconf 90' lang='lat' dir='ltr'>metis,</span> <span class='ocrx_word' id='word_1_70' title='bbox 998 1361 1057 1427; x_wconf 87' lang='lat' dir='ltr'>sed</span> <span class='ocrx_word' id='word_1_71' title='bbox 1068 1360 1278 1425; x_wconf 90' lang='lat' dir='ltr'>nonmultnm</span> <span class='ocrx_word' id='word_1_72' title='bbox 1289 1356 1437 1440; x_wconf 84' lang='lat' dir='ltr'>antiquis,</span> 
     </span>
     <span class='ocr_line' id='line_1_11' title="bbox 314 1463 1437 1549; baseline -0.004 -19"><span class='ocrx_word' id='word_1_73' title='bbox 314 1466 443 1531; x_wconf 91' lang='lat' dir='ltr'>nomine</span> <span class='ocrx_word' id='word_1_74' title='bbox 474 1465 597 1532; x_wconf 93' lang='lat' dir='ltr'>domiui</span> <span class='ocrx_word' id='word_1_75' title='bbox 612 1467 662 1531; x_wconf 89' lang='lat' dir='ltr'>sni</span> <span class='ocrx_word' id='word_1_76' title='bbox 680 1467 730 1532; x_wconf 87' lang='lat' dir='ltr'>W.</span> <span class='ocrx_word' id='word_1_77' title='bbox 747 1464 879 1534; x_wconf 81' lang='lat' dir='ltr'>Comitis</span> <span class='ocrx_word' id='word_1_78' title='bbox 895 1467 1101 1534; x_wconf 79' lang='lat' dir='ltr'>contradixit</span> <span class='ocrx_word' id='word_1_79' title='bbox 1132 1465 1198 1532; x_wconf 88' lang='lat' dir='ltr'>Sed</span> <span class='ocrx_word' id='word_1_80' title='bbox 1215 1472 1354 1549; x_wconf 80' lang='lat' dir='ltr'>excepta</span> <span class='ocrx_word' id='word_1_81' title='bbox 1380 1463 1437 1529; x_wconf 84' lang='lat' dir='ltr'>hae</span> 
     </span>
     <span class='ocr_line' id='line_1_12' title="bbox 314 1570 1434 1658; baseline -0.004 -20"><span class='ocrx_word' id='word_1_82' title='bbox 314 1573 484 1658; x_wconf 84' lang='lat' dir='ltr'>particula,</span> <span class='ocrx_word' id='word_1_83' title='bbox 501 1592 564 1655; x_wconf 90' lang='lat' dir='ltr'>que</span> <span class='ocrx_word' id='word_1_84' title='bbox 580 1573 675 1639; x_wconf 91' lang='lat' dir='ltr'>trium</span> <span class='ocrx_word' id='word_1_85' title='bbox 691 1585 869 1640; x_wconf 86' lang='lat' dir='ltr'>aratrorum</span> <span class='ocrx_word' id='word_1_86' title='bbox 886 1595 958 1640; x_wconf 91' lang='lat' dir='ltr'>esse</span> <span class='ocrx_word' id='word_1_87' title='bbox 974 1572 1123 1657; x_wconf 82' lang='lat' dir='ltr'>ereditur,</span> <span class='ocrx_word' id='word_1_88' title='bbox 1140 1581 1175 1637; x_wconf 90' lang='lat' dir='ltr'>ut</span> <span class='ocrx_word' id='word_1_89' title='bbox 1185 1570 1370 1656; x_wconf 78' lang='lat' dir='ltr'>predictum</span> <span class='ocrx_word' id='word_1_90' title='bbox 1381 1578 1434 1650; x_wconf 86' lang='lat' dir='ltr'>est,</span> 
     </span>
     <span class='ocr_line' id='line_1_13' title="bbox 313 1677 1434 1767; baseline -0.003 -24"><span class='ocrx_word' id='word_1_91' title='bbox 313 1687 344 1743; x_wconf 90' lang='lat' dir='ltr'>et</span> <span class='ocrx_word' id='word_1_92' title='bbox 360 1687 446 1744; x_wconf 84' lang='lat' dir='ltr'>terra</span> <span class='ocrx_word' id='word_1_93' title='bbox 462 1679 556 1746; x_wconf 84' lang='lat' dir='ltr'>vuius</span> <span class='ocrx_word' id='word_1_94' title='bbox 571 1679 682 1762; x_wconf 85' lang='lat' dir='ltr'>aratri,</span> <span class='ocrx_word' id='word_1_95' title='bbox 692 1699 789 1763; x_wconf 89' lang='lat' dir='ltr'>qnam</span> <span class='ocrx_word' id='word_1_96' title='bbox 799 1681 984 1767; x_wconf 85' lang='lat' dir='ltr'>Stephanus</span> <span class='ocrx_word' id='word_1_97' title='bbox 995 1698 1087 1746; x_wconf 89' lang='lat' dir='ltr'>suam</span> <span class='ocrx_word' id='word_1_98' title='bbox 1099 1699 1170 1746; x_wconf 88' lang='lat' dir='ltr'>esso</span> <span class='ocrx_word' id='word_1_99' title='bbox 1180 1677 1271 1765; x_wconf 86' lang='lat' dir='ltr'>dinit,</span> <span class='ocrx_word' id='word_1_100' title='bbox 1286 1696 1384 1762; x_wconf 89' lang='lat' dir='ltr'>snper</span> <span class='ocrx_word' id='word_1_101' title='bbox 1394 1697 1434 1740; x_wconf 87' lang='lat' dir='ltr'>re·</span> 
     </span>
     <span class='ocr_line' id='line_1_14' title="bbox 312 1785 1435 1872; baseline -0.002 -22"><span class='ocrx_word' id='word_1_102' title='bbox 312 1785 403 1870; x_wconf 87' lang='lat' dir='ltr'>liqna</span> <span class='ocrx_word' id='word_1_103' title='bbox 413 1795 506 1870; x_wconf 87' lang='lat' dir='ltr'>parte</span> <span class='ocrx_word' id='word_1_104' title='bbox 516 1787 620 1853; x_wconf 90' lang='lat' dir='ltr'>toeins</span> <span class='ocrx_word' id='word_1_105' title='bbox 631 1787 774 1872; x_wconf 80' lang='lat' dir='ltr'>predicte</span> <span class='ocrx_word' id='word_1_106' title='bbox 785 1795 868 1854; x_wconf 88' lang='lat' dir='ltr'>terre</span> <span class='ocrx_word' id='word_1_107' title='bbox 878 1809 942 1854; x_wconf 90' lang='lat' dir='ltr'>uon</span> <span class='ocrx_word' id='word_1_108' title='bbox 955 1789 1061 1854; x_wconf 81' lang='lat' dir='ltr'>extitit</span> <span class='ocrx_word' id='word_1_109' title='bbox 1076 1808 1135 1872; x_wconf 90' lang='lat' dir='ltr'>per</span> <span class='ocrx_word' id='word_1_110' title='bbox 1153 1787 1297 1869; x_wconf 85' lang='lat' dir='ltr'>aliquem</span> <span class='ocrx_word' id='word_1_111' title='bbox 1313 1791 1435 1850; x_wconf 88' lang='lat' dir='ltr'>eontra-</span> 
     </span>
     <span class='ocr_line' id='line_1_15' title="bbox 314 1890 1431 1982; baseline -0.005 -24"><span class='ocrx_word' id='word_1_112' title='bbox 314 1893 453 1978; x_wconf 87' lang='lat' dir='ltr'>diotum;</span> <span class='ocrx_word' id='word_1_113' title='bbox 470 1895 565 1960; x_wconf 83' lang='lat' dir='ltr'>etsie</span> <span class='ocrx_word' id='word_1_114' title='bbox 582 1893 718 1960; x_wconf 88' lang='lat' dir='ltr'>eandem</span> <span class='ocrx_word' id='word_1_115' title='bbox 730 1902 848 1961; x_wconf 87' lang='lat' dir='ltr'>terram</span> <span class='ocrx_word' id='word_1_116' title='bbox 858 1896 973 1982; x_wconf 89' lang='lat' dir='ltr'>Soeuu,</span> <span class='ocrx_word' id='word_1_117' title='bbox 984 1895 1156 1963; x_wconf 88' lang='lat' dir='ltr'>habentem</span> <span class='ocrx_word' id='word_1_118' title='bbox 1168 1893 1325 1976; x_wconf 82' lang='lat' dir='ltr'>leuatum,</span> <span class='ocrx_word' id='word_1_119' title='bbox 1344 1895 1376 1956; x_wconf 91' lang='lat' dir='ltr'>et</span> <span class='ocrx_word' id='word_1_120' title='bbox 1391 1890 1431 1954; x_wconf 89' lang='lat' dir='ltr'>ab</span> 
     </span>
     <span class='ocr_line' id='line_1_16' title="bbox 310 1999 1434 2090; baseline -0.004 -24"><span class='ocrx_word' id='word_1_121' title='bbox 310 2021 375 2066; x_wconf 85' lang='lat' dir='ltr'>vua</span> <span class='ocrx_word' id='word_1_122' title='bbox 386 2002 435 2068; x_wconf 90' lang='lat' dir='ltr'>sui</span> <span class='ocrx_word' id='word_1_123' title='bbox 447 2009 539 2086; x_wconf 89' lang='lat' dir='ltr'>parte</span> <span class='ocrx_word' id='word_1_124' title='bbox 558 2003 649 2068; x_wconf 84' lang='lat' dir='ltr'>iuxta</span> <span class='ocrx_word' id='word_1_125' title='bbox 657 2003 842 2070; x_wconf 89' lang='lat' dir='ltr'>Danubium</span> <span class='ocrx_word' id='word_1_126' title='bbox 853 2002 1067 2090; x_wconf 81' lang='lat' dir='ltr'>adiacentem,</span> <span class='ocrx_word' id='word_1_127' title='bbox 1079 2002 1136 2070; x_wconf 86' lang='lat' dir='ltr'>sed</span> <span class='ocrx_word' id='word_1_128' title='bbox 1148 2002 1264 2068; x_wconf 88' lang='lat' dir='ltr'>siluam</span> <span class='ocrx_word' id='word_1_129' title='bbox 1283 2001 1337 2065; x_wconf 90' lang='lat' dir='ltr'>nel</span> <span class='ocrx_word' id='word_1_130' title='bbox 1354 1999 1434 2063; x_wconf 84' lang='lat' dir='ltr'>aliae</span> 
     </span>
     <span class='ocr_line' id='line_1_17' title="bbox 310 2107 1433 2197; baseline -0.004 -23"><span class='ocrx_word' id='word_1_131' title='bbox 310 2109 464 2176; x_wconf 82' lang='lat' dir='ltr'>utilitates</span> <span class='ocrx_word' id='word_1_132' title='bbox 480 2130 545 2174; x_wconf 91' lang='lat' dir='ltr'>nou</span> <span class='ocrx_word' id='word_1_133' title='bbox 562 2109 746 2197; x_wconf 85' lang='lat' dir='ltr'>habentem,</span> <span class='ocrx_word' id='word_1_134' title='bbox 763 2119 798 2176; x_wconf 92' lang='lat' dir='ltr'>nt</span> <span class='ocrx_word' id='word_1_135' title='bbox 814 2111 974 2195; x_wconf 82' lang='lat' dir='ltr'>dixerunt,</span> <span class='ocrx_word' id='word_1_136' title='bbox 989 2111 1077 2177; x_wconf 93' lang='lat' dir='ltr'>idem</span> <span class='ocrx_word' id='word_1_137' title='bbox 1094 2113 1132 2176; x_wconf 90' lang='lat' dir='ltr'>R.</span> <span class='ocrx_word' id='word_1_138' title='bbox 1157 2107 1347 2192; x_wconf 84' lang='lat' dir='ltr'>Propositus</span> <span class='ocrx_word' id='word_1_139' title='bbox 1374 2111 1433 2172; x_wconf 83' lang='lat' dir='ltr'>sta·</span> 
     </span>
     <span class='ocr_line' id='line_1_18' title="bbox 308 2213 1432 2303; baseline -0.004 -23"><span class='ocrx_word' id='word_1_140' title='bbox 308 2217 369 2280; x_wconf 90' lang='lat' dir='ltr'>tuit</span> <span class='ocrx_word' id='word_1_141' title='bbox 386 2225 418 2282; x_wconf 90' lang='lat' dir='ltr'>et</span> <span class='ocrx_word' id='word_1_142' title='bbox 443 2217 623 2300; x_wconf 83' lang='lat' dir='ltr'>assiguauit</span> <span class='ocrx_word' id='word_1_143' title='bbox 651 2218 787 2284; x_wconf 87' lang='lat' dir='ltr'>Nioolao</span> <span class='ocrx_word' id='word_1_144' title='bbox 813 2219 923 2303; x_wconf 86' lang='lat' dir='ltr'>nepoti</span> <span class='ocrx_word' id='word_1_145' title='bbox 948 2218 1051 2284; x_wconf 87' lang='lat' dir='ltr'>Weoh</span> <span class='ocrx_word' id='word_1_146' title='bbox 1075 2223 1264 2283; x_wconf 90' lang='lat' dir='ltr'>memorato.</span> <span class='ocrx_word' id='word_1_147' title='bbox 1292 2213 1432 2279; x_wconf 87' lang='lat' dir='ltr'>Racioue</span> 
     </span>
     <span class='ocr_line' id='line_1_19' title="bbox 308 2320 1432 2410; baseline -0.003 -24"><span class='ocrx_word' id='word_1_148' title='bbox 308 2330 414 2389; x_wconf 85' lang='lat' dir='ltr'>autem</span> <span class='ocrx_word' id='word_1_149' title='bbox 432 2323 575 2408; x_wconf 89' lang='lat' dir='ltr'>prediote</span> <span class='ocrx_word' id='word_1_150' title='bbox 590 2324 761 2410; x_wconf 82' lang='lat' dir='ltr'>particule,</span> <span class='ocrx_word' id='word_1_151' title='bbox 776 2345 874 2410; x_wconf 89' lang='lat' dir='ltr'>super</span> <span class='ocrx_word' id='word_1_152' title='bbox 899 2346 965 2408; x_wconf 82' lang='lat' dir='ltr'>qua</span> <span class='ocrx_word' id='word_1_153' title='bbox 982 2325 1111 2390; x_wconf 89' lang='lat' dir='ltr'>nomino</span> <span class='ocrx_word' id='word_1_154' title='bbox 1137 2323 1287 2407; x_wconf 88' lang='lat' dir='ltr'>Waltery</span> <span class='ocrx_word' id='word_1_155' title='bbox 1304 2320 1432 2386; x_wconf 86' lang='lat' dir='ltr'>Comitis</span> 
     </span>
     <span class='ocr_line' id='line_1_20' title="bbox 309 2429 1429 2516; baseline -0.003 -22"><span class='ocrx_word' id='word_1_156' title='bbox 309 2430 542 2496; x_wconf 85' lang='lat' dir='ltr'>eontradiotum</span> <span class='ocrx_word' id='word_1_157' title='bbox 559 2431 676 2516; x_wconf 84' lang='lat' dir='ltr'>extitit,</span> <span class='ocrx_word' id='word_1_158' title='bbox 693 2431 830 2497; x_wconf 82' lang='lat' dir='ltr'>eundem</span> <span class='ocrx_word' id='word_1_159' title='bbox 847 2433 898 2498; x_wconf 88' lang='lat' dir='ltr'>W.</span> <span class='ocrx_word' id='word_1_160' title='bbox 920 2432 1074 2498; x_wconf 85' lang='lat' dir='ltr'>Comitem</span> <span class='ocrx_word' id='word_1_161' title='bbox 1090 2431 1205 2497; x_wconf 90' lang='lat' dir='ltr'>oitauit</span> <span class='ocrx_word' id='word_1_162' title='bbox 1220 2429 1266 2494; x_wconf 87' lang='lat' dir='ltr'>ad</span> <span class='ocrx_word' id='word_1_163' title='bbox 1286 2435 1429 2494; x_wconf 78' lang='lat' dir='ltr'>&#39;nestram</span> 
     </span>
     <span class='ocr_line' id='line_1_21' title="bbox 307 2533 1532 2624; baseline -0.004 -24"><span class='ocrx_word' id='word_1_164' title='bbox 307 2540 525 2624; x_wconf 79' lang='lat' dir='ltr'>presenciam,</span> <span class='ocrx_word' id='word_1_165' title='bbox 557 2539 759 2622; x_wconf 86' lang='lat' dir='ltr'>assignando</span> <span class='ocrx_word' id='word_1_166' title='bbox 776 2540 836 2606; x_wconf 90' lang='lat' dir='ltr'>sihi</span> <span class='ocrx_word' id='word_1_167' title='bbox 853 2559 913 2624; x_wconf 90' lang='lat' dir='ltr'>pro</span> <span class='ocrx_word' id='word_1_168' title='bbox 929 2541 1067 2606; x_wconf 88' lang='lat' dir='ltr'>termino</span> <span class='ocrx_word' id='word_1_169' title='bbox 1089 2538 1176 2604; x_wconf 90' lang='lat' dir='ltr'>diem</span> <span class='ocrx_word' id='word_1_170' title='bbox 1201 2533 1430 2620; x_wconf 88' lang='lat' dir='ltr'>quintumdeei·</span> <span class='ocrx_word' id='word_1_171' title='bbox 1531 2549 1532 2573; x_wconf 51' lang='lat' dir='ltr'>l</span> 
     </span>
     <span class='ocr_line' id='line_1_22' title="bbox 307 2643 1531 2732; baseline -0.002 -26"><span class='ocrx_word' id='word_1_172' title='bbox 307 2661 393 2708; x_wconf 90' lang='lat' dir='ltr'>mum</span> <span class='ocrx_word' id='word_1_173' title='bbox 409 2647 658 2728; x_wconf 77' lang='lat' dir='ltr'>computandum</span> <span class='ocrx_word' id='word_1_174' title='bbox 674 2650 716 2713; x_wconf 87' lang='lat' dir='ltr'>ab</span> <span class='ocrx_word' id='word_1_175' title='bbox 732 2667 771 2712; x_wconf 91' lang='lat' dir='ltr'>eo</span> <span class='ocrx_word' id='word_1_176' title='bbox 787 2648 848 2732; x_wconf 86' lang='lat' dir='ltr'>die,</span> <span class='ocrx_word' id='word_1_177' title='bbox 875 2668 937 2730; x_wconf 92' lang='lat' dir='ltr'>quo</span> <span class='ocrx_word' id='word_1_178' title='bbox 962 2649 1106 2714; x_wconf 88' lang='lat' dir='ltr'>Barnnes</span> <span class='ocrx_word' id='word_1_179' title='bbox 1132 2646 1242 2729; x_wconf 86' lang='lat' dir='ltr'>nestri,</span> <span class='ocrx_word' id='word_1_180' title='bbox 1260 2652 1293 2710; x_wconf 87' lang='lat' dir='ltr'>et</span> <span class='ocrx_word' id='word_1_181' title='bbox 1318 2645 1427 2710; x_wconf 83' lang='lat' dir='ltr'>(lomes</span> <span class='ocrx_word' id='word_1_182' title='bbox 1530 2643 1531 2669; x_wconf 66' lang='lat'>¹</span> 
     </span>
     <span class='ocr_line' id='line_1_23' title="bbox 312 2749 1529 2861; baseline 0 -49"><span class='ocrx_word' id='word_1_183' title='bbox 312 2749 473 2816; x_wconf 88' lang='lat' dir='ltr'>Walterus</span> <span class='ocrx_word' id='word_1_184' title='bbox 484 2753 568 2818; x_wconf 91' lang='lat' dir='ltr'>inter</span> <span class='ocrx_word' id='word_1_185' title='bbox 579 2774 643 2838; x_wconf 84' lang='lat' dir='ltr'>eos,</span> <span class='ocrx_word' id='word_1_186' title='bbox 656 2761 727 2840; x_wconf 92' lang='lat' dir='ltr'>post</span> <span class='ocrx_word' id='word_1_187' title='bbox 737 2757 955 2822; x_wconf 89' lang='lat' dir='ltr'>reuersionem</span> <span class='ocrx_word' id='word_1_188' title='bbox 966 2777 1058 2822; x_wconf 88' lang='lat' dir='ltr'>suam</span> <span class='ocrx_word' id='word_1_189' title='bbox 1069 2754 1110 2820; x_wconf 92' lang='lat' dir='ltr'>de</span> <span class='ocrx_word' id='word_1_190' title='bbox 1122 2753 1260 2836; x_wconf 89' lang='lat' dir='ltr'>Vienna,</span> <span class='ocrx_word' id='word_1_191' title='bbox 1275 2751 1426 2816; x_wconf 88' lang='lat' dir='ltr'>Uestrum</span> <span class='ocrx_word' id='word_1_192' title='bbox 1528 2813 1529 2861; x_wconf 31' lang='lat' dir='ltr'>p</span> 
     </span>
     <span class='ocr_line' id='line_1_24' title="bbox 305 2853 1528 2959; baseline 0.012 -43"><span class='ocrx_word' id='word_1_193' title='bbox 305 2853 455 2920; x_wconf 88' lang='lat' dir='ltr'>viderunt</span> <span class='ocrx_word' id='word_1_194' title='bbox 470 2858 683 2926; x_wconf 87' lang='lat' dir='ltr'>Maiestatem.</span> <span class='ocrx_word' id='word_1_195' title='bbox 701 2862 820 2926; x_wconf 88' lang='lat' dir='ltr'>Datum</span> <span class='ocrx_word' id='word_1_196' title='bbox 835 2862 870 2926; x_wconf 95' lang='lat' dir='ltr'>in</span> <span class='ocrx_word' id='word_1_197' title='bbox 886 2861 1002 2944; x_wconf 84' lang='lat' dir='ltr'>vigilia</span> <span class='ocrx_word' id='word_1_198' title='bbox 1017 2863 1235 2927; x_wconf 77' lang='lat' dir='ltr'>Pentecostes.</span> <span class='ocrx_word' id='word_1_199' title='bbox 1527 2899 1528 2959; x_wconf 62' lang='lat' dir='ltr'>p</span> 
     </span>
    </p>

    <p class='ocr_par' dir='ltr' id='par_1_4' title="bbox 302 2963 1527 3160">
     <span class='ocr_line' id='line_1_25' title="bbox 411 2963 1527 3056; baseline 0 -27"><span class='ocrx_word' id='word_1_200' title='bbox 411 2963 562 3030; x_wconf 82' lang='lat' dir='ltr'>Kivttl:</span> <span class='ocrx_word' id='word_1_201' title='bbox 586 2967 726 3034; x_wconf 92' lang='lat' dir='ltr'>Domino</span> <span class='ocrx_word' id='word_1_202' title='bbox 742 2989 800 3036; x_wconf 88' lang='lat' dir='ltr'>suo</span> <span class='ocrx_word' id='word_1_203' title='bbox 819 2969 941 3035; x_wconf 88' lang='lat' dir='ltr'>illustri</span> <span class='ocrx_word' id='word_1_204' title='bbox 956 2969 1039 3054; x_wconf 83' lang='lat' dir='ltr'>Regi</span> <span class='ocrx_word' id='word_1_205' title='bbox 1055 2967 1223 3052; x_wconf 82' lang='lat' dir='ltr'>Hungarie</span> <span class='ocrx_word' id='word_1_206' title='bbox 1249 2987 1307 3051; x_wconf 89' lang='lat' dir='ltr'>pro</span> <span class='ocrx_word' id='word_1_207' title='bbox 1333 2964 1422 3029; x_wconf 86' lang='lat' dir='ltr'>Nion·</span> <span class='ocrx_word' id='word_1_208' title='bbox 1526 2987 1527 3056; x_wconf 68' lang='lat' dir='ltr'>l</span> 
     </span>
     <span class='ocr_line' id='line_1_26' title="bbox 302 3067 945 3160; baseline 0.012 -27"><span class='ocrx_word' id='word_1_209' title='bbox 302 3067 356 3134; x_wconf 91' lang='lat' dir='ltr'>lao</span> <span class='ocrx_word' id='word_1_210' title='bbox 373 3077 490 3154; x_wconf 88' lang='lat' dir='ltr'>nepote</span> <span class='ocrx_word' id='word_1_211' title='bbox 506 3073 604 3138; x_wconf 90' lang='lat' dir='ltr'>Weob</span> <span class='ocrx_word' id='word_1_212' title='bbox 622 3095 720 3160; x_wconf 89' lang='lat' dir='ltr'>super</span> <span class='ocrx_word' id='word_1_213' title='bbox 736 3082 819 3143; x_wconf 82' lang='lat' dir='ltr'>terra</span> <span class='ocrx_word' id='word_1_214' title='bbox 830 3075 945 3144; x_wconf 86' lang='lat' dir='ltr'>Soenn.</span> 
     </span>
    </p>
   </div>
   <div class='ocr_carea' id='block_1_3' title="bbox 304 3279 1420 3433">
    <p class='ocr_par' dir='ltr' id='par_1_5' title="bbox 304 3279 1420 3433">
     <span class='ocr_line' id='line_1_27' title="bbox 304 3279 1420 3356; baseline 0.004 -23"><span class='ocrx_word' id='word_1_215' title='bbox 304 3279 445 3346; x_wconf 65' lang='lat' dir='ltr'>(amoene</span> <span class='ocrx_word' id='word_1_216' title='bbox 459 3283 635 3354; x_wconf 71' lang='lat' dir='ltr'>bb&#39;rhlrtydn,</span> <span class='ocrx_word' id='word_1_217' title='bbox 654 3305 671 3340; x_wconf 82' lang='lat' dir='ltr'>a</span> <span class='ocrx_word' id='word_1_218' title='bbox 684 3287 829 3355; x_wconf 74' lang='lat' dir='ltr'>alrpeosdt</span> <span class='ocrx_word' id='word_1_219' title='bbox 842 3293 974 3344; x_wconf 77' lang='lat' dir='ltr'>elrssuett</span> <span class='ocrx_word' id='word_1_220' title='bbox 985 3311 992 3356; x_wconf 86' lang='lat'><strong>;</strong></span> <span class='ocrx_word' id='word_1_221' title='bbox 1005 3309 1021 3344; x_wconf 78' lang='lat' dir='ltr'>a</span> <span class='ocrx_word' id='word_1_222' title='bbox 1035 3292 1119 3344; x_wconf 84' lang='lat' dir='ltr'>budai</span> <span class='ocrx_word' id='word_1_223' title='bbox 1133 3293 1185 3344; x_wconf 81' lang='lat' dir='ltr'>hir.</span> <span class='ocrx_word' id='word_1_224' title='bbox 1198 3293 1321 3344; x_wconf 79' lang='lat' dir='ltr'>kamarai</span> <span class='ocrx_word' id='word_1_225' title='bbox 1342 3287 1420 3338; x_wconf 68' lang='lat' dir='ltr'>levil-</span> 
     </span>
     <span class='ocr_line' id='line_1_28' title="bbox 809 3379 916 3433; baseline 0.009 -2"><span class='ocrx_word' id='word_1_226' title='bbox 809 3379 916 3433; x_wconf 78' lang='lat' dir='ltr'>trirbau.</span> 
     </span>
    </p>
   </div>
   <div class='ocr_carea' id='block_1_4' title="bbox 755 3661 967 3676">
    <p class='ocr_par' dir='ltr' id='par_1_6' title="bbox 755 3661 967 3676">
     <span class='ocr_line' id='line_1_29' title="bbox 755 3661 967 3676; baseline 0.024 -5"><span class='ocrx_word' id='word_1_227' title='bbox 755 3661 967 3676; x_wconf 63' lang='lat' dir='ltr'>fl——nn-u-</span> 
     </span>
    </p>
   </div>
   <div class='ocr_carea' id='block_1_5' title="bbox 0 0 1578 5166">
    <p class='ocr_par' dir='ltr' id='par_1_7' title="bbox 0 0 1578 5166">
     <span class='ocr_line' id='line_1_30' title="bbox 0 0 1578 5166; baseline 0 9"><span class='ocrx_word' id='word_1_228' title='bbox 0 0 1578 5166; x_wconf 95' lang='lat' dir='ltr'> </span> 
     </span>
    </p>
   </div>
  </div>
 </body>
</html>
