3138 5164
342 473 498 561 tinentiis,
516 474 691 560 exquibus
708 473 882 542 Nobilibus
900 473 993 540 multi
1009 479 1124 559 postea
1139 473 1209 540 nati
1235 475 1313 539 sunt
1322 471 1460 556 Nobiles,

343 588 633 667 praesentaverunt
648 603 683 650 se
698 581 861 666 Majestati
886 581 1029 647 Nostrae
1043 601 1125 648 unus
1142 600 1201 666 pro
1228 577 1357 646 familia
1380 577 1461 644 missi

343 709 364 754 a
380 687 434 773 Sp.
450 709 509 755 suo
526 689 650 758 Oomite
666 689 825 775 Vajvoda,
840 688 861 754 J
864 687 1010 755 udieibus
1027 695 1060 756 et
1075 687 1117 753 ab
1134 689 1289 754 universo
1307 707 1366 754 suo
1382 685 1457 754 Con·

343 797 418 863 silio
434 791 478 862 ad
493 796 693 865 dedieandos
710 796 856 882 seipsos,
869 795 953 862 filios
969 801 1001 862 et
1011 795 1196 860 universum
1206 813 1300 860 suum
1315 795 1460 880 ‚populum

342 903 507 989 Majestati
523 905 661 970 Nostrae
677 924 750 970 oum
767 902 960 994 conditione,
979 901 1066 985 quod
1081 901 1143 986 ipsi
1154 901 1187 967 in
1203 920 1317 966 eorum
1328 900 1462 968 Consilio

342 1011 483 1078 debeant
498 1031 609 1077 ereare
625 1011 783 1079 Comitem
801 1009 994 1095 Vajvodam,
1027 1011 1048 1076 J
1051 1009 1168 1096 udices,
1186 1009 1371 1094 provisores
1384 1008 1462 1075 saui-

341 1118 419 1184 tatis
436 1125 468 1184 et
482 1119 680 1186 Justitierem
697 1114 753 1204 (l),
770 1121 801 1183 et
811 1115 966 1202 judieare
981 1117 1016 1182 in
1032 1115 1194 1182 criminali
1208 1123 1240 1182 et
1255 1115 1346 1182 eivili
1362 1131 1463 1196 musa,

343 1231 375 1291 et
389 1224 499 1292 faeere
508 1225 635 1308 judicia
648 1211 787 1292 alterius
804 1230 942 1291 naturae
967 1224 1145 1292 seeundum
1170 1244 1280 1291 eorum
1304 1230 1463 1289 eonsuetu-

343 1331 436 1398 dines
452 1337 484 1398 et
499 1332 607 1416 leges,
624 1338 657 1399 et
673 1351 838 1416 uunquam
854 1330 995 1397 debeant
1011 1334 1137 1399 solvere
1152 1331 1255 1398 Nobis
1273 1337 1306 1396 et
1332 1329 1462 1397 subditis

342 1437 471 1506 Nostris
488 1439 641 1505 tributum
657 1439 782 1506 nullum
799 1436 840 1504 de
856 1457 966 1505 eorum
980 1437 1138 1504 fruetibus
1155 1437 1286 1521 generis
1316 1436 1463 1522 eujusris,

341 1565 403 1614 neo
417 1546 459 1612 de
474 1546 613 1630 negotiis
628 1548 662 1612 in
679 1545 748 1613 ulla
764 1546 896 1612 civitate
912 1552 944 1614 et
959 1545 1041 1612 loeis
1050 1544 1153 1628 Regni
1163 1543 1287 1629 Nostri,
1304 1563 1365 1610 nee
1380 1543 1463 1625 quid-

343 1649 420 1720 dam
436 1653 562 1722 solvere
577 1653 753 1734 herbatica,
786 1652 844 1720 sed
860 1653 926 1720 sint
940 1652 1035 1719 liberi
1061 1659 1093 1718 et
1119 1653 1281 1718 immunes
1308 1671 1330 1716 a
1356 1651 1464 1733 quovis

341 1780 461 1845 genere
476 1761 685 1845 tributorum,
702 1781 772 1827 eum
788 1760 852 1846 ipsi
870 1759 1069 1827 aeourrerint
1085 1760 1203 1825 affeetu
1218 1778 1339 1843 magno
1355 1755 1462 1824 inbel-

343 1869 376 1936 le
393 1887 466 1934 oum
482 1869 626 1935 exereitu
641 1875 752 1935 nostro
769 1874 882 1936 eontra
898 1866 1047 1935 inimicos
1068 1866 1215 1950 Nostros,
1230 1873 1265 1932 et
1289 1884 1390 1951 saepe
1415 1863 1465 1929 de-

345 1976 513 2042 monstrati
528 1977 594 2044 sint
608 1975 708 2043 fortes
724 1977 759 2043 in
775 1975 884 2060 armis,
900 1982 933 2040 et
957 1975 1148 2058 juraverunt
1163 1972 1233 2040 fore
1263 1972 1378 2039 fideles
1407 1991 1463 2055 pro
1549 2047 1550 2064 χ

344 2101 472 2168 semper
486 2081 654 2168 Majestati
671 2083 821 2148 Nostrae.
847 2080 915 2148 Nos
938 2081 1037 2164 igitur
1053 2100 1111 2164 pro
1127 2080 1282 2165 operibus
1299 2099 1407 2146 eorum
1423 2076 1467 2141 di·

229 2239 231 2244 .
344 2191 417 2273 guis
433 2189 648 2255 confirmanus
679 2189 760 2276 ipsis
776 2190 866 2272 leges
883 2207 1004 2270 omnes,
1021 2184 1280 2270 eonsuetudines,
1304 2185 1393 2251 iacta
1423 2183 1466 2247 in-

347 2298 450 2383 dulta,
468 2303 501 2363 et
515 2295 723 2364 eonoedimus
735 2297 783 2362 eis
794 2304 904 2363 tenere
918 2293 1070 2362 navicula
1084 2315 1142 2381 pro
1159 2314 1271 2362 eorum
1280 2290 1466 2375 indigentiis

346 2410 379 2470 et
395 2403 574 2490 pistatione
585 2428 593 2490 ς
606 2411 638 2470 et
648 2403 828 2470 Clementia
843 2405 963 2470 Nostra
973 2402 1122 2470 coneedit
1133 2403 1180 2470 eis
1191 2410 1303 2486 totum,
1315 2399 1401 2484 quod
1418 2419 1466 2466 su·

346 2529 405 2594 pra
422 2509 592 2594 petierunt,
611 2517 642 2576 et
653 2517 687 2576 ut
698 2509 887 2597 continetur,
901 2523 971 2575 enm
984 2515 1141 2594 perpetua
1153 2509 1397 2576 confirmatione
1406 2526 1469 2572 non

346 2615 460 2700 solum,
472 2605 642 2683 sedetiam
654 2617 863 2685 concedimus
878 2617 1049 2684 Nobilibus
1066 2615 1251 2702 praedietis,
1265 2613 1352 2698 quod
1369 2619 1467 2680 totum

300 2717 302 2720 ’
346 2723 438 2800 illud,
455 2720 570 2810 (qnod)
585 2722 729 2790 decisum
740 2726 803 2791 erit
812 2724 853 2788 ab
870 2743 982 2790 eorum
995 2723 1118 2791 Gemite
1128 2722 1289 2808 Vajvodo,
1300 2721 1322 2787 J
1324 2719 1470 2786 udieibus

346 2837 379 2896 et
395 2829 539 2898 Consilio
555 2831 733 2918 Nobilium,
751 2829 847 2898 debet
863 2851 936 2898 esse
952 2831 1087 2915 firmum,
1104 2836 1261 2914 quantum
1277 2831 1306 2896 si
1322 2849 1342 2895 a
1370 2826 1470 2893 Nobis

339 2937 523 3021 judicatum
540 2939 704 3004 essetllt
726 2937 1136 3005 eonfirmanusillis
1160 2937 1306 3005 omnia
1336 2935 1472 3022 privi-

345 3043 469 3128 legia
492 3064 710 3112 conoessa
733 3066 754 3112 a
778 3045 1100 3114 serenissimis
1123 3044 1326 3129 Regibus
1349 3043 1469 3108 Hun-

346 3151 514 3239 gariae,
532 3159 565 3220 et
574 3173 684 3220 omma
705 3153 775 3220 alia
789 3152 903 3220 habita
918 3153 1119 3238 temporibus
1130 3153 1316 3256 trausaotis,
1329 3159 1362 3219 et
1372 3159 1477 3219 totum

345 3257 378 3323 id
396 3279 455 3344 pro
472 3279 607 3344 semper,
625 3265 686 3326 et
674 3260 836 3326 munimus
852 3261 963 3344 sugillo
973 3261 1093 3328 Nostro
1103 3259 1222 3345 Regali
1231 3265 1387 3345 argenteo
1400 3279 1479 3346 pen·
1549 3305 1550 3308 =

348 3365 454 3433 dente.
471 3365 635 3432 Pristinae
651 3373 766 3450 quarto
783 3365 934 3434 Octobris
953 3369 1051 3436 1289.
1069 3366 1265 3511 Stephanus.
1293 3367 1483 3435 Ninoslaus

237 3515 240 3522 ι
349 3470 612 3562 Grabglanovioh
629 3473 839 3543 Seoretarius.

243 3651 252 3666 x
347 3599 431 3663 (Euan
444 3597 581 3667 kiviltsig
594 3602 719 3654 tltbbsrbr
742 3599 982 3674 megerbaittetett;
1004 3601 1156 3654 obvenerint
1175 3601 1400 3669 megeroeuettek
1424 3613 1483 3655 ast.

350 3689 376 3756 1)
388 3691 466 3744 11110.
484 3692 627 3744 Milloseeri
645 3694 692 3742 tia
704 3691 876 3761 Septembris,
888 3693 1040 3759 Stephanus
1050 3693 1275 3745 Cotromanoviob
1295 3695 1387 3745 Banna
1403 3693 1483 3745 Besi-

349 3793 408 3832 nae.
422 3779 454 3832 A’
465 3779 639 3847 megerbsitbs
652 3777 841 3834 hetaronottan
858 3785 962 3846 ,omnia
974 3782 1120 3849 privilegia
1133 3783 1240 3847 Regum
1253 3783 1485 3848 Huugariae“·rn

345 3869 523 3921 vonatkoailr.
549 3870 744 3922 Emllttettnek
769 3872 846 3935 ,loca
867 3881 895 3924 et
918 3875 1041 3924 eivitatea
1066 3874 1188 3923 universi
1213 3873 1336 3923 Bonatus
1362 3873 1482 3924 Nostri.‘

345 3955 373 4025 t)
386 3959 601 4012 1380.Pristinae
612 3964 675 4012 lla
686 3961 763 4023 Maii,
776 3963 927 4028 Stephanus
938 3963 1060 4015 Tvartlro
1070 3961 1128 4013 Rex
1137 3963 1395 4030 Rasaiae,Bos1nao,
1410 3963 1483 4014 Par-

346 4049 414 4098 tium
427 4051 547 4100 maritet
560 4049 746 4102 Dalmatiae.“
769 4050 951 4104 Emllttetuelr
966 4053 1042 4122 ,loca
1057 4059 1083 4104 et
1106 4055 1236 4106 civitates
1258 4054 1348 4118 Regni
1361 4049 1485 4104 nostri}1

345 4137 372 4204 3)
388 4141 466 4190 1423.
480 4141 551 4206 april
576 4141 690 4193 bitena
704 4141 1042 4212 velenozeilrbatairsuaag.
1069 4145 1101 4210 4>
1125 4145 1202 4194 1437.
1229 4147 1341 4194 martius
1371 4138 1486 4192 oo-kin

346 4228 456 4296 ,Nauae
467 4230 644 4298 Frangipani,
656 4233 777 4300 Vegliae,
792 4233 905 4300 Segusa,
920 4235 1065 4296 Modressi,
1081 4234 1203 4294 catinae,
1215 4235 1327 4295 Clissae,
1339 4229 1483 4283 Almissae

337 4316 448 4388 ¹(lomes,
461 4320 616 4372 Delmatiae
630 4329 657 4372 ot
670 4323 796 4375 croatiae
821 4321 940 4377 Banusl‘
954 4325 1028 4378 Euan
1042 4321 1218 4390 kirlltsaigok
1237 4319 1349 4389 alapjbu
1373 4316 1486 4371 bontaik

345 4409 421 4457 1440.
435 4409 514 4460 kbrlll
528 4425 545 4460 a
557 4405 730 4477 poglizzuiak
743 4415 964 4476 statutumuilrat,
978 4415 1011 4464 de
1031 4410 1088 4464 muln
1097 4409 1204 4464 boulir
1231 4413 1348 4478 nyelven
1372 4409 1407 4462 bs
1420 4409 1488 4461 ciril

343 4494 483 4558 bettllrlrel,
497 4498 643 4550 kbzabteva
655 4503 754 4553 Mesics
769 4505 803 4553 Μ.
818 4499 887 4554 titul
900 4519 917 4554 u
941 4501 996 4554 deli
1007 4499 1083 4555 saltn
1096 4501 1252 4555 t'ortbnelmi
1276 4499 1396 4554 ttlraulnt
1431 4501 1487 4550 Ar-

628 4587 812 4643 ehivumuinalr
826 4593 856 4644 V.
872 4591 1019 4646 lrbtetbben
1033 4596 1095 4654 241,
1113 4595 1153 4645 slr.
1168 4593 1210 4662 ll.)

799 4733 1013 4748 v—m-——u—-u
