3080 5160
846 266 1003 366 Q

358 472 460 538 equas
476 457 618 526 suadens
633 477 692 544 per
707 457 845 544 Tyaiam
863 455 1093 547 transnatauit,
1110 449 1256 544 pluribus
1271 459 1348 544 alijs
1372 460 1473 528 litteris

362 561 540 632 eombnstis
556 563 627 632 solo
642 563 816 651 priuilegio
832 565 911 634 Bele
925 565 1026 651 Regis
1042 567 1153 636 taliter
1167 553 1355 635 remanente
1369 592 1378 651 3
1392 585 1475 652 super
1534 651 1535 656 Ἰ

363 669 479 753 quibus
495 669 645 738 omnibus
661 668 756 739 dietis
772 671 899 740 litteras
915 671 1138 758 inquisitorias
1159 672 1399 742 chanadiensis
1427 671 1475 740 ds·

359 777 455 862 pituli
480 783 513 844 et
538 777 726 848 Orodieusis
751 777 902 867 produxit
922 782 955 848 in
971 781 1127 870 medinm,
1153 783 1321 852 veritatem
1337 802 1395 850 sue
1409 783 1477 851 reoi-

358 883 495 956 taoionis
520 883 561 955 de
585 887 683 956 verbo
706 887 750 954 ad
775 890 909 958 verbum
933 889 1153 974 eontinentes;
1198 890 1334 976 insuper
1349 897 1478 957 tenorem

359 990 523 1076 priuilegij
548 993 629 1062 Belo
645 994 745 1079 Regis
760 1015 801 1062 ex
817 997 954 1080 registro
970 997 1197 1064 waradiensis
1214 994 1359 1082 capituli
1375 995 1416 1062 de
1428 1015 1475 1062 no-

358 1105 426 1166 stro
435 1097 589 1168 mandato
600 1101 848 1190 transsariptum
859 1103 1042 1174 Gonnentos
1052 1102 1163 1172 Sancti
1179 1103 1339 1189 Stephani
1355 1103 1397 1171 de
1407 1105 1474 1170 Pro-

357 1205 517 1276 montorio
542 1207 748 1277 Waradiensi
772 1210 807 1276 in
832 1211 902 1296 suis
915 1209 1033 1279 litteris
1049 1209 1094 1278 ad
1109 1209 1240 1278 modum
1254 1211 1419 1298 priuilegij
1437 1211 1474 1278 ad

357 1313 511 1382 maiorem
521 1315 842 1386 oaotelomsimiliter
852 1318 1040 1405 Capitulum
1050 1317 1265 1388 Waradiense
1283 1325 1474 1404 hanasnmp-

356 1427 465 1492 serat:
489 1427 596 1492 umen
620 1423 725 1492 visum
740 1423 801 1492 luit
816 1425 966 1493 omnibus
981 1425 1083 1511 nohis,
1099 1435 1134 1494 rt
1149 1425 1351 1494 oonsaieneie
1375 1433 1475 1493 nostre

348 1527 606 1615 ,satissaoiamus
632 1540 666 1600 ot
688 1529 804 1616 iniqua
828 1551 888 1600 ora
912 1529 1116 1618 loquentium
1140 1551 1198 1619 per
1227 1533 1399 1600 vamtatem
1430 1532 1475 1598 oh·

356 1642 536 1704 struamus:
552 1636 639 1720 quod
654 1635 797 1722 sigillum
821 1639 987 1726 priuilegij
1016 1640 1093 1708 Belo
1107 1638 1208 1723 Regis
1224 1659 1412 1728 rumpamus
1426 1658 1478 1724 per

356 1742 496 1815 medium
520 1741 553 1808 in
570 1741 770 1814 immissione
786 1745 882 1813 seriei
899 1745 943 1812 ad
958 1745 1113 1834 sigillum,
1130 1753 1162 1813 et
1178 1745 1207 1812 si
1224 1749 1395 1813 veritatem
1410 1768 1475 1814 eon·

355 1849 468 1936 lineat,
486 1869 681 1935 quamquam
702 1849 768 1918 iam
781 1850 861 1920 satis
871 1851 958 1920 alara
973 1851 1015 1920 de
1031 1853 1167 1920 veritate
1182 1852 1225 1920 sit
1240 1853 1412 1940 probatum
1427 1871 1478 1938 per

357 1957 483 2026 litteras
502 1957 735 2045 transscriptas
759 1957 978 2028 laudabilium
994 1959 1226 2046 Capitulorum,
1243 1967 1322 2026 tune
1338 1981 1380 2026 ex
1397 1967 1481 2027 aena

357 2065 510 2149 selensis,
520 2073 617 2152 prout
627 2087 648 2134 a
657 2066 754 2134 nobis
769 2069 851 2153 petit
867 2068 1043 2153 eleganter,
1059 2070 1295 2155 oonfirmemus,
1310 2075 1345 2134 et
1359 2087 1478 2156 posses·

356 2171 467 2242 aiones
490 2169 525 2240 in
540 2171 663 2242 eisdem
688 2172 871 2262 priuilegijs
895 2175 1079 2242 nominatus
1095 2176 1137 2242 ab
1154 2174 1303 2242 omnibus
1319 2182 1481 2260 occupato

354 2278 444 2346 ribus
468 2285 502 2346 et
516 2278 741 2348 detentoribus
766 2281 954 2368 liberemus,
971 2281 1077 2350 eidem
1093 2280 1212 2350 Comiti
1228 2280 1351 2348 Thome
1368 2288 1400 2349 et
1414 2281 1477 2348 suis

354 2383 525 2454 heredibus
554 2386 738 2473 reddentes,
755 2385 892 2474 paoihee
909 2394 941 2454 et
955 2395 1114 2474 perpetuo
1130 2387 1364 2474 possidendas.
1384 2387 1481 2472 Igitur

356 2513 428 2562 enm
444 2491 526 2560 illud
542 2491 685 2577 sigillum
702 2494 913 2562 demandato
934 2500 1056 2580 nostro,
1072 2495 1280 2581 presentibus
1295 2493 1439 2560 Preletis
1453 2501 1481 2558 et

353 2598 536 2670 Beronibus
553 2600 673 2668 nostris
688 2599 850 2688 predictis,
867 2620 924 2688 per
940 2600 1099 2668 Thomam
1114 2600 1318 2688 Episcopum
1333 2601 1477 2666 Eeelesie

352 2707 532 2799 Waoiensis
564 2707 640 2774 aule
666 2713 777 2776 nostre
804 2707 1115 2776 Vioeeaneellariom
1133 2707 1272 2775 fraetnm
1290 2707 1408 2775 fuisset
1423 2725 1476 2790 per

353 2815 497 2884 medium
521 2813 554 2880 in
575 2813 657 2882 duas
673 2813 805 2899 equales
821 2803 942 2902 partes,
959 2834 1070 2882 verum
1086 2816 1121 2880 in
1138 2815 1245 2882 serioo
1263 2815 1419 2882 interiore
1433 2833 1478 2880 ss·

352 2942 429 2994 num
455 2928 488 2990 et
503 2924 629 2991 firmum
645 2920 861 3008 comperimus
877 2919 968 2988 nulla
984 2919 1132 2990 falsitate
1148 2921 1320 2990 viciosum.
1337 2923 1407 2989 Nos
1423 2922 1477 2986 ita-

351 3049 415 3117 que
424 3033 459 3101 in
469 3030 656 3100 memoriam
667 3035 858 3097 reuooantes
867 3027 950 3096 illud
958 3029 1182 3116 propheticom
1196 3054 1204 3095 :
1217 3027 1333 3116 ,Oeoli
1350 3027 1477 3096 Domini

350 3157 448 3225 super
470 3137 582 3225 iustos,
608 3144 640 3206 et
665 3157 761 3206 aures
787 3138 857 3206 eius
872 3136 906 3204 in
921 3155 1034 3224 praees
1050 3155 1162 3204 eornm
1176 3135 1204 3222 ;“
1223 3144 1256 3204 et
1270 3135 1372 3203 illud:
1391 3135 1482 3224 „Non
1519 3147 1523 3152 ·

351 3243 419 3314 ridi
437 3249 563 3333 justum
590 3244 792 3332 dereliotum,
809 3265 869 3312 nee
885 3263 999 3310 semen
1016 3245 1087 3314 eius
1103 3261 1244 3330 querens
1260 3241 1421 3331 panem“;
1440 3249 1482 3308 at-

352 3351 522 3421 ardentes
531 3351 646 3439 esiam,
656 3351 744 3436 quod
753 3369 942 3437 supremum
954 3351 990 3417 iu
1007 3351 1104 3420 rebus
1120 3351 1238 3420 bonnm
1256 3347 1484 3436 estjustieiam

351 3478 555 3546 oonseruore,
582 3466 614 3525 et
643 3457 819 3542 anianique
836 3457 984 3524 tribuere
996 3457 1082 3544 qnod
1099 3478 1191 3526 suum
1207 3477 1279 3525 esee
1295 3457 1487 3538 dinoscitur,

351 3585 412 3636 neo
435 3567 542 3634 sinere
566 3565 653 3652 quod
678 3566 849 3650 potestatis
878 3565 1021 3653 estheri,
1038 3564 1096 3634 sed
1112 3565 1201 3652 quod
1217 3585 1333 3650 equum
1360 3572 1410 3631 est
1435 3583 1487 3630 eu-

352 3673 492 3758 stodire3
517 3672 724 3759 priuilegium
739 3671 901 3758 prefatum
918 3671 975 3738 aui
1002 3673 1107 3740 nostri
1138 3657 1272 3758 gloriosi
1288 3673 1387 3756 Regis
1406 3671 1490 3738 Bele

351 3780 528 3850 laudabilis
538 3781 702 3868 memoria,
711 3800 770 3850 nee
786 3800 849 3849 non
863 3778 1009 3866 Capituli
1020 3779 1245 3848 waradiensis
1255 3787 1289 3848 et
1298 3780 1492 3848 Conuentns

349 3889 462 3958 Sanoti
477 3887 634 3978 Stephani
644 3887 919 3956 dePromontorio
936 3887 976 3954 W
986 3886 1162 3970 aradiensi,
1178 3893 1323 3956 tenorem
1339 3883 1492 3955 eiusdem

348 3995 428 4066 liele
440 3995 717 4085 Regispriuilegij
729 3996 895 4064 eontinens
906 3995 1087 4062 subnexum
1109 4003 1143 4062 et
1158 3995 1319 4062 vallatum
1335 3995 1492 4070 ventare,

347 4123 409 4174 neo
433 4105 468 4174 in
492 4105 605 4191 aliqua
630 4104 680 4173 sui
696 4110 791 4190 parte
805 4102 972 4192 violatum,
988 4103 1053 4170 imo
1070 4101 1309 4190 examinatum,
1326 4103 1417 4170 sieut
1435 4119 1492 4166 au-

346 4231 418 4280 rum
428 4210 603 4282 infomaoe
618 4216 791 4298 purgatum
805 4213 868 4297 ter,
883 4216 1093 4298 repurgatum
1111 4209 1312 4298 septuplum,
1329 4208 1370 4274 de
1380 4209 1491 4275 verbo

346 4319 547 4390 adverbum
572 4319 777 4406 presentibus
803 4315 968 4402 insertum,
994 4319 1028 4384 in
1055 4325 1199 4386 eternam
1225 4316 1274 4383 rei
1291 4317 1493 4383 memoriam

344 4427 591 4513 firmitatemque
607 4429 795 4514 perpetuam
819 4423 1016 4494 authoritate
1040 4425 1145 4512 Regia
1170 4447 1213 4498 ex
1231 4431 1320 4494 eerta
1335 4423 1494 4494 seieneia
1534 4461 1535 4506 3

285 4549 287 4552 ’
346 4534 495 4607 duximus
510 4531 774 4622 ooolirmaudum,
784 4539 974 4602 reuocantes
991 4551 1103 4603 omnes
1125 4530 1334 4622 donationes,
1353 4550 1495 4601 eonces-
