3080 5160
548 299 705 400 jea—

78 502 163 589 tiuis,
193 501 358 586 buslriuis,
384 496 500 576 vinetis
523 501 555 562 et
578 494 745 582 virgultis,
777 497 908 566 Fumad
938 509 1079 588 uocatas,
1112 523 1186 590 par·

75 611 124 675 tim
149 613 184 676 in
205 611 363 678 Comitatu
386 603 549 672 Borsiensi
580 609 612 668 et
635 605 755 688 partim
785 602 998 691 strigoniensi
1030 613 1181 677 constitu-

76 727 128 802 tas,
140 719 262 786 uicinas
278 725 309 784 et
324 715 491 796 contiguas
507 711 601 777 terris
615 718 648 776 et
663 713 922 796 possessionibus
937 717 1183 804 Archiepiseopi

76 833 103 891 et
122 825 428 912 Archiepiscopatus
458 818 689 904 strigoniensis
715 841 787 887 oum
803 823 869 888 suis
886 823 1020 914 iuribus,
1036 827 1182 894 utilitati·

75 933 126 998 bus
152 941 184 1000 et
197 931 407 1019 pertinencijs
422 927 591 1014 uniuersis,
608 929 784 996 seeundum
800 937 902 996 metas
920 940 952 998 et
967 933 1180 1003 limitaciones

74 1040 210 1125 ipsarum
221 1037 468 1126 possessionum,
484 1034 573 1102 nullo
589 1035 658 1101 iure
668 1037 701 1101 in
712 1037 833 1104 eisdem
843 1041 1101 1122 possessionibus
1112 1041 1185 1130 sibi,

74 1149 121 1214 uel
134 1147 229 1216 fratri
245 1167 305 1214 suo
319 1145 463 1234 predicto
480 1145 607 1230 penitus
624 1151 796 1232 reseruato‚
814 1145 944 1214 dedisse
961 1153 992 1215 et
1007 1151 1181 1218 tradidisse

73 1255 102 1322 in
121 1255 343 1325 concambium
368 1254 496 1322 domino
511 1251 702 1321 Lodomerio
719 1255 896 1322 venerabili
911 1259 996 1344 patri
1020 1259 1183 1346 Archiepi·

73 1384 166 1452 scopo
182 1365 405 1451 Strigoniensi,
416 1371 447 1430 et
462 1384 519 1450 per
535 1383 607 1429 eum
622 1365 690 1431 suis
707 1366 948 1433 suecessoribus
963 1367 1181 1454 Archiepisco·

73 1473 119 1558 pis
134 1481 168 1540 et
177 1473 478 1560 Archiepiscopatui
492 1471 715 1556 strigoniensi,
733 1492 824 1560 pure,
841 1475 1030 1561 simpliciter
1046 1484 1077 1543 et
1094 1477 1184 1544 abso-

72 1582 144 1666 lute,
163 1581 405 1667 innutabiliter,
424 1588 456 1647 et
471 1580 717 1648 inwariabiliter
732 1583 767 1647 in
781 1589 971 1668 perpetuum
986 1584 1082 1670 pleno
1094 1586 1164 1651 iure
1175 1608 1189 1669 i

73 1695 102 1754 et
110 1691 195 1772 quod
205 1689 247 1756 ab
258 1687 370 1756 eodem
380 1685 507 1758 domiuo
517 1687 775 1775 Archiepiscopo,
785 1689 1018 1757 interueniente
1033 1711 1183 1778 expresso

71 1815 225 1865 consensu
242 1795 466 1884 (discretorum
489 1793 643 1882 vi)rorum
659 1797 821 1881 Prepositi
837 1806 869 1864 et
884 1799 1025 1884 Capituli
1039 1797 1183 1866 Ecclesie

70 1904 308 1992 strigoniensis,
324 1912 357 1970 et
372 1903 527 1971 nobilium
543 1903 751 1988 iobagionum
766 1905 913 1974 Ecclesia
930 1927 998 1992 sue,
1015 1928 1055 1974 ex
1083 1926 1183 1973 causa

69 2015 340 2098 permutacionis,
363 2013 585 2100 possessiones
615 2012 920 2098 Arobiepiscopatus
945 2014 1183 2100 Strigoniensis,

68 2126 170 2190 terras
185 2122 369 2207 pupolatas,
394 2121 570 2188 existentes
585 2121 618 2186 in
635 2120 740 2206 Susol,
764 2121 895 2188 Loueha
919 2129 952 2189 et
966 2121 1185 2188 Poroztolnuk

67 2231 263 2318 nominatas,
276 2250 347 2296 cum
373 2229 439 2296 suis
454 2229 588 2314 iuribus,
605 2229 798 2297 utilitatibus
813 2237 846 2298 et
860 2231 1077 2320 pertinenoijs,
1093 2231 1184 2296 iuxta

66 2346 172 2406 metas
198 2349 230 2406 et
254 2338 467 2406 limitationes
484 2340 644 2423 antiquas,
669 2339 741 2422 sibi,
767 2346 872 2407 castro
888 2359 947 2408 suo
962 2345 996 2405 et
1010 2337 1184 2424 possessio-

66 2448 160 2514 nibus
177 2449 245 2515 suis
259 2455 392 2536 propter
410 2447 607 2514 vicinitatem
631 2448 789 2514 dictarum
814 2450 1053 2533 possessionum
1079 2446 1184 2532 magis

62 2556 161 2624 utiles
177 2557 351 2644 recepisset
360 2558 395 2623 in
404 2555 641 2641 concambium;
658 2555 886 2624 nichilominus
901 2555 1116 2642 personaliter
1131 2562 1179 2623 est

63 2663 242 2752 confessus,
257 2664 328 2748 sibi,
342 2664 433 2730 fratri
454 2685 519 2748 suo,
544 2671 577 2738 et
592 2665 660 2732 suis
675 2663 855 2752 heredibus,
871 2664 1092 2750 heredumque
1108 2683 1180 2731 suo·

61 2793 132 2840 rum
142 2773 382 2840 suecessoribus
392 2772 692 2840 incommutabiliter
702 2773 771 2840 iure
781 2779 937 2861 perpetuo
952 2773 1179 2860 possidendas.

62 2884 101 2946 ut
126 2884 207 2966 quia
231 2881 374 2965 predicte
397 2883 620 2969 possessiones
645 2883 791 2967 Magistri
811 2883 941 2968 Thome,
959 2891 991 2950 et
1005 2885 1115 2951 fratris
1131 2886 1181 2950 sui

57 2991 224 3076 Prepesiti
248 2991 374 3077 Vrbazi,
393 2991 520 3058 Fumod
536 2991 684 3078 superius
705 2991 875 3078 nominate,
891 2993 1045 3060 walorem
1060 2999 1092 3060 et
1108 2993 1183 3060 esti-

56 3103 242 3167 macionem
264 3101 500 3185 possessionum
525 3100 605 3168 dicti
621 3101 865 3187 Archiepiscopi
882 3101 1182 3189 etArchiepiscopa·

56 3215 108 3274 tus
136 3205 376 3294 aliquantisper
400 3207 433 3272 in
459 3207 580 3275 walore
605 3207 760 3275 excedere
790 3208 1022 3293 credebantur3
1053 3215 1184 3296 propter

56 3316 270 3400 equalitatem
295 3317 569 3402 permutacionum
599 3317 814 3402 predictarum
844 3316 1007 3403 predictus
1038 3315 1184 3384 dominus

55 3421 335 3509 Archiepiseopus
359 3423 551 3491 addiciendo
577 3423 622 3491 de
641 3427 777 3512 pecunia
792 3431 960 3491 numerata
976 3427 1185 3510 septuaginta

55 3553 187 3599 marcas
210 3531 298 3619 boni,
323 3534 378 3600 fini
405 3541 436 3600 et
451 3533 566 3618 legalis
591 3535 718 3620 argenti
734 3555 840 3602 coram
866 3534 960 3602 nobis
983 3533 1185 3618 integraliter

57 3649 88 3706 et
103 3641 181 3708 sine
198 3638 412 3708 diminucione
429 3641 533 3708 eidem
559 3645 715 3727 Magistro
732 3642 855 3709 Thome
870 3641 1039 3727 recipienti
1055 3643 1183 3710 nomine

55 3769 115 3818 suo
144 3756 181 3816 et
212 3747 321 3816 fratris
352 3752 402 3819 sui
434 3751 553 3818 Vrbazi
586 3752 746 3838 Prepesiti
774 3751 967 3818 manualiter
991 3751 1183 3818 numerauit.

54 3859 259 3926 Promittere
282 3879 341 3944 per
356 3857 566 3945 sollempnem
584 3859 830 3946 stipulacionem
856 3859 984 3926 nomine
1000 3881 1057 3926 suo
1075 3865 1108 3928 et
1121 3858 1185 3926 fra-

54 3966 113 4033 tris
130 3965 187 4032 sui
203 3965 349 4051 predicti,
376 3967 436 4032 sub
451 3973 588 4051 ypoteca
613 3967 753 4032 omnium
777 3967 932 4034 bonorum
959 3989 1096 4052 suorum,
1121 3988 1185 4034 mo-

53 4075 172 4142 bilium
201 4079 234 4138 et
256 4073 484 4160 immobilium,
516 4077 714 4160 presencium
744 4082 776 4141 et
799 4073 994 4162 futurorum,
1019 4076 1104 4161 quod
1128 4075 1185 4141 Ar-

54 4184 304 4269 cbiepiscopum
330 4190 362 4247 et
386 4183 704 4269 Arobiepiscopatum
723 4183 979 4268 Strigoniensem
996 4191 1106 4251 contra
1122 4207 1185 4253 om-

52 4284 128 4359 nem
145 4290 378 4376 inpeticioncm
395 4313 490 4379 super
511 4291 610 4358 dictis.
621 4291 889 4378 possessionibus,
900 4293 966 4358 suis
976 4291 1141 4359 laboribus
1153 4302 1185 4361 et

54 4399 216 4488 expensis
232 4399 404 4466 defendere
419 4399 629 4498 etexpedire
645 4401 710 4488 ipsi
736 4407 768 4467 et
793 4401 968 4467 eorundem
993 4399 1129 4466 heredes
1151 4400 1186 4464 in

52 4515 255 4598 perpetuum
271 4509 482 4594 tenebuntur;
504 4509 648 4595 predicto
674 4509 851 4578 venerabili
876 4514 968 4592 patre
994 4505 1077 4572 illud
1100 4505 1185 4573 idem

53 4638 158 4703 super
188 4617 257 4683 suis
281 4617 541 4704 possessionibus
567 4619 651 4685 detis
668 4621 700 4686 in
720 4617 942 4683 concambium
967 4615 1188 4700 sollempniter

99 4751 214 4790 nouum.
231 4753 311 4790 nuso.
328 4753 400 4793 srsr.
419 4765 462 4777 —-
478 4755 551 4791 nien.
569 4749 605 4792 17.
983 4723 1027 4788 24
