3140 5150
587 452 746 554 AEi„

97 647 172 716 ficio
187 648 395 736 reprehensi;
418 649 550 717 tandem
572 671 650 740 nos,
678 650 756 735 quia
781 649 816 718 id
842 649 929 735 quod
953 652 1054 720 semel
1081 651 1229 720 Ecclesie

98 755 280 844 reliquitur,
304 755 540 826 irretractabile
566 779 639 827 esse
655 757 771 842 debet,
798 757 985 842 sepedictus
1009 760 1229 846 possessiones

99 868 204 952 ipsius
221 867 311 933 Petri
327 867 373 934 sic
389 863 552 952 defuncti,
578 871 645 933 tam
671 864 908 954 hereditarias,
939 888 1036 951 quam
1062 868 1230 953 empticius

101 982 133 1042 et
149 974 319 1062 aquisitas,
342 975 426 1042 sicut
443 975 661 1062 premittitur;
696 983 728 1043 et
753 975 944 1060 specialiter
967 983 1084 1042 terram
1111 976 1230 1042 Pomaz

101 1088 270 1169 uocatum,
295 1089 328 1149 et
352 1082 517 1166 quandam
541 1083 670 1150 vineam
696 1083 842 1150 eiusdem
859 1083 893 1149 in
908 1083 1074 1151 territorio
1090 1084 1231 1150 Budensi

101 1190 315 1276 existentem,
340 1189 436 1256 simul
456 1211 527 1256 cum
547 1190 733 1258 molendino
751 1190 815 1258 sito
831 1191 865 1256 in
881 1189 1006 1258 Calidis
1022 1189 1126 1275 Aquis
1143 1191 1232 1276 apud

101 1297 239 1382 Budam‚
253 1298 295 1364 ab
312 1296 385 1384 ipso
401 1298 571 1382 Gregorio,
588 1306 621 1366 et
637 1300 679 1366 ab
695 1299 771 1385 alijs
786 1299 997 1386 quibuslibet,
1027 1299 1083 1383 qui
1109 1299 1143 1365 in
1168 1300 1230 1366 eis·

102 1403 175 1472 dem
201 1404 252 1473 ius
276 1403 397 1473 habere
412 1425 448 1472 se
463 1412 654 1492 antumant,
686 1406 882 1475 remouendo
907 1407 1098 1491 reliquimus
1124 1406 1231 1473 eidem

102 1513 250 1580 Ecclesie
264 1513 366 1580 Beate
381 1513 528 1598 Virginis
544 1521 700 1600 perpetuo
716 1514 850 1600 pacifice
865 1513 1092 1600 possidendas.
1111 1515 1231 1581 Datum

102 1618 194 1685 Bude
210 1618 294 1688 seria
313 1621 615 1706 secundoproxima
635 1628 710 1706 post
720 1621 916 1690 dominicam
926 1621 1232 1708 Ramispalmarum.

101 1801 240 1868 (Eredetie
267 1797 449 1868 bdrhdrtydm
479 1801 608 1866 melynelr
639 1797 735 1852 hdtdra
759 1805 882 1866 nyomott
905 1798 1026 1868 pecsdtje
1045 1801 1190 1866 elueszett,
1214 1817 1232 1854 a

408 1891 492 1942 budai
515 1891 565 1942 kir.
590 1892 716 1942 lramarai
737 1887 928 1958 lereltdrbau)

633 2745 708 2814 135.

106 2983 162 3050 W.
179 2983 297 3048 Iriszld
312 2980 488 3064 kirdlyuuk
504 3001 696 3066 uqyuuarra
711 2981 897 3062 constituae,
917 3005 939 3048 a
955 2981 1054 3048 dodoi
1071 2983 1240 3070 kdptadau·

292 3091 359 3156 nuk
376 3091 475 3157 ruello
493 3089 628 3156 iktutdsu‘
637 3112 812 3176 paraneto.
838 3093 936 3159 1277.
952 3091 1054 3158 klioill.

215 3321 392 3389 Ladiulaus
407 3320 470 3388 Dei
487 3319 600 3406 gracia
615 3323 685 3391 Rex
700 3321 870 3407 Hungarie
894 3320 1046 3390 fidelibus
1061 3321 1128 3388 suis
1145 3320 1240 3407 Capi-

105 3433 175 3500 tnlo
193 3429 340 3496 Budensi
356 3427 496 3496 salutem
512 3436 545 3496 et
560 3431 718 3514 graciam
744 3430 823 3498 Oum
849 3449 907 3497 nos
926 3430 1097 3498 uniuersas
1113 3449 1240 3516 posses·

105 3540 218 3606 siones
244 3534 333 3602 Petri
358 3533 418 3621 filij
446 3535 514 3602 Vua
539 3533 697 3604 heredum
713 3536 834 3604 solacio
850 3535 1008 3622 destituti,
1032 3542 1101 3604 tam
1117 3537 1241 3606 heredi·

106 3644 222 3730 terias,
247 3662 344 3726 quam
371 3643 542 3727 empticius
570 3650 602 3710 et
618 3645 803 3731 aquisitae,
842 3651 875 3712 et
912 3646 1100 3731 specialiter
1122 3653 1242 3713 terram

106 3755 229 3821 Pomaz
245 3757 405 3837 uocatam,
420 3749 596 3818 secundum
613 3752 699 3836 quod
714 3751 800 3819 idem
826 3755 941 3820 Petrus
963 3752 998 3819 in
1015 3755 1103 3820 bona
1117 3752 1241 3820 ualetu-

106 3861 197 3946 dine,
222 3879 264 3925 ex
278 3853 494 3940 permissione
510 3855 633 3924 domiui
649 3859 695 3926 St.
713 3859 801 3926 clare
816 3857 1058 3926 recordacionis
1076 3859 1153 3926 olim
1168 3857 1241 3924 illu-

106 3969 187 4036 stris
203 3967 305 4050 Regis
320 3963 491 4050 Hungarie
507 3967 611 4052 patris
635 3967 737 4035 nostri
762 3965 932 4035 karissimi
951 3967 1079 4052 legauit
1093 3963 1240 4032 Ecclesie

106 4075 213 4142 Beate
228 4069 373 4156 Virginis
391 4072 432 4140 de
447 4073 580 4162 Insula,
604 4074 687 4141 siout
702 4073 737 4139 id
753 4073 787 4140 in
803 4072 947 4142 eiusdem
962 4071 1080 4139 litteris
1094 4069 1239 4157 inspexi·

107 4203 181 4250 mus
199 4178 377 4266 contineri,
410 4176 638 4264 reliquerimus
663 4180 810 4248 Ecclesia
825 4185 1019 4248 memorate:
1043 4179 1191 4247 volumus
1208 4183 1241 4244 et

108 4287 267 4360 fidelitati
302 4292 413 4354 uestre
446 4285 639 4354 mandantes
670 4287 887 4373 precipimus,
919 4294 1079 4371 quatenus
1109 4285 1245 4353 mittatis

106 4418 211 4466 unum
244 4415 286 4462 ex
312 4391 405 4460 uobis
431 4392 535 4460 virum
549 4393 713 4480 ydoneum
736 4417 795 4482 pro
820 4393 1022 4480 testimonio,
1046 4413 1155 4461 coram
1181 4411 1245 4476 quo

106 4504 237 4574 Paulus
258 4499 462 4570 Tauarnicus
491 4508 601 4568 noster
625 4499 791 4587 predictas
816 4500 1041 4587 possessiones
1065 4498 1246 4568 reambulet

105 4609 322 4698 presentibus
339 4605 488 4676 omnibus
505 4607 736 4676 commetaneis
761 4615 794 4674 et
817 4605 954 4694 vicinis,
977 4613 1010 4674 et
1034 4613 1158 4677 statuat
1182 4607 1246 4693 ipsi

33 4791 34 4798 χ
104 4719 262 4790 Ecclesie
277 4713 505 4802 possidendas,
520 4715 779 4785 conbadiccione
794 4714 968 4786 cuiuslibet
983 4735 1048 4783 non
1068 4715 1240 4796 obstante3

1019 4821 1086 4889 13*
