3124 5158
609 236 767 334 Q

125 423 312 512 diligcnter‚
337 427 471 496 solerter
496 433 528 492 et
556 437 754 514 constanter,
781 429 987 514 oppositurus
1003 435 1035 496 te
1051 448 1175 495 murum
1191 448 1249 514 pro

127 534 223 600 domo
251 534 381 603 Domini
408 535 658 606 ascendentibus
675 557 716 604 ex
733 537 881 622 adverso,
898 545 933 602 ut
948 537 1105 604 laudabili
1121 534 1162 604 de
1178 539 1249 624 ipso

123 642 254 710 reddita
268 643 303 710 in
318 645 371 712 die
389 643 527 712 districti
543 647 703 712 examinis
721 647 855 730 ratione,
866 666 999 730 regnum
1015 647 1118 731 patris
1137 645 1250 729 eterni,

123 752 167 816 ab
192 751 318 836 origine
343 753 454 820 mundi
481 763 687 839 preparatum
715 754 848 839 clectis,
880 754 1044 839 accipias,
1070 755 1103 819 in
1129 753 1248 820 dilecta

122 858 255 926 Domini
271 861 484 928 tabernacula
499 861 694 930 letabundus
710 863 862 947 introeas,
880 869 913 927 et
931 861 1079 927 eumdem
1094 860 1152 927 tibi
1162 881 1246 927 com·

122 966 256 1034 missum
283 988 413 1052 gregem
430 969 473 1034 ad
499 971 655 1037 uberioris
683 971 790 1036 meriti
807 969 1027 1036 retributionis
1044 967 1246 1036 commodum

121 1075 323 1143 introducas.
335 1077 455 1144 Datum
470 1079 560 1164 apud
570 1079 688 1146 Urbem
699 1081 847 1147 Veterem
857 1077 900 1144 X.
911 1077 1073 1144 kalendas
1089 1076 1248 1162 Junuarii,

121 1183 335 1253 Pontificatus
349 1188 434 1254 nosti
449 1208 535 1256 anno
552 1189 666 1274 primo.

122 1420 253 1485 (Theiuer
265 1403 395 1488 dgoetom
409 1425 511 1476 Vetera
531 1426 709 1476 Monumenta
722 1423 862 1476 Slavorum
875 1419 1094 1474 Meridioualium
1113 1423 1251 1474 historiam

401 1515 579 1578 illustrantia,
592 1515 614 1569 1.
628 1517 685 1567 sot.
697 1509 783 1566 Romu
796 1515 874 1566 1863.
888 1515 931 1564 97.
945 1513 974 1580 l.)

653 2464 728 2532 218.

118 2679 279 2747 Lodomtr
294 2683 476 2768 oazterpamc‘
494 2683 640 2748 drackock
654 2683 833 2748 itdletleoele
848 2707 870 2747 u
885 2683 1016 2768 tuttay
1030 2706 1129 2752 comes
1146 2687 1245 2752 titue-

360 2793 407 2856 ae‘t
424 2791 513 2856 illese
529 2789 706 2879 ncpycdjoq
721 2791 903 2878 tdcqydban
919 2791 1016 2857 1281.

229 3022 440 3091 Lodomcrius
472 3025 684 3094 miseracione
713 3026 836 3093 Diuina
866 3027 985 3093 Sancte
1015 3027 1245 3112 Strigoniensis

123 3130 277 3198 Ecclesia
300 3128 570 3218 Archiepiscopus
609 3127 817 3216 eiusdemque
840 3133 905 3200 loci
930 3131 1044 3200 (lomes
1073 3143 1249 3221 perpetuus

119 3237 295 3324 vniuersis,
321 3239 437 3322 quibus
461 3246 630 3326 presentes
655 3239 899 3329 hostenduntur,
926 3243 1065 3309 salutem
1080 3241 1114 3307 in
1130 3244 1247 3311 salutis

116 3345 284 3432 largitore.
294 3346 347 3412 Ad
356 3345 578 3415 uniuersorum
589 3347 742 3416 noticiam
752 3356 864 3424 tenore
879 3349 1081 3434 presencium
1098 3351 1246 3419 uolumus

115 3457 310 3542 peruenire;
327 3455 500 3540 quodcum
517 3455 658 3543 Symeon
673 3456 760 3524 filius
780 3455 915 3524 Comitis
925 3459 1114 3544 Myohaelis‚
1126 3459 1244 3543 Micon,

117 3563 233 3630 Ochuz
249 3571 281 3630 et
296 3563 455 3630 Ditricum
471 3564 592 3632 liberos
619 3563 753 3633 Comitis
769 3567 893 3632 Detrici
909 3587 1007 3653 super
1023 3567 1161 3652 quodam
1176 3567 1245 3636 iure

117 3671 231 3738 debito
256 3673 325 3739 iure
346 3681 471 3760 nature,
488 3675 559 3740 siue
573 3693 670 3759 super
686 3681 802 3756 quarta
818 3673 979 3740 dominam
996 3683 1128 3741 matrem
1146 3696 1246 3763 suam,

116 3788 302 3848 consortem
327 3780 452 3848 scilicet
479 3781 614 3848 Comitis
630 3781 800 3848 Michaelis
817 3783 1033 3866 contingente,
1050 3803 1119 3849 cum
1138 3792 1246 3851 aucto·

115 3888 217 3954 ritate
231 3887 411 3954 littcrarum
427 3897 609 3956 nostrarum
627 3889 671 3955 ad
687 3891 790 3957 nostri
806 3910 942 3958 examen
958 3888 1147 3974 Consistorij
1160 3891 1245 3957 edic·

118 3997 165 4061 tis
183 3996 339 4080 legitimis
355 4005 533 4079 caecasset,
549 3996 673 4064 habene
690 3997 732 4065 ad
747 3997 1005 4084 prosequendam
1020 3999 1125 4083 ipsum
1141 3999 1243 4065 littem

116 4105 190 4170 siue
216 4111 368 4188 quartam
395 4105 508 4172 matris
533 4127 591 4173 sue
610 4105 774 4173 sufficiens
791 4107 1045 4191 procuratorium
1061 4112 1094 4173 ct
1110 4107 1244 4175 manda·

116 4221 207 4296 tum;
234 4214 298 4297 ipsi
314 4220 422 4281 tamen
438 4216 563 4300 Myeou,
582 4211 711 4280 chovu
728 4220 759 4279 et
775 4213 934 4298 Detricns,
950 4213 1025 4279 licet
1042 4213 1242 4298 aliquociens

116 4325 233 4386 nostro
258 4340 294 4387 se
319 4325 505 4408 conspectui
529 4327 819 4406 presentauerunt,
846 4327 878 4389 et
903 4323 993 4388 litem
1019 4321 1161 4406 legitime
1190 4343 1246 4410 per

117 4428 316 4512 peticionem
342 4413 461 4496 ductam
477 4431 512 4496 in
527 4429 597 4495 iure
614 4436 645 4496 et
662 4429 901 4516 responsionem
917 4431 1121 4498 subsecutam
1138 4439 1244 4499 conte·

119 4537 201 4604 etati
217 4536 350 4604 fuerunt
364 4558 473 4604 coram
488 4537 597 4622 nobis3
612 4537 666 4622 qui
682 4536 812 4622 quidem
823 4539 961 4626 Symeon
978 4540 1020 4605 ab
1035 4537 1115 4626 ipsis
1126 4539 1243 4626 Mycov
