3124 5158
794 351 954 447 -a—eo-

310 542 391 610 ville
406 543 539 612 Burhnd
555 564 577 612 a
593 543 686 612 melin
713 543 972 629 populorum-de
1003 541 1084 610 villa
1110 544 1203 610 Bana
1228 542 1369 609 finaliter
1385 549 1439 610 ler-
1483 628 1489 639 Ι

314 651 496 738 minantur;
524 652 644 720 deinde
669 650 816 737 procedit
841 651 885 719 ad
909 651 993 720 dnae
1018 652 1151 718 arborea
1175 652 1441 735 crucesignatus,
1551 629 1552 688 i

317 761 370 827 vbi
397 766 446 826 ent
472 766 558 828 meta
583 767 692 826 terrea
716 760 851 843 antiqua
884 767 916 827 et
941 762 1011 826 alia
1036 779 1142 842 noua,
1172 759 1227 825 vbi
1252 765 1339 824 mete
1363 764 1443 824 terre
1551 795 1552 848 p

318 867 510 950 populorum
529 866 680 951 Magistri
697 866 790 951 bloye
806 863 847 934 de
862 866 943 933 villa
969 868 1041 951 Igol
1060 866 1236 951 iunguntur
1252 867 1347 932 motin
1364 873 1444 934 terre

319 974 512 1057 populorum
538 970 680 1059 Capituli
702 971 853 1040 Albenaie
868 974 910 1040 de
927 973 1010 1040 villa
1025 976 1096 1040 Bon
1114 979 1304 1058 prenotata5
1331 973 1447 1040 abhinc
1551 1011 1552 1074 ,

322 1080 425 1146 tendit
450 1079 494 1146 ad
518 1086 643 1166 partem
670 1079 920 1148 meredionalcm
937 1079 1071 1148 interino
1089 1100 1147 1166 per
1162 1079 1279 1148 eiluam
1297 1100 1449 1164 magnam

218 1187 224 1200 ⁸
321 1187 364 1252 ad
380 1188 462 1253 duae
479 1193 582 1253 metae
600 1191 734 1272 terreae,
757 1187 811 1254 vbi
831 1187 933 1254 tercia
949 1193 998 1254 eat
1013 1207 1110 1270 nona,
1136 1193 1169 1253 et
1184 1187 1229 1254 ibi
1256 1193 1342 1254 mete
1367 1194 1450 1254 terre

322 1294 514 1380 populorum
540 1293 680 1381 Capituli
707 1293 859 1363 Albenoia
884 1294 925 1361 de
950 1296 1045 1362 Bnna
1066 1294 1207 1362 finaliter
1223 1295 1448 1382 terminantur,
1551 1315 1552 1370 j

322 1408 354 1468 et
369 1403 545 1486 iunguntur
561 1403 656 1472 metis
676 1411 760 1471 terre
776 1402 968 1490 populorum
993 1403 1137 1490 Capituli
1163 1402 1449 1488 chprimieneia3

261 1554 264 1562 »
321 1511 398 1576 item
416 1510 592 1594 procedens
616 1531 676 1598 per
700 1510 824 1578 eilnam·
834 1508 878 1576 ad
894 1515 1018 1596 partem
1034 1509 1225 1576 orientalem
1243 1512 1395 1595 peruenit
1409 1509 1451 1576 ad

323 1637 419 1683 vnam
436 1625 556 1684 metam
572 1625 710 1686 terream
735 1619 826 1684 iuxta
849 1618 959 1704 nam,
983 1616 1038 1684 vbi
1054 1617 1123 1684 alia
1138 1623 1187 1684 eet
1201 1637 1308 1702 ηοω
1334 1617 1450 1686 abhinc

323 1746 381 1813 per
396 1725 534 1794 eandem
559 1726 644 1794 mam
671 1727 778 1810 vergit
802 1725 844 1793 ad
864 1731 990 1810 partem
1010 1725 1256 1792 meridionalem
1273 1725 1317 1792 ad
1333 1731 1452 1791 metam

325 1841 474 1919 terream,
498 1834 554 1900 vbi
570 1833 638 1901 alia
655 1840 704 1900 eat
718 1853 823 1917 ηοω
837 1831 970 1900 -deinde
995 1831 1099 1901 tendit
1124 1832 1167 1898 ad
1194 1839 1338 1916 quatuor
1353 1839 1453 1900 metae

326 1941 498 2025 antiquae,
523 1941 578 2008 vbi
604 1941 717 2023 quinta
734 1947 783 2007 eet
798 1959 902 2022 ηοω
938 1939 1057 2005 abhinc
1084 1939 1288 2024 progreditur
1304 1941 1453 2008 similiter

327 2047 369 2112 ad
385 2052 509 2132 partem
525 2047 770 2114 meridionalem
794 2048 849 2114 vbi
869 2053 945 2114 eunt
965 2055 1031 2114 tree
1047 2053 1131 2114 mete
1146 2052 1272 2113 veteres
1290 2055 1323 2114 et
1339 2055 1452 2132 quarta

328 2175 433 2238 ηοω
458 2153 576 2222 exinde
601 2155 706 2221 tendit
731 2155 823 2222 iuxta
848 2155 984 2222 eandem
1002 2155 1089 2222 viam
1106 2153 1150 2220 ad
1166 2161 1291 2240 partem
1308 2154 1452 2221 meridio-

328 2260 436 2327 nalem
460 2260 503 2326 ad
523 2268 590 2328 tres
609 2269 712 2329 metae
729 2263 898 2348 antiquas,
924 2263 981 2329 vbi
997 2269 1116 2345 quarta
1132 2269 1182 2330 eet
1198 2281 1304 2347 noua;
1338 2262 1454 2329 abinde

329 2365 458 2432 diuertit
489 2365 532 2432 ad
562 2375 686 2452 partem
711 2367 901 2435 orientalem
927 2369 1079 2434 similiter
1097 2366 1140 2433 ad
1156 2367 1237 2436 duae
1253 2377 1359 2435 melas
1376 2371 1453 2434 anti·

329 2491 422 2558 qnae,
445 2473 499 2540 vbi
515 2475 614 2542 tercia
629 2482 679 2542 eet
695 2496 799 2560 noua;
825 2474 943 2542 abhinc
969 2475 1173 2560 procedendo
1198 2495 1313 2544 verene
1331 2483 1453 2562 partem

331 2582 521 2650 orientalem
537 2582 687 2668 peruenit
711 2583 754 2651 ad
780 2584 861 2651 duaa
881 2591 986 2651 metae
1002 2583 1172 2671 antiquae,
1203 2585 1259 2650 vbi
1282 2589 1385 2651 tercia
1409 2590 1455 2650 ent
1528 2623 1530 2626 -

332 2709 437 2772 noua;
461 2689 580 2759 deinde
591 2691 762 2776 ¹tenditad
773 2693 929 2758 orientem
945 2692 988 2760 ad
1004 2712 1157 2776 magnam
1172 2692 1258 2758 viam
1271 2711 1332 2776 per
1342 2689 1455 2758 siluam

332 2795 376 2862 ad
392 2796 534 2880 quinque
553 2805 657 2867 metae
676 2805 823 2884 veteres,
845 2799 901 2866 nbi
928 2805 1022 2867 sexta
1046 2805 1097 2866 eet
1121 2819 1226 2883 ηοω
1248 2797 1327 2865 item
1355 2796 1454 2866 eundo

334 2923 393 2989 per
407 2903 494 2972 viam
519 2905 562 2974 ad
585 2906 753 2998 meridiem
777 2907 927 2994 peruenit
952 2909 1080 2976 adrtree
1096 2911 1199 2972 metas
1215 2907 1381 2993 antiquar,
1404 2906 1454 2974 ubi

289 3021 293 3026 '
336 3020 450 3098 quarta
466 3021 516 3082 eet
531 3035 633 3098 ηοω
666 3015 783 3082 dehinc
807 3016 958 3084 similiter
976 3015 1019 3082 ad
1035 3013 1198 3081 meridiem
1224 3015 1332 3081 enndo
1348 3035 1455 3098 perne

334 3122 384 3188 nit
398 3121 442 3188 ad
459 3125 577 3188 metam
593 3122 769 3207 antiquam,
794 3125 885 3190 iuxta
904 3143 1001 3208 quam
1018 3129 1068 3190 eet
1083 3142 1188 3207 ηοω
1212 3121 1334 3189 abinde
1347 3120 1454 3188 simili·

336 3237 385 3295 ter
399 3227 442 3296 ad
457 3227 623 3296 meridiem
650 3229 754 3298 eundo
778 3231 926 3316 peruenit
950 3231 1042 3297 iuxta
1061 3249 1213 3314 magnam
1229 3230 1318 3295 viam
1337 3228 1382 3296 ad
1396 3249 1454 3294 me·

336 3343 403 3402 tam
419 3335 606 3417 antiquam,
631 3335 722 3404 iuxta
747 3356 843 3419 quam
869 3345 919 3404 eet
942 3355 1046 3420 ηοω
1069 3337 1200 3402 demum
1216 3357 1276 3422 per
1291 3336 1380 3401 niam
1396 3355 1458 3399 ma·

298 3487 302 3498 ·
338 3463 436 3526 gnam
462 3443 554 3508 vadit
578 3444 622 3510 ad
647 3444 890 3512 meridionalem
906 3449 1052 3529 partem,
1093 3449 1125 3511 et
1149 3444 1297 3530 peruenit
1313 3441 1357 3509 ad
1374 3442 1457 3508 viam

338 3569 432 3616 cruce
447 3550 627 3637 signatam,
667 3550 720 3618 vbi
745 3559 793 3619 cat
817 3559 904 3618 meta
921 3571 1039 3634 magna
1065 3558 1097 3618 et
1122 3552 1278 3636 antiqua,
1319 3559 1351 3617 et
1377 3553 1458 3615 mete

338 3657 528 3743 populorum
546 3657 689 3743 Capituli
700 3659 962 3744 Wenprimieneia
972 3659 1114 3726 finaliter
1133 3657 1355 3744 terminantur,
1371 3657 1461 3722 iuxta

339 3783 438 3848 qnam
453 3771 503 3830 eet
519 3771 605 3832 meta
620 3785 715 3848 nona,
740 3771 772 3832 ct
787 3772 872 3834 mete
899 3775 982 3832 terre
1000 3766 1190 3852 populorum
1222 3765 1263 3832 de
1293 3765 1366 3849 Igol
1392 3765 1460 3828 iun·

339 3880 461 3958 guntur
477 3873 570 3954 metio
588 3879 673 3940 terre
688 3873 881 3958 populorum
896 3873 1006 3957 Egidij
1025 3872 1066 3940 de
1080 3873 1191 3957 Rada3
1217 3878 1249 3939 ct
1269 3871 1391 3940 abhinc
1405 3891 1462 3956 per

339 3978 503 4066 publicam
521 3984 656 4047 rtratam
674 3979 840 4048 deseendit
855 3980 990 4046 inferius
1007 3978 1049 4044 ad
1065 3985 1192 4063 partem
1208 3976 1464 4063 meridionalem,

340 4088 394 4155 vbi
410 4088 444 4154 in
460 4089 573 4172 spacio
590 4093 675 4156 terre
690 4087 786 4154 trinm
803 4093 982 4154 aratrorum
1007 4086 1133 4152 nobiles
1150 4086 1287 4170 Belyud,
1311 4085 1465 4152 videlieet

341 4193 459 4262 Seruus
474 4194 537 4262 Dei
547 4247 556 4282 ,
581 4201 613 4262 et
636 4196 807 4280 Preoeptor
833 4194 874 4260 de
892 4193 989 4260 Dede
1006 4193 1261 4272 contradictores
1278 4193 1465 4276 extiterunt,

268 4339 277 4356 ·
342 4308 375 4370 et
401 4304 478 4386 qnia
492 4311 618 4372 veteres
641 4311 726 4371 mete
751 4323 816 4370 ηοη
840 4307 990 4390 poterant
1015 4301 1175 4384 inueniri,
1213 4320 1297 4368 noue
1310 4320 1376 4367 non
1392 4305 1466 4366 eunt

342 4415 468 4495 ereete;
501 4411 558 4479 aed
576 4409 781 4496 postmodum
801 4409 893 4478 iuxta
908 4404 1045 4478 eandem
1061 4427 1215 4494 magnam
1233 4407 1319 4474 viam
1335 4407 1468 4473 descen·

343 4518 423 4584 dene
439 4515 480 4583 de
495 4517 581 4584 silua
596 4517 640 4584 ad
655 4525 782 4604 partem
807 4517 1064 4602 meridionalem,
1091 4515 1125 4582 in
1142 4515 1285 4601 planicie
1303 4514 1410 4581 tendit
1424 4515 1468 4580 ad

312 4693 328 4712 ,
345 4624 427 4690 duae
443 4630 546 4690 metae
563 4624 734 4710 antiquae,
774 4625 829 4692 vbi
854 4623 954 4692 tercia
973 4631 1023 4692 eet
1038 4643 1144 4708 noua,
1183 4629 1216 4690 et
1232 4629 1281 4690 eet
1297 4629 1469 4690 commeta·
