3138 5164
309 1111 371 1179 IV.
388 1112 504 1178 Medd
518 1112 700 1196 kirotpmk
715 1111 833 1178 Zomor
847 1113 880 1176 dc
912 1109 1155 1178 Udcamokban
1180 1113 1250 1178 uso
1275 1112 1441 1178 ressbirtc-

308 1216 406 1284 dolcat
421 1221 577 1306 tdrpyozd
591 1221 729 1285 ilctotdri
749 1240 918 1304 paraneto
934 1241 974 1282 oc
997 1222 1184 1306 mterpomi
1207 1219 1440 1304 caprulanum.

309 1325 374 1393 Pet
389 1337 501 1392 mester
515 1328 704 1412 eceterpami
713 1327 849 1410 prepete
877 1326 943 1392 ίόὀό
967 1331 1128 1393 cervicose
1153 1332 1317 1394 admove.
1343 1324 1439 1392 1289.

432 1535 609 1604 Ladiulaus
639 1538 702 1603 Dei
742 1538 856 1622 gracia
885 1539 956 1604 Rex
995 1537 1141 1623 Vngurie
1181 1537 1333 1604 fidelibus
1373 1538 1441 1604 suis

311 1642 463 1728 capitolo
494 1643 712 1727 strigoniensi
747 1645 884 1710 salutmr
925 1653 957 1710 et
998 1645 1151 1728 graciam.
1183 1645 1263 1710 (ium
1303 1664 1364 1710 nos
1397 1645 1440 1710 ad

308 1748 503 1836 peticionem
520 1749 650 1816 discreti
666 1750 729 1816 viri
744 1751 895 1834 Magistri
926 1751 1023 1816 Pauli
1050 1750 1212 1837 Propositi
1241 1751 1439 1834 Strigouieu·

308 1858 354 1922 sis
385 1858 508 1941 Legum
540 1857 693 1924 Doctoris
718 1864 750 1922 et
773 1857 1036 1926 Amiuistratoris
1061 1857 1439 1944 Quinqueeeclesiarum‚
1501 1849 1505 1858 '

308 1963 415 2030 fidelis
446 1971 477 2031 et
506 1963 677 2032 familiaris
708 1965 827 2031 Clerici
858 1967 981 2032 Domus
1012 1973 1143 2050 nostre,
1168 1973 1274 2031 terras
1306 1973 1339 2030 et
1368 1985 1440 2050 pos·

308 2071 470 2140 sessiones
500 2072 633 2157 Mathey
649 2077 681 2136 et
712 2071 827 2138 Cosme
842 2072 980 2140 filiorum
996 2073 1110 2142 Mutud
1135 2075 1169 2138 iu
1194 2073 1366 2158 territorijs
1397 2072 1437 2138 de

308 2177 429 2243 Zumur
461 2185 492 2243 et
523 2178 564 2244 de
594 2177 773 2245 Vduornuk
804 2179 996 2248 constitutus
1028 2181 1100 2248 siue
1133 2179 1255 2246 herede
1285 2179 1439 2246 deceden-

309 2283 412 2369 oium,
438 2287 629 2371 Damyauo‚
660 2285 778 2369 Eudre,
811 2293 843 2352 et
858 2287 1000 2370 Georgio
1026 2289 1104 2372 filijs
1119 2289 1250 2354 Andree
1276 2288 1436 2370 primoge-

309 2391 371 2458 niti
387 2392 531 2458 eiusdem
546 2391 669 2473 Mutud,
686 2393 904 2460 seruientibus
918 2395 1023 2478 ipsius
1039 2394 1213 2478 prepositi,
1231 2395 1353 2480 pariter
1368 2413 1438 2458 oum

309 2499 427 2587 vineis,
442 2499 534 2566 siluis
550 2507 582 2564 et
597 2498 750 2566 fenilibus
767 2519 808 2565 ao
824 2499 901 2582 alijs
917 2501 1113 2568 utilitatibus
1123 2503 1202 2586 suis,
1213 2499 1397 2568 dederimus
1406 2507 1438 2566 et

310 2609 538 2676 douauerimus
556 2609 654 2692 pleno
670 2608 739 2676 iure
756 2611 798 2674 ad
809 2631 925 2677 manus
942 2620 1071 2677 nostras
1086 2611 1209 2694 Regias
1226 2612 1321 2676 iuxta
1334 2609 1439 2692 Regni

312 2717 414 2782 nostri
431 2716 696 2782 consuetudinem
712 2715 902 2800 deuolutas;
929 2719 1086 2802 volumus,
1103 2725 1136 2783 et
1159 2715 1310 2792 fidelitati
1333 2723 1439 2782 uestro

310 2824 523 2910 precipientes
539 2822 741 2906 mandamus,
771 2832 932 2906 quatenus
948 2825 1032 2892 detis
1049 2825 1273 2892 testimouium
1297 2830 1437 2891 vestrm

309 2931 482 3016 ydoneum,
499 2949 608 2998 eoram
632 2950 696 3014 quo
722 2930 908 3016 Stephanus
934 2931 1021 3000 filius
1047 2933 1178 3019 Leutm,
1196 2931 1294 2999 homo
1320 2937 1437 3008 noster,

308 3037 471 3125 predictas
487 3044 590 3105 terras
606 3044 639 3102 et
653 3040 877 3124 possessiones
892 3039 1030 3106 filiorum
1047 3039 1158 3107 Mutud
1172 3039 1250 3123 filijs
1266 3038 1346 3104 dicti
1369 3037 1437 3103 Au·

311 3147 390 3213 dree
404 3147 476 3214 siue
487 3145 571 3232 jmis
587 3145 766 3229 preiudicio
782 3146 883 3214 alieni
899 3168 973 3214 cum
988 3148 1138 3216 omuibus
1154 3149 1223 3216 suis
1239 3148 1435 3214 utilitatibus

308 3260 341 3320 et
359 3253 569 3339 pertiueuoijs
585 3259 709 3319 statuat
723 3259 754 3318 et
770 3255 927 3338 assignet,
942 3255 971 3321 si
986 3275 1051 3322 uon
1076 3255 1175 3322 tuerit
1190 3253 1435 3338 contradictum,

309 3361 563 3426 contradictores
579 3379 654 3428 vero
671 3361 699 3426 si
711 3361 767 3443 qui
783 3359 904 3427 fuerint
919 3360 962 3427 ad
977 3369 1123 3429 nostram
1138 3363 1216 3430 citet
1231 3361 1437 3428 Presenoiam

310 3468 353 3534 ad
384 3467 554 3534 terruiuum
581 3473 824 3552 competentem,
858 3475 891 3535 et
921 3468 1059 3554 posthoc
1084 3469 1170 3535 diem
1201 3467 1372 3535 eitaciouis
1402 3473 1435 3532 ct

307 3575 478 3644 terminum
494 3574 707 3663 assignatum,
725 3575 821 3642 simul
836 3595 909 3642 cum
938 3575 1018 3641 facti
1048 3575 1132 3643 serie
1164 3573 1259 3642 uobis
1290 3572 1431 3640 fideliter

308 3683 503 3750 rescribatis.
519 3683 639 3748 Datum
656 3684 690 3747 in
705 3681 801 3766 Vgad
817 3681 899 3748 feria
921 3689 1017 3750 sexta
1043 3683 1192 3770 proxima
1219 3687 1297 3748 ante
1321 3681 1437 3747 festum

311 3791 421 3860 Sancti
437 3789 567 3856 Nicolai
584 3787 788 3857 confessoris.

309 3987 359 4054 (Δι
376 3993 536 4056 csztcrgami
550 3984 740 4054 kiptalauunk
764 3987 1012 4054 ugysuis128itdri
1038 3983 1225 4050 ielautdsdbdl‚
1239 3987 1308 4036 mint
1332 3979 1436 4046 attho.)

792 4078 853 4132 tel.
864 4093 899 4128 ss.
914 4072 952 4146 ι.)
