3124 5158
336 1179 442 1264 Fotcp
461 1177 586 1260 formai
604 1176 734 1262 perpet
757 1179 789 1244 cis
803 1180 910 1264 pcipoc'
924 1179 1073 1245 tocccnek
1089 1179 1359 1267 bizocysdplccclc,
1380 1185 1450 1268 hopy

337 1282 428 1350 Chalc
453 1283 681 1370 westphali
712 1285 814 1370 Uqra'c
829 1286 954 1371 kircilyi
971 1289 1198 1354 tdruolcrceater
1223 1289 1449 1376 Esatcrpcmbon

401 1393 470 1457 lc‘ob
479 1394 647 1479 polotcijdt
666 1414 705 1458 az
721 1395 905 1479 csztcrpami
919 1395 1143 1481 tcpcatconat
1158 1397 1277 1462 elodto.
1302 1397 1393 1464 1278.

448 1589 485 1654 In
517 1587 646 1656 nominc
675 1588 795 1656 Sancte
818 1587 990 1660 Trinitatis
1015 1599 1049 1657 et
1072 1591 1247 1660 Indiuidue
1266 1590 1401 1660 Unitatis
1417 1589 1451 1655 ad

338 1703 529 1783 perpetuam
556 1695 602 1762 rei
629 1697 827 1764 memoriam.
866 1697 1039 1784 Philippus
1069 1698 1132 1765 Dei
1157 1697 1271 1784 gracia
1295 1697 1451 1765 Firmanus

339 1804 531 1890 Episcopus,
554 1802 743 1889 Apostolicc
762 1803 856 1873 Sedis
877 1805 1029 1892 Legatos,
1055 1805 1217 1874 uniuersis
1233 1805 1352 1874 Christi
1365 1805 1451 1872 ideli-

340 1913 401 1978 bus
418 1910 619 1998 presencium
645 1911 799 1978 noticiam
818 1911 978 1980 habituris
998 1913 1138 1980 salutem
1154 1913 1189 1978 in
1205 1913 1346 1980 omniurn
1361 1913 1452 1980 salua

340 2024 420 2085 tore.
445 2015 638 2085 Contractus
656 2025 820 2086 sumentes
847 2019 979 2086 inicium
1007 2019 1049 2086 ab
1069 2019 1195 2104 origine
1211 2019 1372 2104 equitatis,
1394 2037 1452 2103 pre·

342 2124 455 2191 sertim
472 2126 527 2207 qui
537 2126 572 2192 in
582 2143 712 2192 causam
724 2125 885 2194 accedunt
893 2145 951 2195 seu
961 2126 1097 2194 ueniunt
1106 2126 1253 2214 iudicati,
1270 2123 1453 2194 auctoritatis

342 2239 374 2300 et
389 2231 631 2300 ratihabitionis
663 2232 782 2301 debent
810 2252 943 2302 munere
968 2255 1008 2302 ac
1032 2234 1254 2302 munimimine
1273 2233 1402 2302 solidari
1419 2229 1454 2314 de

346 2339 460 2420 gracia
493 2338 716 2423 presidentis:
759 2360 831 2406 cum
863 2340 1086 2408 ecclesiastice
1117 2339 1337 2408 moderacioni
1371 2337 1454 2407 omui·
1540 2405 1541 2408 ,

342 2465 385 2514 no
401 2445 598 2513 conveniens
614 2445 811 2534 dinoscatur,
837 2454 873 2514 ut
892 2466 955 2531 que
974 2440 1216 2515 racionabiliter
1232 2447 1380 2515 ordinata
1394 2452 1454 2513 sunt
1540 2459 1541 2541 ᾗ

343 2559 376 2618 et
391 2551 602 2637 solempniter
626 2551 793 2638 distinata,
816 2553 907 2621 nulla
927 2553 1136 2639 imposterum
1157 2555 1381 2639 refragacioue
1395 2573 1455 2640 pos·

343 2660 428 2745 sint,
462 2659 515 2724 uel
540 2659 682 2727 debeant
698 2659 896 2745 perturbari,
921 2658 979 2728 sed
1005 2661 1089 2728 sicut
1104 2680 1163 2748 ea,
1198 2680 1261 2744 que
1281 2661 1367 2746 juris
1381 2657 1455 2727 racio

345 2765 508 2851 exigebat,
534 2767 657 2835 utiliter
673 2770 814 2853 oportuit
829 2767 989 2855 stabiliri,
1013 2769 1061 2836 ita
1076 2769 1287 2856 inposterum,
1311 2788 1372 2853 que
1381 2767 1455 2851 juste

346 2872 494 2940 distinata
525 2881 620 2962 sunt,
652 2882 815 2960 nequeant
839 2896 897 2962 per
923 2876 1067 2944 recidiue
1091 2877 1272 2962 questionis
1291 2875 1456 2961 scrupulum

346 2981 476 3047 uiolari.
504 2981 602 3052 ⁴Sane
627 2982 660 3047 in
686 2988 798 3049 nostra
817 2981 907 3051 curia
923 2981 1171 3069 presencialiter
1202 2989 1234 3048 et
1258 2981 1456 3068 personaliter

346 3088 527 3154 constitutis
558 3087 659 3156 nobili
689 3089 760 3156 uiro
786 3089 908 3172 Vgrino
935 3089 1001 3156 filio
1026 3090 1112 3158 Pous
1138 3087 1273 3156 Comitis
1299 3089 1340 3156 de
1355 3103 1457 3172 genere
1539 3149 1540 3184 ἐ

347 3191 450 3279 chat,
471 3194 628 3278 Magistro
645 3196 901 3263 Tauarnicorum
918 3195 1041 3262 domiui
1057 3193 1204 3263 Ladizlei
1218 3195 1359 3264 Illustris
1373 3191 1458 3276 Regis
1539 3199 1540 3209 ’

348 3301 490 3384 Vngarie
516 3323 557 3368 ex
583 3323 647 3370 una
673 3311 783 3388 porte,
808 3311 840 3369 et
864 3302 1011 3370 discretis
1037 3303 1117 3370 uiris
1133 3301 1301 3386 magistris
1316 3299 1458 3368 Ladialao

349 3405 581 3490 Strigoniensis
600 3415 632 3475 ct
651 3407 822 3495 Reynaldo
841 3407 951 3476 sancti
968 3407 1093 3477 Thome
1108 3408 1142 3476 in
1157 3407 1378 3475 Promontorio
1391 3404 1458 3473 Stri-

350 3513 499 3595 goniensi
516 3515 717 3601 Propositis,
739 3515 1005 3602 procuratoribus
1021 3515 1167 3583 Ecclesie
1183 3513 1410 3599 strigoniensis
1425 3530 1459 3576 er

350 3620 472 3706 altera;
497 3620 582 3687 idem
608 3622 764 3708 Magister
789 3623 932 3708 Vgrinus
951 3623 1056 3692 libera
1086 3628 1118 3688 et
1148 3621 1281 3707 propria
1299 3621 1462 3700 uoluntate,

350 3728 458 3796 sciens
474 3749 510 3797 se
525 3729 568 3796 ad
585 3729 795 3817 infrascripta
805 3749 871 3797 uon
881 3731 993 3815 teneri,
1010 3731 1067 3798 sed
1085 3751 1126 3798 ex
1142 3735 1231 3798 certa
1247 3729 1386 3798 sciencia
1400 3747 1461 3808 soa,
1538 3815 1539 3824 ἵ

351 3843 466 3922 sponte
483 3835 637 3923 uendidit,
652 3837 798 3919 tradidit,
814 3844 847 3905 et
862 3837 1031 3924 concessit,
1050 3836 1147 3923 dedit,
1162 3836 1261 3905 cessit
1277 3843 1373 3922 etque
1388 3853 1463 3901 man·
1490 3866 1491 3870 ¹
1538 3853 1539 3875 r

351 3943 452 4028 dauit,
475 3965 532 4011 seu
549 3944 738 4012 insolutum
759 3944 851 4014 dedit
870 3944 1026 4031 predictis
1041 3943 1231 4030 Prepesitis,
1257 3940 1463 4030 procuratorio

351 4051 480 4117 nomine
496 4053 600 4140 ipsius
617 4053 849 4138 strigoniensis
867 4053 1016 4121 Ecclesie
1032 4051 1264 4138 recipientibus
1280 4057 1313 4118 et
1323 4048 1463 4137 stipulen-

354 4157 439 4226 tibur
471 4181 528 4246 pro
560 4160 711 4248 Capitulo
727 4161 872 4230 eiusdem
900 4159 1136 4244 strigoniensis
1152 4159 1301 4227 Ecclesie
1317 4151 1464 4243 quoddam

354 4266 542 4354 palacium,
583 4267 670 4354 quod
695 4267 778 4336 idem
805 4269 947 4355 Vgrinus
963 4266 1107 4336 habebat
1129 4267 1163 4333 in
1179 4265 1311 4332 ciuitate
1326 4257 1465 4347 strigoni-

354 4373 424 4440 ensi
440 4394 538 4458 super
553 4376 657 4444 locum
674 4376 755 4461 lori,
779 4397 850 4443 cum
868 4375 1016 4443 omuibus
1033 4374 1192 4460 domibus,
1219 4372 1318 4458 curijs
1334 4393 1372 4440 ac
1387 4386 1465 4438 casa·
1537 4375 1538 4466 ᾗ

286 4507 289 4515 ·
357 4481 484 4568 mentis,
510 4483 620 4552 lundis
652 4491 685 4552 et
715 4483 820 4568 areis;
855 4483 908 4552 cui
924 4503 944 4550 a
959 4489 1054 4568 parte
1079 4477 1334 4567 septemtrionali
1351 4475 1466 4562 quidam

356 4588 487 4656 strictus
504 4589 593 4658 vicus
609 4589 746 4676 coheret,
771 4611 830 4675 per
848 4609 942 4675 quem
963 4589 1171 4658 descenditur
1185 4607 1288 4673 usque
1304 4585 1346 4653 ad
1362 4585 1467 4652 flumen
