3118 5158
806 307 965 408 „oo-

318 501 485 570 Colouensi
510 508 543 569 et
566 501 716 570 Johonue
742 503 930 591 spalatensi
954 501 1216 589 Arohiepisoopis
1227 554 1237 589 ‚
1273 504 1440 590 humperto

316 610 489 694 Agriensi,
513 609 640 677 Brieeio
656 609 897 697 Ghanudieuei,
922 609 984 679 Job
1000 610 1350 698 Quinqueeooiesiensi,
1372 610 1438 678 Phi·
1544 631 1545 652 ÷

315 717 404 805 lippo
414 716 588 802 Wuoiensi
600 717 674 786 uelo
690 718 821 790 domine
834 720 959 804 Regino
974 720 1133 789 consortis
1147 726 1257 788 nostre
1273 719 1439 788 enemim

316 827 532 915 (innoellurio,
548 827 650 895 Penio
663 828 904 914 Wesprimiensi
920 829 997 896 aule
1013 834 1122 896 nostre
1132 826 1346 916 Oenoellnrio,
1357 826 1440 914 'Phy-
1545 879 1546 912 3

316 942 422 1004 moteo
437 935 663 1022 Zegrebiensi,
672 933 866 1004 Lodomerio
875 935 1094 1020 waradiensi,
1111 935 1269 1022 Dyonisio
1279 935 1439 1006 Jeuriensi
1545 933 1546 940 ’

316 1049 349 1111 et
363 1043 458 1110 Petro
477 1043 713 1112 Trsnssiiueno
728 1043 911 1130 Episcopis,
939 1043 1105 1111 Ecclesiae
1121 1043 1183 1111 Dei
1209 1043 1366 1112 feliciteer
1390 1064 1441 1128 gn·

315 1151 542 1236 bernentibnr3
566 1151 716 1220 Dionisio
741 1153 895 1219 Palatino
920 1151 1043 1220 Comito
1069 1151 1109 1218 de
1125 1149 1254 1239 Oklyoh
1280 1159 1313 1218 et
1331 1151 1441 1222 Judire

316 1260 542 1346 Cumanorum,
560 1261 697 1329 Niooleo
712 1260 829 1328 Judioe
851 1260 945 1328 Ourie
966 1267 1077 1328 nostre
1093 1261 1220 1330 Gemite
1244 1261 1285 1328 de
1300 1259 1439 1344 Gneeke,

315 1369 452 1436 Herrieo
469 1369 560 1436 Bono
584 1370 689 1438 tooins
715 1368 888 1438 Soleuonie
897 1421 907 1456 ,
929 1369 1065 1438 Niooleo
1081 1368 1267 1456 Woywodu
1281 1365 1440 1438 mansuu-

315 1495 401 1544 nnno
418 1482 452 1542 et
467 1473 592 1544 Cornite
611 1475 653 1544 de
668 1475 793 1563 Zonnk,
812 1477 915 1544 Penlo
930 1478 1023 1545 Bono
1039 1475 1081 1545 do
1096 1477 1263 1564 Soeurino,
1285 1473 1441 1544 Joeehino

313 1584 468 1668 Magistro
486 1583 743 1654 Tonamioorum
768 1584 892 1654 Gemite
910 1585 951 1652 de
968 1585 1047 1672 Plys
1056 1637 1066 1673 ,
1088 1585 1260 1674 Reynoldo
1284 1585 1438 1668 Magistro

313 1690 544 1777 Depiferorum
553 1694 679 1761 Gemite
694 1692 973 1779 Zulgogenriensi,
987 1691 1127 1760 Nioolno
1143 1692 1300 1777 Magistro
1316 1692 1440 1760 Pinoer·

315 1819 449 1883 narum,
473 1799 641 1868 Herbordo
660 1799 815 1886 Megistro
840 1803 1030 1887 Agesonnm
1057 1807 1238 1868 nostrorum
1253 1798 1380 1868 Gemite
1403 1797 1442 1862 de

315 1907 456 1988 Barnun,
474 1909 567 1995 Moys
583 1911 739 1994 Magistro
757 1909 1012 1977 Teuornioornm
1031 1909 1163 1978 domine
1182 1907 1306 1994 Regino
1321 1906 1441 1974 Gemite

318 2014 523 2101 symigiensi,
539 2018 688 2086 iohanne
703 2017 828 2086 Comite
838 2017 1064 2102 supruniensi,
1082 2017 1240 2101 Gregorio
1251 2015 1377 2084 Gemite
1385 2014 1441 2082 Ge-

315 2122 373 2188 stri
384 2121 503 2212 Ferrei,
514 2125 642 2194 Deduio
658 2124 782 2193 Gemite
791 2123 988 2210 Zelediensi,
999 2127 1121 2194 Jeuobo
1132 2124 1256 2192 uomitu
1266 2119 1442 2204 Nitriensi3

314 2235 347 2296 et
361 2230 444 2316 alijs
454 2253 550 2318 qnam
575 2233 722 2319 pluribus
740 2231 921 2302 Comitatus
937 2234 1041 2324 Regni
1058 2231 1242 2301 tenentibus
1259 2232 1439 2300 ethonores.

310 2407 650 2483 (Eredetiebtirhtrtyrtu,
669 2432 686 2468 u
705 2414 861 2482 uirga-etii
882 2414 1110 2482 selyemzsinoron
1128 2417 1238 2482 fssggittt
1259 2411 1352 2482 peoett
1370 2412 1442 2463 elve-

574 2511 660 2571 snett;
679 2522 793 2558 enemo.
807 2522 931 2558 museum
945 2501 1187 2573 irenirstttribun.)

850 3133 905 3200 36.

313 3331 370 3399 IV.
389 3333 505 3400 Ldeelo
529 3333 640 3418 kirdly
655 3331 827 3400 Duronum
848 3332 1021 3419 mmo,
1037 3329 1348 3414 Duruzloufidouk,
1365 3333 1447 3398 ezel-

420 3441 547 3540 9ctlatui
555 3441 735 3526 jutaimciril
752 3441 837 3507 Rom
843 3438 951 3525 ffildet
967 3439 1216 3524 udomduyozza.
1235 3443 1333 3507 12⁷4.

420 3633 597 3703 Ledinluus
628 3637 691 3704 Dei
721 3636 835 3722 grenio
864 3633 1041 3719 Hungerie,
1071 3633 1262 3714 Delmooie,
1294 3633 1448 3720 Orouoie,

315 3745 434 3829 Reme,
460 3742 592 3830 Seruio,
618 3741 779 3830 Gellioie,
804 3741 1012 3826 Innumeris,
1042 3740 1198 3810 Cumanis
1221 3741 1450 3826 Bulgsrieqne

312 3853 382 3919 Rex
412 3849 560 3918 omnibns
591 3855 775 3936 presentem
816 3847 970 3935 peginam
1011 3848 1206 3934 inspeeturis
1236 3848 1379 3916 sulutem
1412 3849 1452 3918 in

314 3957 455 4025 omnium
471 3957 645 4026 solueture.
669 3956 737 4023 Lex
753 3963 804 4025 est
818 3956 923 4039 Regia
938 3976 959 4022 u
975 3956 1118 4023 neturuli
1143 3954 1286 4042 equitate
1311 3954 1451 4024 deseen-

312 4066 403 4151 dens,
413 4085 470 4149 pro
486 4063 612 4133 meritis
628 4063 845 4133 subieotorum
863 4064 1080 4148 lergioionum
1096 4082 1228 4131 suornm
1244 4062 1454 4149 respondere

313 4173 449 4260 premijs
476 4191 560 4258 eque
576 4173 681 4239 lenee.
705 4171 792 4240 Hine
807 4177 865 4251 est,
882 4171 968 4256 quod
986 4170 1029 4239 ed
1046 4171 1268 4240 uniuersorum
1284 4177 1352 4240 tem
1368 4193 1453 4258 pre-

312 4281 466 4365 senoium‚
490 4299 589 4364 quem
615 4278 796 4347 futurorum
821 4278 975 4346 noticiam
999 4285 1110 4346 tenore
1130 4277 1335 4364 presenoium
1352 4281 1456 4348 nolu-

314 4407 385 4456 mus
401 4387 581 4473 peruenire,
605 4387 693 4473 quod
710 4406 782 4454 oum
804 4385 963 4472 magister
977 4385 1144 4454 Duruzlou
1163 4385 1251 4452 filins
1266 4387 1456 4472 Durunlou,

311 4497 399 4563 bone
432 4495 559 4582 pollens
592 4493 704 4564 indole
727 4495 761 4561 in
786 4495 932 4580 puericie
943 4547 952 4581 ,
988 4493 1114 4562 meliori
1142 4495 1176 4561 in
1203 4491 1457 4584 edoleeoeneia,

313 4605 436 4690 optime
459 4602 494 4669 in
520 4601 699 4690 iuuentute,
726 4602 929 4687 diuersisque
953 4602 1081 4672 elurens
1107 4602 1298 4672 meritorum
1318 4601 1457 4672 uirtuti·
