3124 5158
350 1163 400 1234 Aa
415 1164 848 1253 “requerimoniam
867 1163 1150 1252 cccccccccc,
1182 1163 1265 1252 cocy
1290 1163 1382 1252 spus
1396 1163 1464 1229 rra·

672 1274 771 1342 cettei
791 1274 902 1341 secute
917 1273 1032 1340 credi.
1058 1272 1156 1340 1279.

458 1467 632 1554 Gregorius
657 1469 846 1556 Propositus
866 1475 899 1534 et
915 1467 1100 1553 Capitulum
1117 1467 1263 1536 Ecclesie
1278 1462 1463 1550 Strigonlen·
1536 1521 1537 1564 ἶ

350 1575 395 1642 ris
421 1574 569 1642 omnibns
601 1571 723 1642 Christi
748 1574 900 1643 fidelibus
932 1580 1098 1661 presentes
1126 1573 1256 1641 litteras
1285 1571 1463 1658 inspecturis

349 1681 490 1749 salutem
506 1681 540 1749 in
556 1681 705 1750 Domino.
728 1681 780 1748 Ad
806 1676 1028 1752 uniuersorum
1052 1681 1207 1749 noticiam
1223 1687 1333 1747 tenore
1347 1697 1462 1764 prcsen·
1536 1695 1537 1716 ³

350 1790 435 1855 cium
462 1788 612 1856 volumus
630 1791 801 1876 pervenire
810 1843 820 1878 ‚
842 1789 929 1875 quod
949 1809 1020 1857 cum
1035 1788 1163 1856 Pentnk
1179 1788 1266 1856 lilius
1281 1785 1414 1855 Wasard
1428 1784 1462 1850 do
1536 1767 1537 1800 ³

351 1894 434 1980 lipel
467 1895 595 1964 vineam
619 1916 711 1964 suam
726 1899 907 1984 paruulum,
930 1918 1026 1982 quam
1043 1896 1180 1965 alibero
1196 1894 1461 1979 homineemptan
1536 1975 1537 1980 ἵ

348 2000 461 2070 habuit
476 2001 510 2068 in
522 2005 604 2090 Epel
619 2005 705 2072 inter
721 2005 835 2072 vineas
851 2011 980 2074 nostras
995 2003 1029 2070 in
1045 2010 1164 2089 monte,
1188 2003 1244 2086 qni
1260 2000 1363 2088 Zylod
1377 2019 1458 2066 noca-
1536 1989 1537 2026 ³

348 2113 409 2194 tur,
433 2108 525 2178 nobis
550 2109 717 2196 reliquerit
747 2117 779 2180 et
807 2111 1049 2197 assignanerit3
1088 2129 1149 2177 nos
1174 2109 1303 2178 vineam
1319 2115 1457 2191 nostran,

349 2214 498 2283 similiter
514 2215 548 2282 in
563 2217 646 2303 Epel
666 2217 699 2284 in
715 2218 782 2288 alio
799 2224 907 2286 monte
921 2218 987 2286 Lan
1002 2221 1119 2286 noceto
1134 2236 1235 2304 supra
1249 2215 1386 2302 vineam,
1406 2233 1460 2297 qne

348 2321 512 2404 quondam
528 2322 660 2392 Doncus
676 2323 801 2412 fuerat,
834 2324 1046 2410 existentem,
1081 2341 1146 2409 que
1171 2342 1192 2388 a
1211 2329 1306 2408 parte
1320 2320 1457 2390 orientali

348 2429 478 2498 vineam
494 2436 647 2516 nostram,
665 2449 763 2515 quam
779 2431 943 2514 qnondam
954 2429 1128 2498 Marcellus
1139 2429 1308 2512 habuerat,
1327 2436 1457 2512 tangens,

349 2535 518 2604 deseendit
533 2556 646 2605 versus
662 2543 782 2604 terram
799 2537 912 2624 Vrsey,
928 2537 1014 2605 inter
1030 2538 1159 2604 vincam
1174 2536 1263 2603 Petri
1280 2535 1458 2602 deKoienna

347 2643 389 2709 ab
406 2662 471 2708 nna
486 2650 600 2730 perte,
625 2650 657 2712 et
682 2644 811 2712 vincam
830 2645 962 2713 Nicolai
978 2647 1019 2712 ab
1036 2646 1152 2732 altera,
1178 2642 1329 2710 dedimus
1345 2649 1376 2708 et
1388 2637 1456 2706 assi·

347 2749 503 2832 gnauimu
549 2748 636 2818 dioto
668 2751 795 2819 Pentuk
819 2752 852 2818 in
878 2750 1023 2836 predicte
1047 2753 1141 2818 vinee
1167 2769 1224 2818 suo
1248 2747 1455 2818 concambium

346 2864 501 2942 perpetuo
518 2857 758 2944 possidendam.
781 2861 819 2925 ln
835 2859 927 2926 ouius
942 2858 989 2925 rei
1005 2859 1203 2944 memoriam,
1219 2857 1263 2924 ad
1279 2855 1455 2942 peticionem

345 2961 463 3049 prelati
495 2965 634 3054 Pentulr,
667 2973 831 3052 presentes
853 2975 983 3034 nostras
999 2965 1215 3034 concessimus
1229 2965 1353 3032 litteras
1368 2959 1456 3045 sigili

345 3071 447 3138 nostri
464 3073 639 3142 munimine
655 3074 829 3144 roboratas.
853 3075 975 3145 Datum
991 3093 1077 3142 anno
1092 3073 1225 3142 Domini
1245 3065 1456 3138 lr000⁰uxx⁰

345 3195 439 3244 nono.

607 3307 636 3373 r
895 3307 922 3374 e
1183 3263 1333 3374 o¹

429 3511 478 3577 (Ar
491 3514 592 3567 eredeti
605 3510 672 3567 utin
685 3519 781 3570 Knenr
794 3513 912 3580 Nindor‚
931 3517 1049 3582 licerer
1063 3515 1129 3568 Sion
1142 3517 1193 3569 111.
1208 3516 1268 3570 lut.
1281 3519 1343 3568 tet.
1356 3515 1382 3583 1.)
