3126 5150
870 279 890 341 8

800 367 959 375 m-

318 491 506 556 seruorum;
530 474 684 540 Burtuam
701 494 773 540 cum
791 473 917 539 duobus
933 470 1010 558 filijs
1027 471 1106 557 suis,
1128 471 1216 536 Zurk
1236 491 1308 535 cum
1325 469 1452 538 duobus

318 579 474 646 fratribus
501 581 593 647 Gurk
621 587 653 648 et
679 583 789 649 Beden
815 579 955 663 uocatis,
979 580 1064 645 tilius
1090 577 1212 643 Thomc
1238 580 1452 664 carpentarii,

319 687 462 755 Thomas
479 687 596 757 filiolus
613 689 712 774 Petri,
739 695 772 758 et
788 688 875 757 filins
902 687 970 754 coci
988 685 1158 754 Michaelis
1179 694 1378 776 uocalorum,
1397 688 1452 771 qui

320 795 363 860 ab
385 794 456 880 ipso
472 797 594 865 Ponich
614 801 705 866 Banu
731 799 938 882 aufugerant,
964 795 1148 878 ubicunque
1174 795 1260 861 idem
1285 796 1453 881 Nycolaus

321 903 506 970 reinueniro
531 905 666 990 poterit,
693 905 727 972 in
744 904 796 972 die
813 903 1039 970 Exultacionis
1057 903 1176 969 Sancte
1193 900 1304 968 Crucis
1327 923 1384 970 sen
1408 925 1455 969 rc·

321 1009 506 1078 stitucicnis
524 1020 702 1081 castrorum
719 1019 968 1080 memoratorum
984 1010 1131 1077 restituet
1147 1009 1269 1076 Ponich
1282 1011 1375 1075 Bane
1393 1012 1454 1076 sub

320 1118 508 1186 testimonio
525 1119 668 1204 Capituli
689 1120 929 1207 prememorati.
953 1119 1019 1186 Sed
1044 1117 1073 1185 si
1089 1118 1271 1186 reiuucnirc
1298 1139 1364 1185 non
1383 1137 1453 1202 pns-

322 1231 380 1310 set,
397 1231 514 1294 extunc
530 1225 621 1295 dabit
645 1250 705 1313 pro
721 1227 844 1296 eisdem
869 1247 984 1295 nouem
1002 1225 1164 1312 capitibus
1181 1245 1348 1292 seruorum
1367 1224 1449 1293 duas
1547 1297 1551 1309 .

323 1333 509 1402 mansiones
525 1334 749 1404 libertinorum
766 1356 838 1402 cum
857 1336 914 1418 filij
932 1336 1017 1421 suis,
1043 1333 1197 1402 videlicet
1213 1333 1403 1418 Gregorium
1422 1343 1451 1401 et

324 1441 434 1527 Gurk3
459 1444 535 1510 etsi
552 1444 651 1530 ijdem
677 1445 741 1512 duo
758 1445 898 1512 libertini
916 1464 987 1510 cum
1003 1444 1082 1527 filijs
1108 1444 1268 1528 complere
1285 1461 1450 1508 nnmerum

323 1569 440 1616 nouem
467 1551 609 1634 capitum
635 1571 764 1618 snorum
791 1573 854 1618 non
875 1557 1015 1637 possent,
1040 1556 1158 1618 extunc
1179 1549 1353 1634 complebit
1369 1549 1452 1617 idem

324 1657 492 1742 Nycolans
509 1658 543 1724 in
559 1661 708 1746 pecunia,
736 1659 845 1726 claudo
872 1681 928 1744 pro
945 1658 1089 1742 quolibet
1114 1657 1220 1742 capite
1244 1664 1308 1722 tres
1327 1677 1451 1722 marcas

323 1763 459 1832 inbono
476 1771 621 1850 argento,
647 1767 696 1834 ita
721 1775 831 1833 tamen
848 1768 933 1851 quod
959 1789 1017 1852 pro
1033 1787 1096 1833 vno
1113 1785 1207 1832 seruo
1227 1771 1292 1831 tres
1310 1764 1452 1830 libertini

324 1871 521 1958 recipientur
546 1893 587 1938 ex
612 1875 812 1960 prenotatis;
837 1873 949 1941 eodem
977 1871 1030 1940 dic
1056 1875 1159 1940 eciam
1180 1873 1265 1937 idem
1286 1873 1453 1957 Nycolaus

324 1979 456 2064 iurabit,
471 1979 558 2064 quod
583 1981 624 2050 dc
639 1983 793 2068 predictis
818 2003 935 2050 nouem
962 1984 1126 2067 capitibus
1146 2001 1313 2048 seruorum
1333 1981 1452 2046 nullum

325 2087 414 2174 apud
430 2107 468 2154 se
482 2088 629 2177 baberet,
645 2110 706 2158 nec
722 2091 831 2158 celare
848 2090 948 2156 ullum
966 2096 1077 2156 contra
1094 2091 1201 2175 ipsum
1213 2089 1313 2156 Ponic
1329 2091 1452 2156 Beuum

326 2196 499 2280 quicquam
524 2217 566 2265 ex
591 2199 732 2284 eisdem;
767 2208 799 2268 ct
827 2199 1009 2285 quicunque
1040 2201 1081 2265 de
1107 2206 1213 2267 cetero
1237 2199 1279 2266 de
1304 2198 1454 2285 predictis

325 2304 429 2371 seruis
445 2305 499 2370 uel
516 2305 676 2373 libertinis
702 2309 746 2372 ab
768 2307 840 2392 ipso
857 2306 981 2374 Ponich
999 2307 1090 2372 Bano
1106 2305 1175 2372 siuc
1192 2306 1285 2390 clam,
1313 2307 1384 2373 sinc
1400 2327 1452 2391 pa-

326 2411 394 2478 lam
420 2414 465 2480 ad
491 2413 629 2480 eundern
654 2415 837 2500 Nycolaum
863 2421 1088 2496 reuerterant,
1116 2420 1236 2480 extunc
1260 2432 1388 2499 semper
1412 2412 1454 2478 ad

326 2519 423 2588 fidem
448 2541 540 2588 suam
566 2521 734 2590 restituere
759 2523 922 2588 tenebitur
947 2522 1051 2588 cidem
1075 2521 1198 2588 Ponich
1223 2522 1325 2610 Bano,
1357 2528 1390 2588 et
1415 2521 1454 2587 ab

326 2626 476 2695 omnibus
508 2629 752 2713 impetitoribus
786 2631 918 2697 cosdem
945 2635 1023 2712 aput
1048 2631 1156 2715 ipsum
1182 2629 1304 2696 Ponich
1331 2630 1455 2695 Banum

327 2733 508 2802 defensare.
533 2737 716 2823 Superque
732 2738 844 2822 eciam,
866 2760 905 2804 nc
922 2735 1106 2803 huiusmodi
1123 2737 1337 2820 obligaciouis
1354 2736 1454 2803 series

328 2843 519 2928 peripsum
545 2844 727 2930 Nyoolaum
762 2847 850 2912 facte
875 2851 987 2912 contra
1012 2844 1174 2928 prefatum
1202 2846 1302 2912 Ponic
1329 2847 1454 2912 Banum

328 2948 537 3034 aliquatenus
563 2952 699 3034 infringi
724 2954 867 3034 valeant,
892 2954 1053 3036 prenotati
1078 2953 1204 3019 nobiles
1230 2953 1291 3019 viri
1309 2953 1373 3038 ipsi
1390 2954 1455 3037 Ny·

328 3057 424 3124 colao
440 3067 586 3128 astantes
603 3061 812 3145 prestiterunt
828 3063 1057 3127 iuramentum.
1082 3062 1233 3127 Ceterum
1250 3061 1336 3127 idem
1352 3063 1456 3148 Nyco·

328 3165 402 3232 laus
426 3165 462 3232 in
488 3167 572 3235 sesto
597 3175 753 3235 annotato
778 3169 957 3253 assumpsit
982 3190 1018 3235 se
1047 3169 1196 3235 daturum
1222 3168 1331 3236 cidem
1355 3169 1456 3236 Ponic
1552 3189 1553 3204 ¹

328 3272 421 3339 Bano
437 3272 479 3340 dc
495 3275 572 3342 uino
587 3275 665 3341 anni
682 3278 844 3361 presentis
861 3278 973 3342 decem
990 3277 1130 3342 tunellas
1145 3276 1216 3342 vini
1233 3297 1304 3342 cum
1317 3276 1456 3362 tucellis,
1552 3351 1553 3360 ξ

330 3381 476 3449 cnrribns
502 3390 534 3450 et
550 3383 768 3466 quadraginta
793 3383 1016 3470 bonisensis,
1043 3404 1176 3466 quarum
1193 3385 1339 3468 quelibet
1356 3385 1456 3477 tunel·
1552 3369 1553 3454 s

230 3539 234 3548 .
330 3490 437 3556 larnm
453 3490 615 3557 continere
630 3491 727 3557 debet
743 3499 871 3558 centurn
886 3491 1020 3558 cubulos
1038 3492 1114 3558 viui.
1131 3492 1201 3557 Hoc
1217 3491 1355 3578 adiecto,
1372 3490 1457 3576 quod

332 3597 444 3679 siqua
469 3596 616 3681 parcium
641 3597 682 3663 de
697 3598 865 3684 premissis
882 3599 1030 3667 omnibus
1057 3599 1110 3666 vcl
1130 3600 1269 3684 singulis
1286 3601 1456 3685 premisso·

330 3723 400 3770 rum
415 3703 566 3792 resiliret,
583 3705 752 3773 uniuersas
768 3708 991 3791 possessiones
1016 3728 1093 3775 suas
1114 3709 1330 3775 hereditarias
1348 3716 1381 3773 ct
1396 3728 1458 3772 cm-
1552 3731 1553 3736 ¹

331 3813 453 3899 plicias
469 3814 613 3898 amittet,
640 3835 717 3899 pars
733 3820 870 3898 utraque
887 3833 923 3880 se
948 3817 991 3882 ad
1011 3816 1045 3880 iol
1061 3837 1169 3882 coram
1191 3816 1284 3882 nobis
1300 3815 1459 3899 obligauit
1552 3891 1553 3896 ἵ

331 3924 514 4006 spontanea
538 3919 717 3988 uoluntate.
751 3923 869 3987 Datum
896 3921 930 3986 in
947 3920 1111 4006 quindena
1127 3923 1240 3989 Sancti
1256 3923 1355 4008 Regis
1374 3944 1458 3990 auno

332 4028 465 4096 Domini
480 4027 593 4095 110110ο
609 4031 853 4116 septuagesimo
870 4031 1020 4098 sccumlo.

333 4207 447 4277 (Ugyan
468 4209 728 4266 aszskesfehsrvlrl
741 4209 930 4280 kaptalanualr
953 4212 1063 4263 lala-ki
1077 4208 1229 4282 (1111111161,
1244 4214 1313 4263 mint
1324 4209 1422 4274 alibb3
1444 4227 1461 4263 a
1552 4183 1553 4186 Ἴ

538 4300 640 4357 ftmslc.
654 4304 768 4370 herczeg
781 4300 931 4368 Batthyunr
945 4299 1037 4354 cuulad
1050 4299 1260 4369 levslssrsban.)
