3138 5164
875 265 941 333 440

825 353 984 366 aon—¹*

341 479 373 536 et
390 475 480 555 petet
496 467 600 534 dictes
616 484 668 532 res
684 461 726 532 de
743 461 888 548 predicto
905 441 1054 546 deposito
1073 457 1134 526 stb.
1160 454 1325 541 (eroknels
1353 456 1474 524 vissus

343 577 497 646 edettstt
513 566 809 657 seorgelmeertlr.)

222 834 229 856 ι
345 808 557 874 („Tbomesiuus
570 806 603 856 de
616 805 724 864 Seuere,
738 804 866 854 Notarius
878 801 1010 854 Publicus
1024 801 1101 852 Seeri
1110 799 1224 864 Peleeij‚
1235 805 1263 849 et
1275 797 1370 850 duculi
1380 803 1475 848 sueto-

343 903 431 960 riute,
446 902 472 946 et
482 895 597 960 Regum
607 893 716 947 Scribe⁸⁸
729 917 762 930 ·-
773 888 1018 956 lrttsolrnrlnyibbl,
1030 907 1047 942 s
1061 889 1134 942 becsi
1148 885 1267 942 cetectri
1281 888 1368 940 titlsos
1391 883 1475 936 lever-

854 979 972 1045 tirbsn.)

271 2067 273 2072 ,
350 1966 405 2032 IV.
421 1967 538 2034 maele
563 1967 754 2052 kirctpnct,
771 1965 895 2034 Nemete'
910 1970 940 2032 es
978 1967 1073 2036 lteri
1103 1967 1290 2052 bolystpelrct
1320 1965 1478 2049 torpyoso

400 2073 584 2157 udomdcyc
600 2071 663 2139 Ράὶ
679 2083 792 2138 mester·
806 2076 980 2157 oeezpre'mi
993 2077 1126 2162 prepoet
1142 2076 1306 2138 emptura.
1324 2069 1422 2136 1286.

451 2282 1005 2370 LedizleusDeigrecieHungerie,
1018 2279 1475 2369 Delmecie,(luoeeie‚llsme,

347 2391 472 2470 Seruio,
490 2389 640 2474 Gallicis,
656 2391 856 2477 Lodomerie,
873 2391 1037 2478 Epigono,
1049 2389 1269 2473 Cumanieque
1284 2389 1354 2456 Rex
1378 2387 1477 2454 omni·

349 2497 421 2581 bns,
437 2503 504 2566 tem
519 2498 736 2586 presentibus,
752 2519 849 2584 quem
864 2498 981 2568 suturis
990 2549 1000 2584 ‚
1017 2503 1184 2582 presentes
1207 2495 1335 2564 litteras
1368 2495 1475 2580 inspe-

349 2603 457 2687 cturis,
473 2601 612 2671 sulutem
637 2605 669 2670 in
696 2607 851 2690 largitore
875 2606 1002 2673 saluus.
1028 2602 1134 2683 Quum
1158 2604 1282 2687 Regum
1308 2609 1340 2669 et
1364 2600 1475 2668 mnndi

348 2707 535 2796 Principum
559 2711 745 2778 reverencie
771 2711 917 2795 congruit
941 2719 974 2777 et
1004 2710 1129 2796 honori,
1153 2717 1189 2777 ut
1213 2727 1291 2778 snos
1315 2709 1475 2776 subiectos

348 2815 509 2884 debonis
535 2817 666 2884 efficere
692 2818 850 2886 studeant
879 2837 1004 2886 summo
1020 2837 1119 2904 opere
1149 2817 1310 2903 meliores,
1336 2836 1403 2884 non
1426 2827 1497 2882 so·

349 2923 420 3002 lum
428 2930 515 2990 metu
532 2941 707 3009 penerum;
725 2945 834 2992 verum
850 2923 954 3009 megis
985 2924 1192 2992 exorteoione
1212 2924 1378 2991 uberrime
1406 2941 1475 3009 pre

349 3029 496 3117 miorurn,
520 3037 558 3096 ut
572 3032 608 3098 in
638 3031 706 3100 suis
736 3031 879 3100 illustret
910 3031 1046 3115 largicio
1062 3031 1255 3118 prinoipelis
1278 3029 1387 3098 selum
1402 3029 1475 3097 idei

348 3135 488 3221 purioris
503 3135 738 3224 munificenciis
763 3137 948 3222 donatiuis;
965 3157 1037 3204 eum
1063 3136 1163 3206 nichil
1177 3137 1258 3223 ipsis
1276 3135 1475 3204 eeusenrlnm

346 3260 421 3310 esse
436 3242 597 3330 credetur,
614 3245 730 3327 quibus
745 3245 888 3331 plurime
906 3243 1057 3313 dominus
1072 3242 1290 3325 condoneuit‚
1316 3251 1349 3312 et
1362 3243 1475 3310 multo

351 3367 421 3414 rum
439 3347 581 3418 dominic
612 3352 763 3437 protulit,
795 3371 835 3420 uo
865 3353 1001 3437 Regalis
1031 3353 1132 3420 Treui
1161 3351 1306 3436 festigiis
1336 3349 1475 3435 quodem

349 3455 444 3540 quusi
469 3454 630 3540 singulari
655 3458 877 3526 miseracionis
901 3458 1021 3527 Diuine
1045 3459 1182 3526 oonsilio
1206 3456 1401 3543 presigniuit
1423 3475 1475 3523 oc

347 3561 446 3645 culto,
461 3567 496 3629 ut
511 3561 656 3630 homene
670 3564 820 3632 condicio
835 3567 948 3651 ipsine,
964 3566 1083 3651 iugiter
1098 3585 1119 3631 e
1145 3566 1291 3650 primeuo
1323 3563 1472 3630 libertete

347 3673 464 3734 neture
479 3669 561 3751 nulli
576 3689 708 3754 prorsus
738 3672 898 3754 obnoxie,
932 3675 1057 3757 Regum
1091 3679 1122 3740 et
1152 3671 1264 3739 mnndi
1295 3668 1477 3755 Principum

349 3773 555 3844 submittatur
569 3775 704 3864 imperio
729 3779 881 3851 obnixius
904 3779 1075 3863 seruiture,
1101 3777 1249 3864 exemplo
1273 3775 1477 3844 suncfissimo

349 3881 540 3966 cumgeliee
555 3883 795 3971 aestatisque
808 3885 935 3954 maiore
959 3893 992 3952 et
1019 3885 1160 3970 plurime
1187 3883 1361 3971 pollicetur
1386 3879 1476 3946 mini·

349 3987 427 4054 stris
442 3993 477 4054 et
492 3989 593 4056 seruis
608 3990 768 4078 fidelibus,
783 3993 839 4080 qui
855 3995 890 4062 in
905 3993 975 4061 sibi
990 3992 1119 4060 truditis
1145 4011 1203 4060 sen
1229 3989 1373 4074 creditis,
1400 3988 1476 4054 lieet

348 4090 489 4162 exilibus
505 4101 538 4161 et
563 4095 705 4183 minutis,
731 4099 834 4168 zelum
851 4099 1067 4168 exbibuerunt
1098 4096 1208 4183 operis
1237 4113 1298 4180 per
1328 4095 1473 4164 effecum

349 4199 574 4286 propensioris
596 4203 773 4290 diligencie
789 4225 848 4276 seu
863 4207 939 4276 fidei
954 4207 1093 4274 illibate.
1124 4205 1212 4274 Hine
1227 4210 1287 4287 est,
1305 4200 1391 4287 quod
1407 4219 1476 4268 oum

350 4305 558 4376 honorabitis
576 4316 609 4378 et
638 4315 762 4399 peritus
787 4315 838 4382 vir
862 4313 1021 4398 Magister
1045 4313 1187 4397 Paulus,
1219 4307 1477 4394 wesprimiensis

263 4446 267 4454 ·
352 4414 550 4500 Propositus,
567 4418 690 4504 Legum
706 4423 837 4506 Ductor,
852 4421 908 4506 qui
930 4425 1040 4490 nostro
1055 4421 1179 4504 Regno,
1195 4418 1290 4484 nobis
1307 4423 1339 4484 et
1355 4411 1476 4482 Corone

351 4551 373 4596 e
387 4526 456 4598 uuis
471 4529 732 4614 progenitoribus
759 4529 971 4614 obsequiosus
1001 4527 1109 4596 extitit
1124 4533 1159 4594 et
1173 4523 1290 4610 tidelis,
1305 4543 1347 4592 ee
1362 4521 1477 4591 nocuis
