3140 5150
655 1245 745 1338 ¹rm.

143 1502 174 1569 A
191 1507 286 1571 eneae·
301 1505 528 1594 kdptalanaule
543 1503 825 1590 hr'zonyeu'pleuele,
849 1503 931 1590 hopy
952 1503 1076 1569 Zolnah
1091 1509 1269 1588 aemzetue'p-

139 1610 200 1676 beli
224 1611 383 1676 Laeserat
407 1613 438 1676 ee
462 1611 599 1677 rokosuai
626 1612 746 1697 Bepara
771 1615 800 1676 e's
828 1610 960 1676 Zotozeta
983 1617 1064 1674 aevu
1080 1607 1270 1696 feldeikaek

142 1718 360 1806 uepyedrtszdt
384 1719 583 1785 udvffltkaek
607 1718 812 1784 Erzsebetneh
838 1721 868 1784 ts
884 1718 1032 1805 farjaneh
1051 1717 1198 1782 Pe'teruek
1221 1722 1269 1783 dt-

560 1825 719 1912 eupedtdlt.
750 1829 845 1893 1276.

246 2054 431 2142 Capitulum
447 2055 593 2124 Eeelesie
619 2057 822 2126 Waehiensis
845 2057 993 2124 omnibus
1018 2055 1138 2123 Christi
1164 2054 1266 2122 fideli·
1331 2060 1334 2064 ’

140 2165 213 2250 bus,
230 2163 347 2248 quibus
363 2171 531 2252 presentes
548 2164 772 2250 ostenduntur,
793 2165 932 2232 salutem
949 2165 983 2230 in
999 2162 1140 2232 omnium
1156 2165 1266 2232 salua-

139 2279 217 2340 tore.
241 2271 293 2338 hu
319 2272 542 2340 rninersorum
566 2273 721 2340 nutiuiam
747 2279 857 2340 tenore
886 2273 1090 2356 presencium
1115 2271 1266 2338 volumus

137 2379 320 2467 peruenire,
345 2379 431 2464 quod
456 2399 565 2447 eoram
590 2381 685 2447 nubis
711 2379 894 2448 constitutis
920 2379 1081 2447 nobilibus
1113 2379 1192 2448 viris
1223 2381 1265 2447 ab
1341 2363 1344 2370 ¹

139 2507 203 2554 vna
217 2495 314 2574 parte
329 2487 522 2556 Leustaehiu
550 2486 592 2556 de
608 2508 727 2574 genere
741 2489 869 2555 Zolnuk
895 2508 954 2572 pro
980 2508 1015 2555 se
1031 2494 1062 2554 et
1087 2508 1144 2573 pro
1160 2489 1264 2558 Paulo

135 2597 238 2664 fratre
253 2617 323 2682 suu,
348 2597 444 2663 Petro
470 2617 541 2664 eum
567 2595 817 2682 consanguineis
843 2597 919 2682 suis,
944 2597 1062 2683 Pensa,
1087 2597 1182 2663 Petro
1199 2595 1264 2664 filio

139 2703 275 2770 Theneu
291 2723 349 2790 pro
366 2725 402 2771 se
418 2712 451 2771 et
466 2725 526 2791 pro
543 2705 629 2771 dieto
645 2712 738 2792 patre
753 2726 822 2792 suu,
848 2703 1014 2770 Guthardo
1030 2725 1089 2790 pro
1106 2723 1142 2770 se
1159 2712 1191 2771 et
1206 2725 1264 2790 pro

136 2811 217 2897 filijs
249 2813 317 2878 suis
343 2811 484 2894 Andrea,
509 2813 644 2901 Kemen,
669 2813 851 2900 Dominieo,
883 2810 1028 2895 Nicolao,
1060 2809 1217 2877 Ladizlao
1233 2817 1265 2876 et

135 2919 314 3006 Stephano,
339 2939 379 2986 ae
394 2940 454 3006 pro
469 2921 564 2987 Petro
581 2921 648 2988 filio
665 2921 742 2988 dieti
758 2923 893 3003 Kemen,
918 2927 950 2986 et
969 2919 1104 3006 paruulo
1118 2918 1184 2984 filio
1202 2917 1264 3004 An·

135 3027 216 3096 dree
233 3027 398 3114 annotati;
422 3030 464 3097 ab
480 3029 586 3098 altera
601 3049 676 3097 uero
693 3031 788 3097 Petro
813 3030 881 3097 filio
906 3029 1050 3113 Bulehu3
1081 3026 1168 3094 idem
1184 3025 1263 3093 Len·

133 3135 283 3204 staebius
299 3138 475 3225 proposuit,
491 3137 577 3222 qnod
593 3138 634 3206 de
651 3159 811 3207 eonsensu
827 3145 859 3205 et
874 3138 1080 3224 beneplacita
1095 3135 1263 3202 voluntate

134 3242 355 3331 predictorum
387 3247 701 3330 consanguineorum
734 3267 875 3332 suorum,
903 3253 934 3312 et
958 3245 1068 3310 fratris
1093 3241 1146 3310 sui
1176 3243 1263 3308 Petri

132 3349 305 3435 antedicti,
329 3353 498 3422 dedissent
515 3361 547 3422 et
565 3347 778 3424 eontulissent
793 3354 833 3422 de
849 3355 942 3422 terris
961 3354 1028 3422 suis
1044 3349 1263 3438 hereditarijs,

131 3479 218 3543 quas
235 3459 371 3529 haberet
386 3461 420 3526 in
437 3464 534 3529 terris
549 3463 665 3546 Bagnn
682 3469 714 3530 et
723 3463 868 3532 Zoboleh
878 3465 1013 3549 voeatis,
1030 3468 1262 3547 quartampur-

129 3575 196 3635 tem
214 3587 287 3635 enm
306 3570 373 3636 suis
390 3567 586 3638 vtilitatinns
602 3578 634 3636 et
649 3570 860 3657 pertineneijs
886 3571 987 3639 sorori
1013 3589 1071 3638 sue
1090 3565 1262 3636 Elisabeth

132 3683 164 3741 et
180 3695 302 3760 sponso
318 3695 386 3758 suo,
410 3675 525 3744 marito
541 3676 643 3764 ipsius
658 3678 843 3768 Elisabeth,
870 3681 964 3747 Petro
983 3678 1134 3747 videlieet
1150 3694 1260 3760 supra·

132 3783 221 3850 dieto
238 3783 301 3852 sibi
315 3782 522 3868 ipsorumque
537 3783 712 3854 heredibus
729 3784 926 3854 heredumue
942 3785 1183 3854 suecessoribus
1192 3785 1261 3851 iure

132 3900 293 3980 perpetuo
309 3889 550 3978 possidendam,
568 3914 625 3979 per
642 3895 823 3983 quempiam
835 3897 1021 3962 nullatenus
1031 3891 1259 3979 repetendam,

132 4001 179 4066 ita
194 4006 317 4086 tamen,
344 3999 429 4084 quud
446 4001 486 4069 de
502 3998 613 4069 eadem
630 4010 748 4085 quarta
773 4003 987 4070 Leustauhins
1004 4002 1147 4088 prefatus
1164 4001 1262 4067 dona-

128 4106 207 4174 tieia
222 4114 373 4191 quartam
389 4115 516 4192 partem
540 4130 597 4196 pro
623 4110 689 4176 alia
710 4131 820 4179 surore
845 4131 907 4179 sna
930 4110 1110 4180 resernauit
1141 4105 1258 4175 Petha.

129 4211 266 4282 Cosmus
283 4215 323 4282 de
338 4214 427 4282 Zeud
442 4236 581 4302 sponsus
597 4219 747 4303 Magistri
766 4220 909 4310 Kiliani,
936 4228 971 4288 nt
987 4219 1088 4304 dixit,
1112 4237 1170 4304 pro
1185 4217 1258 4302 ipse

127 4323 287 4406 Magistro
303 4323 434 4394 Kilianu
450 4345 558 4393 euram
575 4327 669 4395 nobis
688 4330 901 4422 constitutus,
926 4330 981 4414 qni
1005 4329 1162 4414 Magister
1179 4325 1260 4393 Kili-

127 4449 211 4498 anus
242 4431 276 4496 in
306 4453 371 4500 una
402 4440 495 4518 parte
527 4444 766 4506 eommetaneus
801 4447 885 4507 terre
918 4443 1034 4525 Bagun
1074 4457 1148 4504 esse
1181 4433 1258 4500 diei·

127 4545 199 4623 tur,
222 4539 299 4604 huie
330 4541 562 4611 condonaeioni
592 4565 760 4614 assensum
785 4549 914 4634 prebuit
938 4557 969 4616 et
994 4567 1196 4616 eonsensum.
1221 4549 1273 4614 In.

130 4646 223 4713 unius
242 4644 291 4715 rei
307 4647 528 4717 testimonium
545 4651 587 4718 ad
604 4653 796 4722 instanciam
807 4655 953 4742 parcium
963 4655 1176 4744 predictarum
1188 4677 1259 4744 pre-
