3080 5160
604 367 763 472 joe-

118 561 161 630 lis
177 561 219 628 de
233 559 382 628 iniuueta
398 559 461 629 sibi
476 561 669 650 penitencia,
682 563 858 636 dummodo
874 587 1049 639 consensus
1065 571 1244 642 Dioeesani

118 669 301 755 aeeesserit,
324 669 576 738 miserieorditer
590 673 785 742 relaxamas.
802 669 839 742 In
855 675 947 744 euius
963 679 1010 744 rei
1026 679 1245 749 testimonium

117 781 289 862 presentes
315 777 441 844 litterae
459 776 793 864 teeimus'sigillorum
808 789 988 850 nostrorum
1005 786 1180 855 munimine
1195 807 1244 856 ro·

118 883 255 950 borari
266 885 388 951 Datum
404 885 490 971 apud
508 885 625 954 Vrbem
642 888 793 956 Veterem
809 910 895 958 anno
911 892 1043 961 Domini
1070 893 1243 961 millesimo

120 991 341 1058 dueentesimo
364 990 489 1058 LXXX
496 992 584 1060 σοΙΙΙΙ
609 995 824 1065 Pontifioatus
841 997 975 1078 domiui
999 999 1130 1114 llartini
1153 1001 1244 1088 Pape

116 1095 236 1220 Quarti
252 1117 340 1166 anno
357 1105 483 1181 quarto.

208 1329 262 1396 (Aa
282 1332 383 1385 eredeti
397 1330 463 1386 utin
477 1333 574 1386 Knaur
588 1331 700 1388 illudor
712 1335 826 1404 magyer
838 1337 904 1390 Sion
917 1337 968 1392 111.
981 1341 1037 1394 lrdt
1051 1342 1112 1395 dit.
1126 1342 1157 1412 l.)

576 1657 786 1672 w
810 1667 813 1676 2

641 2187 718 2255 287.

111 2407 257 2493 Paymeai
279 2399 395 2468 l'ilmoe
418 2425 439 2468 a
464 2404 688 2490 templomrand
718 2373 1164 2491 muqyauoreedp-ezlaooniai
1178 2431 1238 2474 me-

91 2579 95 2585 ,
117 2527 197 2579 atera
224 2511 341 2577 Daseai
364 2507 622 2594 Drakdosjadooi
631 2511 821 2597 polpdrnolo
839 2511 1035 2576 Zoblatdbao
1052 2511 1241 2580 berbirtokot

514 2617 720 2702 adomctuyoa.
739 2619 837 2684 1284.

221 2851 291 2916 Nos
328 2849 425 2914 irater
461 2846 640 2934 Guillemus
672 2847 712 2915 de
742 2850 881 2936 Peymes
912 2849 1086 2918 Domorum
1117 2850 1238 2918 Milieie

111 2957 243 3042 Templi
267 2976 326 3042 per
350 2955 551 3038 Hungariam
577 2961 609 3020 et
624 2955 828 3022 Solanoniam
845 2955 1001 3040 Magister
1017 2955 1236 3040 significamus

111 3063 275 3130 uniuersis
284 3061 485 3148 preseneinm
494 3061 649 3150 notieiam
659 3060 827 3144 habituris,
845 3059 930 3144 quod
954 3081 1013 3128 nos
1036 3059 1240 3150 attendentes

111 3175 210 3253 grata
240 3173 272 3234 et
302 3167 491 3235 fidelissima
515 3165 694 3252 deuotaque
719 3167 859 3234 seruioia
884 3187 942 3252 per
962 3167 1103 3236 nobilem
1132 3167 1235 3234 uirum

109 3275 274 3342 domiuum
300 3273 420 3339 Luoem
445 3273 486 3338 de
511 3274 616 3341 Dassa
641 3275 743 3340 eiuem
768 3273 892 3359 Jadrie,
917 3275 1010 3342 nobis
1036 3275 1238 3356 etfratribus

109 3380 232 3447 nostris
256 3399 352 3464 quam
377 3380 499 3464 pluries
525 3379 671 3448 exhibita
687 3386 718 3448 et
734 3380 874 3466 inpensa
890 3386 922 3446 et
937 3379 1043 3448 adhue
1058 3381 1235 3468 inpendere

109 3509 176 3554 uon
202 3485 341 3556 dessinit
356 3487 554 3554 incessanter
580 3487 622 3554 de
645 3487 699 3554 die
723 3488 756 3554 in
782 3489 878 3572 diem,
904 3488 1007 3573 primo
1031 3489 1238 3556 considerata

110 3596 251 3662 utilitate
275 3593 485 3681 proiectoque
500 3597 625 3663 Domus
656 3603 775 3681 nostre,
796 3595 1037 3662 communiente
1053 3597 1189 3664 oonsilio
1205 3603 1239 3662 et

108 3721 248 3770 assensu
259 3701 447 3769 dileetorum
466 3703 499 3767 in
516 3699 644 3769 Christo
660 3702 797 3770 fratrum
812 3709 1001 3786 nostrorum,
1018 3702 1130 3769 fratris
1146 3703 1236 3769 Petri

108 3808 150 3874 de
173 3809 315 3894 Beizeyo
345 3809 637 3893 Viee-Preoeptoris
653 3808 688 3875 in
703 3807 867 3895 Auramia,
885 3807 995 3875 fratris
1011 3808 1159 3896 OliueriJ‘,
1175 3807 1238 3874 ira·

108 3917 169 3983 tris
184 3915 318 4002 Thome,
334 3915 445 3983 fratris
464 3915 623 3994 ,Iohannis
648 3917 690 3982 de
713 3916 801 4001 Foys
819 3914 853 3981 in
868 3913 1007 3982 Zablata
1022 3915 1235 4000 Preeeptoris,

105 4023 222 4090 fratris
247 4021 415 4090 Johannis'
433 4021 476 4089 de
499 4023 606 4109 Athys
620 4023 821 4110 Preeeptoris
838 4023 956 4107 palaeij
973 4020 1014 4089 de
1029 4020 1186 4088 Auramia
1202 4021 1236 4086 in

106 4131 281 4198 maritimis
306 4134 527 4218 existenoium,
557 4133 721 4215 quandam
746 4133 940 4218 particulam
963 4139 1049 4199 terre
1065 4137 1175 4198 nostre
1190 4132 1238 4194 in-

106 4238 242 4326 eultam,
252 4239 432 4307 desolatam
443 4246 628 4326 struerem,
641 4239 780 4308 sitamin
797 4240 958 4309 territorio
971 4245 1080 4306 nostro
1099 4237 1140 4305 de
1156 4237 1238 4303 Zab·

105 4347 178 4412 lata
187 4345 394 4428 Poakaligna
403 4355 565 4432 uocatam,
575 4349 658 4414 sieut
673 4349 877 4414 continuatur
894 4381 1178 4395 —————
1195 4339 1239 4407 ad

105 4473 208 4538 mare,
220 4460 253 4519 et
270 4471 371 4536 usque
388 4454 430 4520 ad
445 4453 592 4540 predium
608 4454 649 4520 de
665 4454 812 4544 Zablatp,
830 4473 901 4520 eom
918 4453 1015 4520 eertis
1031 4451 1138 4536 ipsius
1155 4457 1238 4514 terre

105 4561 263 4645 terminis,
289 4563 402 4647 pratis,
426 4562 538 4646 vineis,
565 4562 707 4646 paseuis,
722 4561 903 4648 arboribus,
920 4560 1017 4626 terris
1033 4557 1128 4624 oultis
1143 4563 1176 4624 at
1192 4557 1241 4620 in·

106 4669 203 4737 eultis
231 4667 390 4757 dedimus,
407 4671 651 4752 assignauimus
683 4677 715 4735 et
732 4669 990 4737 confirmauimus
1009 4665 1094 4733 dioto
1110 4663 1238 4731 domiuo
1339 4713 1342 4719 .

919 4791 921 4802 ’
1013 4773 1077 4841 26*
