3126 5150
818 381 861 459 to

385 580 421 673 2)
444 585 568 654 Amiois
584 585 868 655 suis-Reuerendis
884 586 1066 656 Conuentui
1081 586 1228 654 Eoolesis
1246 587 1287 654 de
1302 573 1405 656 daron

280 695 423 762 Jaoobus
449 693 489 761 de
514 694 636 781 Soepus
661 693 770 762 Judex
797 693 893 761 Ourie
917 700 949 761 et
979 695 1203 762 uniuersorum
1228 693 1405 762 ciuitatum

278 800 401 870 domini
425 800 583 870 Ludouioi
608 802 649 867 D.
674 822 724 886 gr.
741 802 840 886 Regis
856 803 1023 887 Hungarie
1041 803 1103 869 stb.
1128 801 1301 889 Noueritis,
1318 802 1406 886 qnod

278 909 406 978 domino
422 908 579 976 Ladizlao
595 911 686 976 Duoe
702 907 829 996 Opulye
854 907 993 995 predicti
1008 908 1111 992 Regni
1128 907 1294 993 Hungarie
1310 909 1405 976 Palo·

278 1016 345 1084 tino
369 1017 403 1082 in
428 1015 692 1100 Oongregaoione
717 1015 928 1084 Vniuersitati
954 1015 1119 1084 Nobilium
1135 1015 1208 1080 Aba
1223 1015 1349 1101 Wyusr
1372 1019 1405 1080 et

278 1123 320 1190 de
337 1123 437 1190 Serus
448 1121 668 1190 comitatuum
685 1121 769 1188 seria
784 1122 900 1206 quinta
915 1123 950 1188 in
968 1122 1093 1191 ootauis
1110 1121 1403 1207 festiAssumpeio·

277 1230 328 1296 nis
353 1229 501 1313 Virginis
528 1227 676 1296 Glorioso
701 1249 787 1296 anno
813 1228 946 1296 Domini
970 1226 1225 1295 M⁰OOG⁰LXX⁰
1239 1229 1403 1314 preteritis

277 1357 379 1425 prope
404 1337 570 1405 ciuitatem
586 1337 690 1405 (lassa
715 1337 881 1406 celebrata
905 1337 1053 1406 causales
1069 1355 1240 1424 processus
1257 1355 1402 1420 quorum·

277 1445 357 1513 libet
381 1443 584 1529 litiganoium
610 1443 813 1529 dimeeiente,
840 1443 996 1511 Nicolaus
1016 1442 1123 1510 Judex
1149 1442 1234 1508 dioto
1252 1439 1403 1508 Ciuitatis

278 1550 447 1620 (lossensis
474 1549 638 1618 demedio
664 1557 842 1619 oeterorum
869 1549 1054 1634 exurgendo
1071 1549 1130 1618 stb.
1155 1547 1192 1636 (a
1207 1552 1304 1617 utros
1320 1554 1402 1614 torit-

279 1662 360 1729 leret
383 1659 570 1744 hatarjtrss
595 1657 678 1725 alul
696 1657 911 1726 biztosittatni
926 1657 1016 1744 keri3
1039 1678 1060 1723 a
1085 1655 1165 1722 miro
1190 1659 1291 1724 nezve
1306 1675 1327 1721 a
1342 1658 1404 1721 ttr-

277 1767 394 1854 gyalts
421 1765 485 1852 „ad
501 1771 668 1851 presentes
695 1773 831 1833 ootauas
856 1765 924 1833 diei
940 1761 1116 1851 eynorum“
1133 1758 1400 1846 elhalasztutott).

276 1873 421 1941 Tandem
448 1872 529 1959 ipsis
554 1874 678 1940 oetanis
704 1871 900 1941 instantibus
927 1873 1070 1940 Jaoobus
1088 1870 1195 1939 Judex
1213 1869 1300 1936 dioto
1316 1866 1402 1934 ciui-

276 1981 355 2048 tatis
380 1987 492 2048 nostro
518 1980 735 2067 comparendo
759 1980 793 2046 in
811 1987 985 2065 conspeetu
1011 1978 1177 2064 quoddam
1192 1975 1401 2064 priuilegium

278 2086 399 2154 domini
414 2086 562 2152 Ladizlai
578 2088 666 2175 olym
682 2088 783 2173 Regis
794 2087 961 2172 Hungario
977 2107 1064 2154 anno
1080 2086 1213 2152 Domini
1228 2083 1400 2152 millesimo

277 2189 448 2258 CO⁰LXX⁰
466 2193 569 2260 teroio
602 2193 739 2277 septimo
771 2192 931 2260 kalendas
959 2193 1060 2280 Junij‚
1088 2191 1192 2276 Regni
1218 2199 1327 2260 summ
1351 2192 1402 2262 sui

278 2321 364 2368 anno
377 2299 484 2386 primo
500 2308 696 2398 emanatum,
708 2307 851 2366 tenorem
863 2298 1065 2383 quarundem
1081 2297 1262 2366 litterarum
1279 2299 1401 2368 domini

276 2405 434 2492 Stephani
461 2408 550 2493 olym
566 2405 714 2474 similiter
729 2407 830 2492 Regis
846 2407 1011 2491 Hungarie
1037 2405 1289 2490 priuilegislium
1315 2426 1400 2473 anno

277 2513 319 2579 ab
335 2514 567 2581 Inoarnaeione
582 2513 714 2580 Domini
740 2513 914 2580 millesimo
932 2513 1103 2580 CC⁰LXX⁰
1120 2521 1345 2583 emanaturum
1361 2514 1401 2583 de

277 2623 377 2688 uerbo
393 2617 437 2684 ad
454 2619 588 2687 uerbum
604 2619 851 2706 transsoriptiue
871 2628 903 2686 et
919 2620 1138 2688 confirmatius
1163 2620 1197 2686 in
1216 2641 1252 2688 se
1265 2621 1400 2710 habens,

278 2725 373 2793 nobis
383 2727 510 2791 curauit
525 2726 680 2808 exhiberi,
693 2725 849 2794 exhibens
865 2726 1036 2809 interulis,
1047 2725 1133 2810 quod
1148 2727 1234 2794 idem
1250 2726 1401 2796 dominns

276 2832 461 2917 Stephanus
475 2833 547 2900 Rex
570 2853 629 2918 pro
653 2833 864 2900 fidelitatibus
890 2840 923 2900 et
938 2833 1081 2917 seruitiis
1097 2833 1235 2900 Renoldi
1250 2836 1400 2919 Magistri

276 2935 505 3023 Dopiferorum
531 2939 633 3006 Ducis
659 2938 809 3004 Ladizlai
834 2939 892 3021 tilij
919 2939 971 3005 sui
997 2945 1030 3004 et
1055 2939 1189 3006 Comitis
1209 2939 1401 3024 Agaronum

276 3062 405 3109 suorum
430 3044 464 3109 in
490 3043 612 3111 eisdem
626 3043 742 3111 litteris
771 3041 954 3128 declaratis,
975 3043 1059 3111 inter
1075 3043 1159 3114 alias
1177 3047 1399 3131 possessiones

275 3166 333 3214 seu
349 3153 454 3217 terras
470 3149 620 3218 similiter
638 3149 673 3216 in
690 3149 812 3218 eisdem
830 3150 948 3218 litteris
965 3157 1143 3239 contentas,
1160 3151 1320 3234 quasdam
1332 3163 1400 3223 ter-

275 3273 330 3321 ras
345 3255 484 3341 Rozgon,
500 3257 587 3323 Baas
603 3264 634 3323 et
650 3255 862 3342 Lapuspatak
887 3265 1019 3326 vocatas
1038 3258 1073 3322 in
1089 3257 1254 3326 Comitatu
1270 3261 1310 3327 de
1326 3264 1401 3328 Aba

275 3361 408 3447 Wywar
433 3363 610 3429 existentes
636 3383 707 3429 oum
736 3363 887 3456 omnibus
908 3364 1119 3449 pertinenoijs
1149 3373 1181 3433 et
1204 3366 1400 3435 utilitatibus

275 3466 342 3533 suis
358 3466 463 3533 eidem
480 3469 638 3551 Magistro
649 3469 793 3534 Renoldo
809 3478 966 3556 perpetuo
982 3472 1181 3539 contulisset.
1198 3473 1261 3539 stb.
1277 3473 1400 3540 Datum

273 3572 308 3637 in
324 3570 526 3656 Wyssegrad
550 3573 740 3640 duodecimo
768 3574 821 3640 die
836 3577 964 3645 tormini
985 3579 1147 3662 prenotati
1164 3599 1249 3646 anno
1265 3581 1400 3647 Domini

274 3677 446 3744 millesimo
463 3675 661 3745 ccc⁰Lxx⁰
677 3687 802 3748 octauo.
1364 3673 1368 3680 ’

417 3857 552 3923 (Er-edotio
570 3860 686 3925 papiron
707 3875 724 3911 a
743 3859 828 3911 budai
849 3861 900 3913 irir.
923 3861 1045 3914 kamarsi
1065 3859 1254 3931 revelentur.)
