3140 5150
603 273 762 377 -rsu-

36 543 40 553 ,
116 471 336 560 predictorum
351 471 491 540 filiorum
506 471 601 540 Pauli
618 472 762 559 Comitis,
787 473 822 539 in
837 489 933 556 quem
949 470 1131 544 nonsolum
1142 471 1253 540 inclite

117 580 358 649 recordacionis
379 579 502 648 domiui
515 578 675 666 Stephani
685 578 789 666 patris
800 579 913 658 nostri,
930 579 1138 647 Serenissimi
1152 580 1253 665 Regis

117 689 305 777 Hungarie,
330 709 441 758 verum
468 689 572 757 eciam
597 688 796 776 temporibus
813 690 933 757 uostris
960 709 995 756 se
1020 689 1252 757 miserabiliter

116 797 341 884 rogassemus
367 799 442 865 dum
459 798 546 866 idem
563 797 713 885 Gregsn,
735 805 771 864 vt
795 796 1011 885 predictorum
1031 796 1163 864 fratrum
1179 815 1252 864 suu·

117 928 187 975 rum
205 905 335 974 Nicolai
351 913 384 974 et
402 906 561 994 Stephani
586 903 674 974 laeta
700 905 840 974 atlrcoiu
865 907 956 974 velut
970 906 1116 990 notoria,
1141 909 1253 974 nostre

116 1035 150 1082 se
165 1013 332 1081 Maiestati
357 1036 429 1083 cum
455 1015 524 1082 suis
541 1013 761 1100 complicibus
787 1033 950 1101 opponere
974 1032 1058 1082 ausu
1080 1013 1253 1080 temerario

116 1143 180 1188 non
198 1120 391 1210 formidans,
407 1127 520 1190 vastus
538 1129 571 1189 et
586 1121 738 1189 incendia
758 1142 819 1207 per
834 1123 987 1206 Regnum
1002 1128 1148 1190 nostrum
1164 1122 1254 1188 velut

117 1231 223 1298 hostis
239 1231 391 1317 publicus
408 1231 552 1299 exercuit
567 1230 779 1315 incessanter,
803 1227 858 1311 qui
882 1229 1014 1297 tandem
1031 1236 1155 1316 captus,
1171 1236 1204 1296 et
1219 1229 1254 1294 in

116 1345 230 1407 nostra
244 1339 395 1406 redactus
410 1337 560 1424 uincula',
587 1337 862 1426 dampnacionem
889 1337 1043 1404 sustinuit
1068 1338 1181 1405 mortis
1195 1355 1254 1422 per

115 1453 226 1514 nosue
244 1446 411 1514 sentencie
426 1446 587 1515 calculum
608 1444 700 1512 iuxta
725 1465 857 1514 suorum
869 1445 1074 1530 exigenciam
1092 1442 1254 1533 (de)meri·

115 1562 233 1622 torum.
259 1555 339 1622 (lum
356 1551 475 1621 decens
507 1553 550 1621 sit
576 1559 608 1622 et
634 1555 834 1621 conueniens
859 1551 955 1622 bouis
971 1554 1096 1640 premia
1111 1552 1253 1640 elargiri,

115 1663 210 1730 malis
227 1682 305 1730 vero
323 1661 485 1749 supplicia
499 1661 609 1739 debita
623 1661 779 1746 irrogari;
799 1661 1017 1746 volentesque
1031 1661 1152 1748 prelati
1166 1661 1252 1729 Petri

115 1769 335 1856 peticionibus
351 1789 524 1855 assurgere
543 1775 636 1852 grato
653 1791 727 1838 cum
744 1768 883 1854 fauore,
906 1768 962 1852 qni
986 1771 1018 1836 iu
1044 1770 1185 1856 quadam
1201 1789 1254 1837 err·

114 1877 289 1966 pedicioue
314 1878 451 1965 predicti
480 1879 614 1964 gloriosi
640 1878 739 1962 Regis
768 1877 933 1963 Stephani
958 1879 1061 1964 patris
1076 1877 1178 1946 nostri
1192 1879 1253 1946 sub

113 1983 253 2072 Budum,
269 1985 486 2054 relacionibus
511 1986 675 2074 veridicis,
697 1986 799 2052 scr-tur
820 1985 921 2054 letale
948 1987 1052 2054 wlnus
1069 1984 1254 2052 dimicando

115 2115 187 2162 cum
204 2095 352 2164 hostibus
368 2096 557 2182 excepisse:
583 2093 702 2162 dictam
730 2101 853 2162 terram
879 2093 1049 2180 Zekulhyd
1066 2113 1137 2161 cum
1154 2093 1254 2161 omni·

115 2205 176 2271 bus
193 2203 393 2272 utilitatibus
419 2203 487 2271 suis
514 2210 546 2270 et
570 2203 785 2290 pertinencijs
813 2203 918 2270 eidem
938 2204 1034 2270 Petro
1050 2208 1084 2270 et
1098 2201 1254 2270 fratribus

114 2312 182 2381 suis
200 2313 378 2380 nominatis
404 2333 443 2380 ae
469 2332 579 2380 eorum
604 2312 791 2380 heredibus
816 2313 850 2380 in
868 2311 1025 2399 premium
1040 2309 1254 2377 laudabilium

113 2421 316 2507 meritorum,
333 2442 373 2489 ac
389 2421 423 2488 in
439 2424 780 2506 recompensacionem
802 2421 1017 2509 dampnorum
1028 2425 1060 2488 et
1069 2419 1254 2489 destructio·

109 2550 187 2596 num
204 2528 448 2616 possessionum
465 2529 648 2616 eorundem,
666 2549 729 2613 que
745 2529 850 2598 dictus
868 2525 998 2614 Gregen
1014 2529 1062 2596 eis
1077 2528 1254 2612 fecissejct

113 2636 265 2706 intulisse
281 2636 420 2720 dicitur,
444 2637 520 2704 dum
536 2639 601 2725 ipsi
617 2639 652 2704 in
668 2638 823 2726 predicto
848 2645 959 2706 nostro
975 2645 1085 2706 essent
1100 2637 1253 2724 exercitu,

112 2745 266 2812 dedimus
283 2751 316 2812 et
332 2744 533 2833 contulimus,
552 2747 632 2829 quin
645 2746 766 2833 pocius
777 2745 977 2814 restituimus
993 2751 1026 2814 ct
1041 2745 1253 2822 reddidimus,

117 2853 204 2921 uelut
221 2853 376 2939 ipsorum,
395 2861 431 2920 vt
446 2853 584 2943 dicitur,
610 2852 851 2922 hereditariam
876 2859 1033 2941 perpetuo
1050 2862 1082 2922 et
1096 2856 1253 2922 irreuoca-

111 2962 226 3029 biliter
252 2958 492 3046 possidendam.
529 2964 567 3030 In
593 2963 686 3030 cuius
713 2963 761 3030 rei
789 2961 977 3030 memoriam
1002 2963 1254 3048 firmitatemque

112 3076 305 3156 perpetuam
337 3075 504 3155 presentes
537 3070 755 3137 concessimus
794 3069 923 3136 litteras
954 3069 1118 3157 dupplicis
1153 3070 1255 3157 sigilli

112 3177 215 3245 nostri
232 3175 411 3243 munimine
427 3179 542 3244 robore
559 3176 790 3244 communitas.
816 3179 939 3244 Datum
956 3196 1013 3263 per
1029 3196 1144 3245 manus
1160 3197 1253 3244 vene-

112 3284 229 3352 rabilis
246 3283 310 3352 viri
325 3283 474 3368 Magistri
490 3283 650 3353 Johanuis
666 3285 818 3354 Doctoris
846 3286 1065 3368 Decretorum,
1091 3285 1253 3372 Prepesiti

111 3390 287 3477 Budensis,
313 3392 416 3459 Electi
440 3392 587 3462 Ecclesia
603 3393 756 3462 Albensis
784 3393 864 3460 aule
890 3401 1001 3462 nostre
1029 3393 1252 3462 vice-barcel-

111 3501 185 3586 larij
207 3499 324 3568 dilecti
341 3508 373 3568 et
388 3500 494 3568 fidelis
510 3501 613 3568 nostri
630 3521 717 3570 anuo
728 3501 860 3568 Domini
879 3501 996 3569 M⁰oo⁰
1012 3505 1253 3590 septuagesimo

113 3617 242 3694 octauo,
260 3607 414 3676 kalendis
432 3607 643 3696 Septembris,
660 3608 765 3694 Regni
776 3615 883 3676 autem
897 3609 997 3676 nostri
1009 3611 1252 3696 annoseptimo·

112 3789 226 3856 (sonere
242 3785 349 3855 ntrory
368 3787 514 3854 mrsrynan
542 3791 620 3840 reru.
646 3791 726 3841 seruo
746 3761 805 3840 ruu's
819 3790 1098 3842 necamur-remaneo
1111 3791 1252 3857 privilegi·
1282 3825 1288 3852 ,

111 3879 234 3944 umdbdl,
256 3879 357 3944 melyet
373 3880 512 3944 „Magistri
524 3879 639 3930 Iwahun
661 3884 688 3929 et
706 3878 804 3930 Petrus
826 3878 891 3944 fillij
905 3877 1033 3945 Magistri
1045 3881 1119 3931 Petri
1133 3878 1183 3943 filij
1198 3881 1253 3931 Do·

109 3972 179 4037 rugh
193 3971 228 4022 de
242 3985 344 4038 genere
357 3967 526 4021 Guthlrcled⁸
551 3967 715 4036 kinyertdlr3
744 3987 756 4022 s
782 3970 854 4035 mely
873 3966 1253 4036 ugyanRobcrthrolylri·

110 4057 210 4126 rdlytdl
224 4059 305 4111 luas.
330 4065 421 4128 „sexto
434 4059 495 4110 idus
509 4058 680 4110 Decembris·
709 4058 795 4123 ujabb
808 4060 931 4126 pecsdtje
949 4061 1027 4124 aleth,
1053 4061 1081 4113 ds
1106 4061 1253 4126 Zsigmcnd

111 4147 245 4216 kirtlyeol
261 4150 340 4200 1401.
370 4149 526 4208 „undecimo
553 4149 685 4200 kalendas
698 4149 893 4201 mensishleii“
925 4151 1024 4214 melyet
1045 4151 1196 4217 „Egregius
1208 4152 1252 4202 vir

110 4239 244 4308 Magister
271 4239 364 4290 Dauid
390 4237 462 4290 filius
486 4239 598 4290 Martini
612 4239 645 4290 de
659 4239 761 4291 Albeus
787 4239 882 4291 Comes
908 4239 1192 4304 nosterZolyensisiu
1205 4255 1254 4291 sua

110 4347 158 4380 nec
171 4347 228 4381 non
244 4327 442 4395 Magistromm
455 4327 603 4393 Laurencij
624 4325 714 4380 fratris
727 4331 769 4380 sui
783 4329 966 4392 concarnalia
994 4334 1021 4379 et
1043 4329 1118 4380 Petri
1131 4328 1179 4394 lillj
1193 4329 1252 4396 My·

111 4419 214 4473 chaelis
229 4419 265 4470 de
278 4419 340 4470 ch
354 4419 490 4485 personis“
511 4417 573 4471 ludrt
585 4419 768 4486 privilegialis
782 4415 944 4482 sormdban3
965 4432 982 4468 a
996 4417 1080 4470 budai
1093 4419 1144 4470 kir.
1158 4419 1253 4471 kama-

558 4511 600 4560 rai
612 4504 803 4576 levdltdrbeu.)
