3138 5164
624 1145 699 1214 330.

82 1369 115 1435 A
144 1367 337 1432 termento
362 1367 544 1449 custamenti
568 1363 793 1450 toncoutjcnek
830 1365 1106 1448 bizonysa‘glcvolc,
1142 1366 1223 1451 hopy

82 1475 238 1540 raiardus·
269 1471 376 1560 Fctop
407 1473 567 1537 comeonsis
591 1473 660 1556 fiai
679 1471 818 1536 Tlctcus
847 1479 932 1534 need
963 1470 1223 1545 bvrdlbiotokulcot

80 1583 214 1647 Miletos
234 1583 266 1645 to
281 1581 374 1644 Peter
396 1580 613 1660 morelmeis,
637 1577 743 1644 chcb
762 1579 951 1643 uuokdc'nak
967 1579 1107 1647 ductat.
1123 1581 1221 1646 1287.

161 1863 163 1867 v
199 1813 314 1877 Frater
329 1809 518 1876 Dominicna
534 1809 692 1898 Magister
701 1809 825 1877 Domus
835 1811 1017 1897 Hospitalis
1034 1810 1146 1878 Sancti
1156 1769 1218 1880 Re:
1312 1797 1331 1817 ⁶

80 1924 138 2006 gis
159 1919 201 1986 de
218 1918 384 2002 Strigonio
400 1923 432 1984 et
449 1918 635 1986 conuentus
650 1919 793 1986 eiusdem
810 1920 942 2004 Domus,
967 1917 1128 1986 uniuersis
1152 1925 1218 1984 tam

77 2026 298 2114 presentibus
315 2045 413 2110 quam
429 2025 546 2092 suturis
557 2033 727 2110 presentes
736 2028 863 2093 litteras
873 2027 1066 2111 inspecturis
1078 2025 1219 2093 salutem

77 2137 115 2201 in
135 2135 284 2201 omnium
301 2135 476 2200 saluatore.
492 2133 544 2198 Ad
570 2133 790 2201 uniuersorum
815 2133 969 2200 noticiam
996 2134 1109 2201 harum
1135 2132 1219 2200 serie

75 2244 239 2310 volumus
254 2241 440 2325 peruenire:
458 2237 545 2323 quod
561 2239 677 2306 (lomes
687 2241 855 2327 Nicolans,
868 2239 1028 2325 Georgius
1038 2237 1218 2323 etl'urdos,

75 2349 145 2433 filij
167 2347 302 2414 Comitis
317 2345 475 2433 Phylpus,
492 2346 619 2413 nobiles
634 2345 788 2414 videlicet
804 2347 844 2413 de
863 2347 999 2428 Meroth,
1025 2364 1134 2412 coram
1163 2363 1220 2410 no·

76 2458 135 2524 bis
156 2453 374 2539 personaliter
388 2453 553 2520 constituti
569 2453 709 2521 confessi
725 2455 984 2537 suutvinauooe‚
996 2452 1082 2536 quod
1100 2457 1218 2518 terram

73 2583 182 2631 suam
198 2559 431 2627 hereditariam
449 2559 595 2627 Thntcus
619 2567 768 2628 vocatam
793 2561 1020 2628 vendidissent
1046 2565 1078 2626 ct
1106 2577 1217 2625 coram

73 2667 183 2738 uobis
198 2665 413 2733 vendiderunt
428 2667 584 2750 Magistro
600 2667 749 2753 Nycalno
768 2673 800 2734 ct
815 2669 973 2750 Magistro
988 2667 1093 2750 Petro,
1118 2683 1218 2750 nepo-

74 2779 176 2845 tibus
192 2772 324 2857 chch‚
342 2771 484 2856 quinque
500 2773 617 2840 marcis
633 2773 780 2858 plenarie
806 2773 946 2859 receptis
971 2779 1004 2840 et
1028 2771 1149 2839 habitis
1176 2773 1219 2836 ab
1311 2823 1314 2829 ,

73 2881 224 2967 eisdem,
235 2880 269 2945 in
285 2877 406 2946 eisdem
423 2879 516 2947 metis
532 2880 732 2962 ettcrminis,
749 2882 832 2947 sicut
841 2880 905 2966 ipsi
915 2879 1014 2966 ijdem
1024 2879 1217 2963 dignoscun-

73 2997 136 3056 tur
156 2985 354 3073 possedisse,
371 2987 441 3054 iure
457 2987 654 3055 hereditario
669 2990 704 3056 in
721 2987 805 3055 filios
822 2988 963 3056 tiliorum
987 2985 1217 3055 iurcnocabili-

73 3105 132 3163 ter
152 3100 189 3158 ct
208 3091 447 3178 inperpetuum
464 3093 707 3178 possidendam.
724 3093 822 3160 Cuius
838 3093 969 3176 quidem
985 3101 1072 3160 terre
1087 3093 1206 3178 propin

72 3201 222 3287 quiores
256 3200 505 3267 conterminales
537 3201 674 3284 predicti
708 3201 825 3268 Comes
856 3199 1034 3287 Nycolaus‚
1051 3197 1213 3280 Georgius

71 3319 109 3376 ct
128 3304 286 3373 Thurdos
303 3313 431 3391 aparte
447 3306 611 3392 aquilonis
627 3307 758 3375 eosdem
774 3308 965 3391 Magistrum
981 3306 1164 3392 Nycolaum
1183 3311 1215 3370 et

71 3419 243 3496 Petrum;
261 3431 282 3477 a
299 3417 391 3497 parte
407 3433 485 3480 uero
510 3413 717 3481 meridionali
743 3421 865 3481 terram
890 3413 1035 3482 Ecclesia
1061 3411 1215 3479 Albensis

72 3545 96 3590 a
116 3527 223 3608 parte
238 3519 323 3588 silue
339 3539 412 3588 esse
427 3522 625 3600 afirmarunt.
643 3521 837 3606 Obligantes
854 3523 957 3589 eciam
984 3541 1020 3588 sc
1045 3521 1111 3587 iam
1140 3519 1217 3586 dicti

73 3631 206 3697 Comes
222 3626 399 3710 Nycolaus,
417 3628 579 3712 Georgius
597 3635 633 3695 nt
649 3630 800 3699 Thurdos'
816 3629 858 3696 ad
883 3631 952 3716 hoc,
970 3636 1003 3696 et
1017 3628 1104 3696 tilios
1128 3645 1215 3710 suos,

70 3754 163 3824 ymo
178 3731 267 3800 tilios
282 3733 420 3800 tiliorum
439 3735 625 3823 eorundem,
642 3743 677 3802 ut
693 3735 721 3802 si
737 3757 795 3822 per
810 3737 994 3822 quempiam
1012 3733 1143 3803 racione
1168 3735 1215 3818 ip·

70 3845 151 3913 sius
170 3847 259 3906 terre
283 3859 436 3926 processu
460 3848 638 3926 temporum
664 3850 776 3908 contra
801 3848 995 3911 memoratos
1020 3843 1213 3926 Magistrum

70 3947 272 4037 Nyeolaum
289 3952 321 4014 et
335 3947 478 4034 Petrum,
494 3949 545 4014 uel
571 3969 646 4017 suos
671 3949 807 4018 heredes
834 3949 1052 4034 heredumque
1077 3968 1210 4017 suorum

73 4072 297 4126 successores
314 4055 449 4122 materia
464 4055 644 4139 questionis
659 4055 728 4123 fieri
745 4057 920 4142 contingat,
946 4057 1098 4143 expedire
1123 4061 1209 4123 tenc·

70 4171 198 4234 rentur
216 4157 384 4245 (propriis)
401 4161 566 4228 laboribus
583 4167 616 4229 ct
632 4165 793 4248 expensis.
809 4164 852 4230 vt
867 4163 967 4247 igitur
982 4165 1078 4232 huius
1106 4161 1216 4229 vendi-

70 4269 191 4341 cionis
209 4286 267 4334 seu
283 4269 460 4352 empcionis
477 4270 578 4338 series
593 4271 690 4338 robur
705 4277 861 4358 perpetue
876 4271 1041 4344 firmitatis
1067 4272 1215 4340 obtineat

69 4379 225 4460 nec'per
241 4373 424 4459 quempiam
441 4375 473 4442 iu
489 4377 614 4442 irritum
630 4378 740 4444 valeat
755 4381 925 4446 retractari
934 4431 945 4465 ,
960 4380 1005 4445 ad
1021 4377 1211 4446 instanciam

72 4493 110 4552 et
128 4480 333 4568 peticionem
350 4481 525 4566 eorundem
542 4483 679 4551 Comitis
694 4485 844 4570 Nycolai‚
861 4483 992 4570 Georgij
1013 4493 1044 4550 ct
1061 4483 1212 4550 Thurdos

66 4586 264 4678 sepedictis
280 4587 437 4672 Magistro
463 4589 610 4675 Nycolao
633 4598 667 4658 ct
690 4592 786 4659 Petro
812 4594 980 4677 presentes
994 4590 1212 4660 concessimus
