3118 5158
263 968 321 1035 IV.
346 967 464 1036 Lasslo
486 970 660 1054 kir·dlyuult
684 994 705 1034 a
730 967 837 1056 ripere
862 966 986 1032 cultasti
1011 965 1176 1053 Depopctls
1192 963 1302 1050 fdldet
1326 967 1385 1027 tcir-

304 1079 425 1163 ‘pyuad
440 1075 623 1162 adcmduya
639 1077 755 1142 Mszld
774 1078 862 1142 houtu'
869 1074 1046 1160 sdesperest
1060 1077 1219 1139 sadusdrc.
1246 1075 1342 1138 1274.

372 1273 440 1340 Ncs
463 1272 640 1339 Ladizlaus
656 1275 719 1342 Dei
748 1273 861 1358 gracia
884 1273 953 1337 Rex
977 1270 1145 1352 Hungarie
1170 1269 1384 1353 significamus

264 1387 376 1450 tenore
409 1381 612 1467 presencium
638 1381 816 1464 uniuersis,
850 1381 937 1466 qnod
972 1380 1113 1446 discreto
1138 1379 1208 1444 uiro
1233 1375 1384 1459 Magistro

263 1487 419 1558 Ladizlac
444 1487 682 1557 Archidiaccno
708 1488 881 1574 Hunteusi,
908 1485 1027 1556 dilecto
1044 1493 1077 1554 et
1095 1486 1184 1552 fideli
1200 1484 1317 1553 clerico
1333 1502 1383 1550 no·

264 1604 339 1682 stro,
367 1603 500 1684 propter
525 1595 817 1666 commendabilem
843 1598 1033 1666 fidelitatem
1058 1615 1150 1662 suam
1177 1601 1209 1660 at
1224 1591 1385 1660 meritoria

264 1705 426 1791 obsequia,
454 1705 570 1790 quibus
587 1725 694 1772 curam
711 1706 828 1772 nostris
855 1712 886 1772 et
908 1704 1172 1790 predecessorum
1197 1707 1383 1781 nostrorum,

263 1811 440 1878 illustrium
457 1813 580 1898 Regum
598 1813 766 1899 Hnugaric
783 1814 885 1880 oculis
912 1811 1030 1878 meruit
1054 1809 1280 1894 multipliciter
1304 1825 1382 1874 ccm-

265 1919 403 2007 placere,
430 1930 549 2005 nostra,
575 1941 747 2006 eorumque
771 1921 917 2008 negucia,
942 1923 1132 1990 inconcusse
1156 1916 1307 1983 fidelitati
1331 1931 1384 1980 sne

264 2029 448 2115 commissa,
475 2037 542 2096 tarn
559 2029 592 2096 in
607 2029 787 2119 Hungaria,
812 2051 909 2116 quam
934 2030 967 2096 in
992 2029 1142 2095 Romana
1165 2033 1198 2093 et
1213 2024 1384 2090 multorum

264 2135 388 2220 Regum
416 2137 508 2204 curia
533 2138 741 2207 laudabiliter
767 2136 1006 2224 promouendo;
1045 2134 1242 2200 contulimus
1268 2138 1383 2198 terram

263 2242 398 2310 duorum
423 2245 691 2334 uduornicorum,
717 2247 834 2314 chatb
854 2245 1014 2330 uidelicet,
1041 2241 1160 2310 herede
1176 2238 1329 2323 carentis,
1353 2243 1384 2303 at

264 2352 389 2438 Koyon,
406 2352 584 2439 Dupuputb
604 2357 764 2440 uocatam,
790 2353 982 2421 existentem
1001 2351 1227 2418 iuxtaterram
1244 2343 1383 2414 eiusdem

263 2457 406 2542 Magistri
424 2459 552 2546 Gyriky
568 2467 728 2547 uocatam,
746 2463 779 2527 in
795 2460 954 2528 Hunteusi
971 2458 1142 2544 Comitatu,
1159 2461 1314 2543 perpetue
1328 2473 1381 2539 pa-

263 2565 351 2632 cifice
367 2567 608 2652 possidendam.
625 2569 796 2636 Prescrtim
815 2589 885 2635 cnm
902 2568 988 2635 idem
1005 2565 1122 2634 Zolatb
1138 2572 1169 2631 et
1184 2564 1241 2650 filij
1261 2565 1384 2648 Royan,

263 2673 440 2742 udwornici
465 2677 585 2762 nostri,
613 2679 689 2744 olim
716 2678 859 2746 eiusdem
885 2685 969 2743 terre
995 2675 1250 2758 inhabitatores,
1277 2689 1383 2737 coram

262 2781 432 2868 Prepositc
467 2791 499 2850 et
524 2785 692 2852 Conucntu
718 2785 850 2854 Ordinis
875 2782 1189 2852 Promonstratensis
1220 2779 1262 2844 de
1287 2779 1383 2861 Suag,

263 2889 323 2956 snb
349 2909 482 2972 quorum
509 2892 692 2960 testimonio
714 2913 771 2978 per
788 2892 943 2960 Comitem
961 2892 1042 2958 Ders
1066 2889 1167 2957 filium
1183 2887 1305 2972 Huntb,
1331 2885 1385 2951 bo-

262 2996 381 3063 minem
406 3005 560 3087 nostrum,
586 3007 706 3068 terram
731 2999 917 3067 huiusmodi
944 3001 1006 3086 ipsi
1022 2997 1179 3081 Magistro
1195 3014 1385 3082 precepera-

262 3127 332 3174 mus
360 3107 545 3196 assignari,
570 3109 756 3194 constituti,
778 3109 1004 3175 renunciantes
1022 3109 1084 3174 iuri
1099 3127 1178 3192 suo,
1201 3106 1230 3170 si
1246 3101 1323 3188 qnid
1338 3103 1385 3168 eis

261 3215 295 3279 in
321 3221 408 3280 terra
434 3215 583 3300 predicta
609 3217 828 3303 competebat,
859 3215 1024 3301 sepedicto
1049 3215 1206 3298 Magistro
1230 3212 1384 3279 Ladialao

261 3341 335 3388 eam
362 3343 435 3389 cum
461 3323 657 3391 utilitatibus
682 3325 830 3390 omnibus
857 3331 889 3389 et
905 3322 1115 3408 pertinenciJs
1135 3322 1295 3390 uniuersis
1316 3339 1385 3404 per-

259 3436 357 3513 petuo
374 3429 508 3514 pacifice
523 3431 726 3513 reliquerunt
742 3430 993 3516 possidendam;
1014 3430 1099 3496 sicut
1116 3430 1175 3495 boc
1190 3431 1225 3494 in
1241 3427 1386 3496 eiusdem

260 3535 420 3620 Prepesiti
447 3541 478 3603 et
504 3536 687 3604 Consentes
713 3537 848 3622 litteris,
873 3557 971 3623 super
997 3537 1056 3603 boc
1080 3537 1174 3603 nobis
1199 3535 1386 3626 specialiter

262 3642 404 3728 directis,
423 3643 519 3729 plene
535 3642 676 3710 uidimus
695 3645 864 3711 contineri.
888 3644 980 3710 Vnde
1001 3653 1066 3710 tam
1086 3643 1202 3710 Ocmiti
1219 3643 1260 3708 dc
1274 3642 1386 3708 chum

262 3759 295 3817 ct
311 3752 428 3818 Comiti
444 3751 712 3834 uduornicorum,
736 3761 802 3817 tam
820 3751 1016 3835 quibuslibet
1032 3751 1108 3835 alijs
1134 3760 1290 3818 terrarum
1308 3749 1388 3814 indi·

262 3858 370 3944 cibus,
403 3861 597 3926 auctoritate
624 3862 824 3945 presencium
860 3859 1064 3942 inhibemus,
1088 3879 1130 3926 nc
1155 3860 1261 3944 ipsum
1287 3859 1388 3942 blagi-

261 3974 384 4050 strum,
417 3975 474 4033 ant
500 3969 569 4034 eius
597 3968 754 4035 officiales
779 3969 950 4034 occasione
976 3967 1061 4034 dicte
1087 3975 1173 4034 terre
1199 3974 1389 4052 presumant

261 4074 502 4158 quomodolibet
527 4077 699 4143 molestare
740 4075 858 4141 Datum
886 4075 918 4140 in
944 4075 1057 4140 Zolum
1083 4074 1115 4139 in
1136 4077 1276 4142 crastino
1292 4074 1389 4142 Beati

261 4184 430 4268 Laurencij
450 4203 535 4252 anno
551 4185 684 4252 Domini
702 4183 1056 4267 M⁰co⁰1,xx⁰qusrt0.

386 4365 436 4432 {Aa
450 4365 553 4416 eredetl'
563 4361 630 4414 utin
643 4362 869 4423 anastasianam,
883 4365 996 4430 Magysr
1011 4365 1076 4415 Sion
1090 4365 1141 4418 lli.
1156 4331 1260 4428 tussi.)

718 4562 929 4572 —-.-----
