3124 5158
632 307 697 382 237
723 325 727 332 “

101 511 226 579 directe
241 508 334 578 vadit
349 508 394 576 ad
410 507 494 578 duas
504 517 609 578 metas
620 509 664 577 ad
674 516 800 598 partem
811 510 1056 600 occidentalem,
1078 515 1232 596 quantum

100 619 208 686 iactus
226 619 379 687 cambuca
395 625 501 702 potest
516 639 647 704 augere,
673 639 735 704 qne
750 623 858 688 erecte
873 626 947 688 sunt
962 617 996 683 in
1012 618 1121 685 medio
1136 619 1232 704 prati,
1322 691 1325 696 ,

101 735 134 792 et
150 732 307 814 separant
322 731 443 795 terram
460 725 547 792 Ilohe
572 747 593 792 a
618 732 706 792 terra
725 726 873 793 Ecclesie
893 725 1004 794 Sancti
1019 725 1156 810 Jacobi3
1180 744 1233 792 ex·

102 835 179 902 inde
195 833 370 901 reuertitur
395 832 515 901 directe
547 831 590 900 ad
620 832 803 916 aquilonem
835 833 868 899 in
899 833 1004 900 riuulo
1031 833 1180 918 paruulo,
1203 839 1236 898 ct

105 942 258 1008 ascendit
282 941 326 1006 ad
345 945 497 1023 montem,
523 941 577 1006 vbi
597 942 788 1009 terminatur
804 940 875 1028 ipse
890 942 1034 1025 riuulus;
1059 941 1145 1008 vnde
1162 959 1235 1025 pro·

108 1049 258 1132 graditur
288 1048 395 1116 alcius
420 1047 463 1114 ad
480 1054 620 1116 montem
645 1047 688 1115 ad
715 1055 839 1133 partem
856 1049 1041 1134 aquilonem
1068 1047 1112 1114 ad
1135 1047 1237 1115 altam

105 1159 258 1224 arborem
271 1156 359 1242 piri;
382 1156 459 1222 inde
474 1157 644 1224 descendit
660 1156 702 1224 ad
718 1155 914 1242 profundum
931 1157 1071 1224 riunlum
1082 1155 1126 1222 ad
1136 1176 1237 1239 quan-

107 1263 186 1330 dam
203 1263 344 1351 vallem,
379 1263 469 1330 iuxla
495 1285 591 1348 quam
617 1265 762 1346 declinat
787 1264 829 1331 ad
857 1271 985 1351 partem
1005 1264 1239 1332 occidentalem

107 1370 151 1437 ad
167 1371 303 1437 fluuium
320 1370 374 1455 qui
390 1380 524 1439 vocatur
541 1373 708 1440 Gerenohe
717 1425 726 1458 ,
753 1373 808 1456 qui
823 1373 940 1440 fluuius
956 1372 1050 1439 uadit
1066 1371 1108 1438 ad
1124 1372 1238 1454 Kopue

106 1479 234 1547 directe
259 1479 303 1546 ad
327 1485 453 1564 partem
474 1479 709 1558 occidentalem
735 1480 961 1548 circumeundo
986 1481 1092 1565 ipsam
1119 1484 1240 1546 terram

107 1587 209 1672 Echo,
234 1587 269 1654 in
285 1607 349 1672 qno
365 1588 464 1656 fluuio
481 1589 544 1655 tria
560 1596 636 1656 sunt
652 1589 849 1670 molendina,
871 1595 904 1655 et
922 1589 956 1654 in
973 1583 1078 1655 inedia
1094 1585 1238 1653 eiusdem
1320 1659 1323 1674 ,

108 1702 195 1761 terre
212 1715 278 1762 vna
293 1689 407 1781 vinca}
440 1717 498 1781 per
523 1715 617 1780 quem
642 1697 778 1764 fluuium
804 1696 973 1764 Gerenche
990 1695 1107 1763 transit
1123 1692 1167 1761 ad
1182 1693 1241 1758 llu-

108 1803 200 1868 ninm
220 1822 278 1887 per
293 1804 426 1890 Kopus,
450 1807 508 1887 qui
533 1813 667 1872 vocatur
686 1807 815 1892 Lapsa,
838 1805 873 1870 in
899 1803 1004 1873 medio
1031 1804 1121 1872 cuius
1147 1800 1239 1882 fluuij

108 1911 206 1978 vadit
223 1909 266 1976 ad
281 1918 411 1995 partem
427 1911 662 1981 occidentalem
683 1933 783 1996 voque
799 1921 917 1980 terram
935 1912 1043 1979 Oastri
1061 1907 1242 1996 Symigien-

108 2019 168 2106 sis,
194 2019 238 2085 dc
266 2039 328 2102 qno
353 2021 526 2088 reuertitur
553 2021 597 2086 ad
623 2028 748 2106 partem
778 2019 969 2088 orientalem
990 2019 1023 2086 in
1040 2013 1243 2102 longitudine

108 2128 208 2196 vuius
226 2129 348 2212 ingeris
364 2129 407 2194 ad
423 2129 586 2213 quandam
607 2130 720 2216 viam,
759 2129 813 2198 vbi
842 2128 948 2196 erecte
974 2127 1037 2194 due
1056 2131 1132 2192 sunt
1147 2129 1242 2208 mete,

109 2256 175 2318 qne
200 2242 356 2318 separant
371 2237 477 2319 ipsam
493 2242 612 2303 terram
627 2237 717 2302 Echo
737 2257 758 2302 a
777 2245 863 2303 terra
879 2235 988 2302 Castri
1004 2228 1238 2329 Symigiensisj

110 2344 193 2410 item
209 2341 303 2410 vadit
315 2342 442 2410 directe
457 2342 501 2409 ad
517 2343 682 2426 quandam
700 2344 820 2410 siluam
840 2341 883 2408 ad
899 2347 1025 2425 partem
1041 2337 1245 2418 orientalem,

110 2471 212 2536 quarn
243 2450 362 2516 siluam
394 2449 506 2516 circuit
538 2472 559 2516 a
589 2457 683 2536 parte
713 2451 884 2537 superiori,
919 2457 950 2516 et
981 2445 1072 2515 vadit
1104 2445 1147 2511 ad
1175 2451 1240 2511 tres

112 2566 241 2644 metas,
282 2578 345 2643 que
371 2557 561 2643 disgregant
586 2559 690 2644 ipsam
710 2565 830 2625 terram
847 2557 935 2623 Eche
963 2556 1003 2624 dc
1030 2562 1120 2620 terra
1136 2552 1248 2620 Castri

113 2666 357 2753 Symigiensis‚
391 2669 423 2733 et
449 2666 490 2733 de
515 2673 601 2734 terra
625 2667 772 2734 Ecclesia
797 2666 912 2733 Sancti
936 2664 1066 2732 Nicolai
1093 2661 1135 2728 de
1150 2660 1248 2746 Alba,

113 2796 179 2859 que
195 2781 248 2842 est
264 2783 353 2841 terra
368 2775 540 2861 capitalis;
572 2774 648 2841 inde
673 2774 760 2841 circa
785 2774 923 2842 eandem
943 2774 1062 2840 siluam
1082 2763 1248 2838 descendit

112 2905 175 2971 per
192 2884 360 2968 quandam
386 2885 473 2950 uiam
498 2884 542 2950 ad
564 2891 690 2970 partem
710 2883 957 2950 meridionalem
973 2882 1014 2949 ad
1033 2881 1116 2948 duas
1133 2883 1246 2960 metas,

115 3013 183 3076 qne
201 2998 310 3060 erecte
326 2999 402 3061 sunt
417 2993 504 3059 circa
520 2995 652 3061 arbores
678 2991 742 3076 piri
766 2991 849 3058 duas
859 3043 868 3079 ,
894 2989 1104 3074 distingendo
1129 2992 1250 3052 terram

117 3100 210 3168 Echo
238 3101 384 3168 deterre
400 3101 548 3168 Ecclesia
565 3100 677 3166 Sancti
704 3100 852 3183 Nicolai5
877 3097 963 3164 vnde
979 3096 1102 3163 directe
1120 3093 1251 3160 descen·

118 3205 170 3274 dit
187 3209 232 3275 ad
246 3208 380 3276 fluuium
399 3209 511 3292 Kopua
539 3229 617 3293 sepe
643 3207 785 3294 dictum,
810 3208 844 3274 in
870 3225 935 3290 quo
961 3206 1064 3272 eciam
1090 3201 1153 3268 tria
1177 3207 1253 3266 eunt

118 3315 329 3401 molendina3
354 3323 386 3382 et
410 3315 456 3382 sic
483 3322 567 3382 mete
589 3315 735 3400 predicte
755 3313 843 3380 Eche
859 3314 1082 3380 terminantur.
1107 3308 1177 3374 Nos
1193 3307 1252 3374 ita-

119 3443 188 3509 que
201 3426 344 3509 ipsorum
361 3425 449 3492 Petri
469 3433 501 3491 et
520 3423 668 3491 Marcelli
685 3423 844 3490 Comitum
861 3421 958 3488 iustis
976 3416 1190 3505 peticionibus
1206 3415 1252 3482 in·

119 3533 246 3619 minati,
271 3553 383 3600 cursus
408 3539 564 3600 metarum
585 3533 829 3620 possessionum
848 3530 1065 3617 predictarum
1086 3528 1120 3594 in
1137 3523 1253 3590 litteris

120 3641 205 3708 dicti
222 3641 366 3728 Capituli
381 3642 543 3710 Budensio
559 3648 727 3709 contentos
747 3639 942 3726 auctoritate
959 3634 1164 3722 presencium
1181 3653 1254 3698 con-

121 3753 309 3836 firmamus„
328 3749 490 3837 dupplicis
516 3750 619 3835 sigilli
643 3747 744 3818 nostri
770 3747 948 3834 munimine
963 3748 1166 3814 roborantes.
1189 3741 1255 3805 Da·
1366 3789 1367 3792 ,

121 3865 193 3924 tnm
209 3879 401 3944 parmenus
426 3858 623 3928 venerabilis
643 3856 705 3924 riri
721 3855 867 3943 Magistri
893 3853 1023 3921 Nicolai
1034 3904 1043 3940 ,
1068 3851 1173 3917 Electi
1199 3849 1256 3912 Ec·

122 3967 227 4035 alesia
243 3954 418 4054 albensis,
444 3963 524 4034 aule
545 3972 654 4034 nosne
673 3963 956 4048 Viae-(lancellarij
977 3961 1089 4029 dilecti
1105 3967 1136 4026 et
1151 3956 1258 4025 fidelis

122 4073 250 4159 nostri,
289 4095 375 4142 anno
400 4075 533 4143 Domini
558 4058 734 4142 millesimo
766 4071 987 4140 ducentesimo
1018 4063 1259 4154 septuagesimo

123 4203 222 4268 nono,
249 4183 353 4267 Regni
371 4187 478 4250 autem
496 4183 598 4250 nostri
620 4201 706 4247 anno
723 4186 850 4248 octauo.

125 4435 161 4505 (l.
181 4435 266 4504 Lajoa
290 4429 437 4502 kirtlynalr
463 4433 540 4489 laet.
563 4435 655 4506 „Budc
679 4435 748 4486 feria
766 4439 865 4500 quarta
878 4436 998 4501 proxima
1011 4438 1074 4484 ante
1088 4429 1259 4481 Dominicam

125 4525 228 4580 Oculi“
250 4529 359 4580 lriadott
372 4525 532 4592 megcrt'sltii
547 4523 738 4591 olrmtnyalbtl‚
758 4524 860 4590 mclyet
878 4521 940 4574 lrtrt
959 4523 1070 4592 „Comes
1083 4517 1214 4570 Nicolaun
1227 4519 1260 4568 dc
1295 4581 1297 4584 Ι
