3126 5150
889 319 1006 427 y!

845 513 857 566 ι,
882 457 1029 549 „periens
1055 453 1239 536 exercitum,
1256 452 1362 538 ipsum
1380 453 1472 523 Eruci
1541 463 1547 544 i

913 559 1034 646 tiuauit,
1052 558 1107 626 rbi
1124 558 1194 644 ipse
1209 559 1351 628 letaliter
1368 561 1468 626 extitit
1541 564 1548 657 1

918 685 989 733 cum
1013 668 1098 734 idem
1124 677 1218 752 pater
1237 675 1346 738 noster
1363 676 1471 735 eontra
1542 690 1548 787 p

480 1193 487 1208 ,
522 1047 723 1228 mjfflsdon
739 1097 862 1164 valeret
870 1151 879 1186 ,
910 1100 991 1166 mori
1006 1106 1116 1168 tamen
1138 1120 1194 1187 pro
1211 1109 1304 1186 patre
1320 1108 1428 1168 nostro
1443 1109 1470 1168 et

455 1203 526 1325 .ιοί
566 1249 585 1304 ,t
603 1218 725 1314 ,prus
752 1225 844 1288 quem
869 1215 946 1276 ante
971 1211 1252 1277 consumacionem
1277 1207 1470 1277 laudabilem

435 1389 441 1402 ‚
500 1267 733 1424 {frumistam
767 1315 936 1398 negocium
962 1318 1063 1401 patris
1090 1321 1211 1405 nostri,
1238 1317 1293 1385 ubi
1318 1318 1470 1385 Coronam

386 1387 638 1531 rminiiunparie
664 1421 782 1488 celitus
808 1423 900 1491 nobis
925 1445 983 1510 per
1008 1426 1245 1494 successionem
1270 1425 1425 1492 traditam
1439 1425 1468 1489 in

377 1495 500 1648 Beerddns
514 1539 609 1635 patris
633 1529 733 1597 nostri
759 1530 955 1599 obtinuimus
981 1540 1013 1599 et
1029 1533 1292 1620 recuperauimus
1318 1555 1377 1621 per
1394 1533 1468 1599 eins-

369 1613 435 1749 gem
450 1641 590 1736 Magistri
607 1637 694 1703 Petri
720 1641 752 1702 et
767 1637 904 1705 aliorum
929 1639 1119 1710 fidelitatem
1137 1641 1426 1708 commendabilem
1441 1647 1468 1708 et

364 1775 516 1846 mutem,
550 1751 585 1814 In
612 1763 673 1826 quo
699 1743 829 1826 quidem
859 1747 1007 1815 conflictu
1033 1749 1115 1816 Bela
1139 1749 1230 1816 Duce
1256 1749 1417 1836 effugato,
1442 1755 1470 1816 et

359 1863 545 1950 prewcilino
562 1851 743 1938 interfecto,
768 1852 920 1924 Herrieus
938 1857 1046 1924 Banus
1073 1878 1144 1924 curm
1160 1859 1237 1928 tiliis
1263 1865 1296 1925 ct
1310 1856 1469 1942 eomplici-

358 1988 413 2048 bus
429 1968 495 2035 suis
512 1957 621 2027 extitit
640 1959 831 2046 captiuatus.
856 1964 956 2031 Porro
982 1985 1053 2031 oum
1070 1965 1248 2033 Ottolrarus
1263 1965 1469 2032 Bobemorum

352 2087 429 2160 Rex,
447 2082 523 2139 tunc
539 2069 642 2154 patris
658 2071 771 2156 nostri,
795 2090 879 2138 nunc
896 2069 1005 2139 aulem
1026 2079 1135 2141 noster
1151 2073 1302 2159 capitalis
1317 2073 1469 2155 inimicus,

352 2181 423 2254 fidei
442 2200 499 2244 sue
516 2177 673 2261 desertor,
692 2178 818 2246 violatu
833 2200 925 2267 pace,
941 2180 1053 2249 fractis
1069 2183 1203 2269 treugis,
1226 2189 1258 2249 et
1275 2182 1377 2269 ruptis
1393 2183 1471 2249 iura·

351 2288 447 2358 menti
473 2287 522 2371 suj
550 2285 708 2373 vinculis,
738 2286 860 2355 ducens
887 2289 920 2354 in
948 2289 1105 2357 auxilium
1132 2291 1196 2358 sibi
1221 2290 1332 2357 florem
1359 2289 1472 2356 milicie

350 2395 451 2466 tocius
466 2393 639 2462 Alamanie
648 2448 657 2483 ,
686 2401 798 2463 eontra
815 2404 940 2480 patrem
957 2405 1100 2466 nostrum
1117 2398 1198 2466 fines
1215 2399 1319 2482 Regni
1336 2396 1470 2480 Vngarie

350 2500 575 2590 potencialiter
595 2501 739 2590 adiisset,
755 2504 928 2571 Posonium
955 2514 987 2572 et
1005 2506 1144 2591 quedam
1160 2505 1229 2574 alia
1245 2513 1354 2574 castra
1369 2505 1471 2592 prodi·

349 2611 519 2680 eionaliter
535 2611 730 2699 occupando,
755 2612 905 2699 idemque
922 2621 1013 2700 pater
1032 2622 1145 2682 noster
1170 2614 1357 2698 generalem
1372 2615 1471 2680 leuas-

350 2726 400 2790 set
416 2720 591 2787 exercitum
619 2726 732 2786 contra
759 2741 840 2808 eum,
866 2722 1050 2808 sepedictus
1066 2723 1225 2808 Magister
1240 2723 1356 2788 Petrus
1377 2719 1471 2788 simul

350 2849 422 2896 eum
440 2827 552 2894 eodem
569 2825 673 2895 fratre
699 2847 757 2896 suo
773 2830 861 2914 apud
878 2831 1062 2917 Posonium,
1086 2836 1161 2916 post
1178 2829 1266 2896 eirca
1281 2829 1472 2911 Musunium,

350 2956 414 3022 quo
438 2934 525 3002 idem
540 2937 610 3002 Rex
626 2933 841 3002 Bohcmorum
867 2942 977 3004 castra
1001 2956 1060 3004 sua
1085 2935 1253 3020 defixerat,
1279 2935 1400 3002 milicie
1416 2953 1469 3000 sne

349 3045 451 3112 aciem
477 3041 520 3108 ad
536 3041 656 3108 bellum
683 3043 908 3130 properando,
935 3063 975 3110 ae
991 3042 1119 3110 demum
1144 3043 1178 3108 in
1197 3043 1296 3110 fluuio
1312 3041 1472 3126 Rebuebc,

348 3151 434 3218 vnde
459 3149 499 3215 de
515 3169 594 3217 area
609 3149 808 3239 certaminis,
835 3171 932 3235 quam
948 3151 1035 3237 patri
1057 3155 1167 3218 nostro
1188 3149 1270 3217 felix
1286 3149 1418 3234 reliquit
1433 3148 1473 3214 ri·

349 3258 462 3342 ctoria,
491 3258 548 3324 vix
574 3256 680 3324 euasit
704 3257 872 3345 fugitiuus,
896 3263 973 3325 ante
997 3257 1081 3324 alios
1107 3257 1233 3325 irruens
1249 3259 1282 3324 in
1298 3257 1468 3324 adirersum
1549 3259 1550 3330 l

349 3365 533 3451 intrepidus
550 3366 736 3454 exercitum,
753 3365 837 3433 tales
853 3364 966 3432 titulos
982 3365 1146 3452 triumphi,
1161 3365 1328 3450 talemque
1344 3366 1471 3432 laudem
1549 3361 1550 3364 ’

349 3475 488 3546 obtinuit
512 3475 645 3543 victorie
653 3526 662 3560 ,
698 3495 830 3559 quorum
867 3474 1053 3542 memoriam
1083 3495 1146 3541 non
1172 3475 1267 3541 tollet
1292 3473 1415 3542 obliuio
1442 3474 1474 3537 in

350 3593 512 3668 eternum,
537 3581 615 3665 quia
630 3581 708 3649 licet
732 3582 898 3649 hincinde
923 3583 1161 3669 impugnaretur
1181 3589 1213 3650 et
1229 3570 1400 3666 pugnaret,
1416 3581 1474 3646 Be·
1549 3579 1550 3582 ’

348 3695 416 3761 lam
432 3698 542 3760 tamen
559 3689 683 3757 Ducem
699 3697 775 3758 tune
799 3691 945 3758 intimum
971 3689 1072 3776 patris
1098 3689 1198 3757 nostri
1224 3686 1427 3756 defensorem
1444 3694 1473 3753 et
1549 3741 1550 3760 ,

349 3799 484 3868 militem
501 3805 674 3884 strenuum,
702 3799 771 3868 eius
797 3820 881 3884 equo
906 3799 939 3865 in
964 3799 1052 3866 bello
1079 3805 1213 3882 mortuo,
1238 3795 1308 3881 ipse
1324 3795 1476 3879 Magister
1549 3821 1550 3874 3

349 3911 467 3976 Petrus
484 3906 648 3976 demedio
665 3927 769 3994 euney
788 3929 847 3994 per
863 3889 1055 3992 probitatem
1078 3927 1171 3974 suam
1189 3911 1222 3971 et
1237 3907 1389 3972 uirtutem
1405 3923 1474 3988 pro·
1549 3947 1550 3978 2

349 4017 453 4101 priam
483 4015 624 4083 redemit
650 4023 682 4082 et
702 4013 841 4086 reduxit.
866 4013 1015 4083 Ceterum
1042 4021 1115 4100 post
1140 4013 1309 4080 decessum
1335 4010 1475 4080 eiusdem
1549 4031 1550 4086 j

349 4126 452 4214 patris
477 4126 581 4193 nostri
606 4125 700 4194 nobis
720 4125 764 4192 ad
780 4125 938 4192 Coronam
953 4125 1089 4207 Regiam
1109 4129 1141 4189 et
1157 4122 1262 4206 Regni
1279 4121 1404 4206 Solium
1420 4140 1476 4204 per

349 4233 587 4304 successionem
613 4230 844 4300 hereditariam
879 4251 936 4298 seu
961 4231 1108 4301 ordinem
1133 4230 1283 4316 geniture
1314 4235 1476 4296 annuente
1549 4243 1550 4298 ξ

350 4342 492 4412 Domino
510 4341 704 4428 sublimatis,
733 4361 805 4408 cum
822 4361 843 4408 a
858 4338 1048 4406 dileccionis
1066 4337 1299 4422 retribucione,
1325 4342 1358 4402 et
1375 4333 1476 4402 tideli-

350 4453 428 4518 tatis
444 4469 586 4534 munere,
612 4449 727 4533 quibus
747 4448 835 4515 idem
850 4447 1005 4533 blagister
1020 4448 1135 4514 Petrus
1160 4451 1292 4531 propter
1317 4449 1365 4512 tot
1385 4443 1476 4509 meri·
1549 4439 1550 4480 l

350 4569 455 4628 torum
471 4577 602 4628 suorum
619 4555 861 4643 prerogatiuaru
876 4577 897 4622 a
913 4555 1007 4624 nobis
1027 4554 1184 4625 fouendus
1201 4552 1317 4639 inerat,
1345 4549 1476 4634 quidum
