3124 5158
814 289 970 390 Q

329 500 403 546 nem
419 481 564 550 ciusdem
580 481 668 550 Petri
684 483 852 568 Parcrauij
875 483 972 570 Daag
987 494 1155 570 vocatam,
1180 494 1246 554 tam
1273 489 1453 574 amptieiam

328 609 425 672 quam
442 591 652 678 acquisitam,
683 613 740 660 seu
764 591 830 659 alio
856 612 1047 678 quocunque
1073 595 1168 664 titulo
1184 595 1330 680 legitime
1347 603 1453 684 opten-

327 704 405 783 tam,
430 699 463 764 in
480 698 641 766 Comitatu
657 699 873 786 supruniensi
890 699 1093 790 existentem,
1116 710 1247 790 propter
1262 703 1454 790 multiplicia

328 805 485 890 obsequia
500 814 531 873 et
548 806 660 874 fideles
686 807 864 875 famulatus
883 807 1033 894 Magistri
1049 807 1190 896 Dionisij
1219 810 1276 896 lilij
1303 811 1394 878 Petri
1418 811 1454 878 de

327 933 444 998 genere
460 912 528 1000 Osi,
551 935 613 998 que
628 915 722 982 nobis
740 903 773 982 ti
790 915 928 984 diuersis
943 916 1047 1000 Regni
1069 917 1170 984 nostri
1189 917 1452 1004 expedicionibus

327 1021 538 1089 laudabiliter
553 1023 712 1110 inpendit,
740 1031 771 1090 et
796 1024 985 1110 specialiter
1010 1025 1043 1091 in
1060 1025 1202 1094 exercitu
1218 1033 1339 1109 nostro,
1362 1047 1452 1110 quen

328 1137 442 1197 contra
458 1133 579 1215 Regem
596 1130 727 1198 Boemie
744 1131 847 1218 pridie
863 1151 1077 1219 muneramus,
1105 1133 1139 1200 in
1156 1153 1220 1218 quo
1237 1132 1371 1217 quidem
1386 1153 1453 1201 con·

327 1237 414 1304 flictu
432 1238 516 1305 idem
533 1241 602 1306 Rex
618 1239 750 1307 Boemie
765 1240 873 1308 extitit
894 1239 1124 1308 miserabiliter
1140 1243 1364 1330 interemptus,
1388 1243 1452 1328 glo·

327 1347 446 1413 riosum
474 1346 620 1414 exhibuit
646 1347 858 1432 famulatum
892 1347 924 1412 in
946 1369 983 1416 eo
1001 1347 1164 1434 uidelicet,
1189 1348 1451 1432 qnodMatheum
1547 1385 1549 1396 ι

327 1454 513 1520 Palatinum
530 1455 707 1542 predictum
733 1456 898 1521 dominum
915 1477 1007 1523 suum
1018 1505 1027 1539 ,
1057 1454 1237 1541 prinoipem
1258 1463 1336 1521 tnnc
1354 1456 1451 1539 ipsius

327 1564 446 1632 milicie
462 1570 591 1649 nostre,
625 1562 665 1630 de
691 1583 773 1648 equo
798 1583 857 1631 suo
885 1561 1022 1630 eiectum
1038 1564 1081 1628 ab
1097 1565 1167 1630 acie
1183 1563 1357 1648 opposita,
1388 1583 1449 1628 non

326 1675 397 1742 sinc
412 1673 462 1742 sui
478 1670 601 1739 cruoris
618 1670 764 1738 elusione
774 1670 977 1754 defensauit,
998 1670 1101 1740 eidem
1118 1671 1275 1755 Magistro
1285 1669 1450 1757 Dyonisio,

327 1786 359 1848 et
383 1801 442 1866 per
465 1801 537 1848 eum
554 1779 621 1846 suis
638 1779 812 1846 heredibus
827 1779 1047 1864 heredumque
1063 1799 1194 1846 suorum
1212 1777 1449 1845 suecessoribus

326 1908 397 1954 curn
423 1887 571 1954 omnibus
596 1885 791 1953 utilitatibus
816 1893 849 1953 et
873 1885 1086 1972 pertinencijs
1103 1884 1181 1970 suis,
1201 1885 1406 1970 appendicijs
1421 1893 1450 1950 ct

325 1995 505 2079 austancijs
533 1994 713 2078 uniuersis,
746 1999 841 2079 prout
867 2013 924 2077 por
950 1994 1074 2078 pridem
1097 1995 1226 2058 Petrum
1242 1993 1448 2058 Parcranium

326 2109 374 2170 est
399 2122 554 2187 possessa
580 2103 622 2169 ab
648 2104 793 2189 antiquo,
820 2101 978 2182 dedimus,
1000 2100 1195 2167 contulimus
1210 2105 1243 2165 et
1257 2099 1448 2166 tradidimus

325 2211 394 2277 iure
418 2209 622 2276 irreuccabili
649 2215 804 2295 perpetuo
830 2209 1072 2294 possidendam.
1098 2207 1197 2274 ouius
1217 2207 1349 2292 quidem
1367 2215 1448 2278 torre

330 2323 426 2403 mete,
452 2325 546 2401 prout
571 2315 603 2380 in
632 2315 748 2382 litteris
764 2315 906 2382 fidelium
923 2324 1105 2384 nostrorum
1132 2314 1287 2382 contineri
1302 2315 1449 2400 uidimus,

326 2426 386 2492 hcc
402 2425 515 2492 ordine
532 2423 771 2508 distinguntur:
789 2424 900 2490 Prima
915 2430 1002 2492 meta
1017 2423 1133 2510 incipit
1149 2443 1221 2491 eum
1238 2422 1343 2490 tribus
1360 2422 1448 2490 metis

324 2535 415 2600 iuxta
431 2531 519 2599 uiam
536 2532 641 2598 crucis
660 2553 680 2597 a
696 2537 790 2617 parte
806 2529 1087 2618 septemtrionali,
1112 2551 1173 2614 que
1194 2530 1377 2616 distingunt
1392 2537 1447 2598 ter·

323 2659 393 2706 ram
410 2639 647 2706 cruciferorum
675 2638 715 2705 dc
741 2638 902 2724 Suprunic
928 2645 959 2704 ct
980 2646 1098 2704 terram
1118 2637 1219 2725 ipsius
1234 2639 1323 2705 Petri
1341 2639 1447 2726 empti·

325 2748 410 2816 ciam
429 2755 461 2814 et
476 2748 666 2832 acquisitam
692 2747 788 2832 Daag
804 2753 964 2834 uocatam,
989 2753 1022 2813 ct
1038 2745 1081 2812 ibi
1098 2744 1186 2813 faeta
1201 2753 1250 2814 est
1264 2767 1351 2814 nona
1366 2753 1447 2812 meta
1547 2821 1548 2841 ,

324 2856 435 2943 tercia,
459 2876 522 2940 que
541 2874 627 2920 nunc
647 2852 764 2921 dieitur
780 2875 852 2922 esse
868 2854 1014 2940 Magistri
1029 2853 1169 2940 Dionisij
1186 2852 1356 2938 antedicti,
1379 2873 1446 2918 cum

323 2963 538 3032 diuisionibus
555 2969 709 3028 terrarum
726 2962 823 3047 Daag
839 2967 1094 3047 nuncupatarum
1115 2968 1148 3028 et
1163 2957 1446 3028 Grueit'ercrumdc

322 3072 501 3159 Supruni0;
525 3069 643 3139 deinde
658 3069 804 3155 procedit
822 3091 880 3155 per
896 3069 1032 3136 eandem
1051 3067 1136 3137 uiarn
1157 3067 1199 3134 ad
1218 3067 1394 3153 meridiem,
1418 3073 1446 3132 et
1546 3105 1547 3112 κ

322 3179 471 3249 descedit
487 3179 520 3245 in
537 3180 623 3245 bona
639 3177 840 3264 quantitate,
866 3176 969 3243 tendit
994 3195 1093 3260 usquc
1115 3175 1157 3244 ad
1175 3177 1259 3242 duas
1276 3182 1379 3242 metas
1395 3194 1445 3239 an-

321 3289 462 3373 gulares,
485 3307 547 3371 quc
564 3291 719 3371 separant
735 3291 853 3352 terram
872 3283 1049 3352 eorundem
1066 3283 1301 3352 cruciferorum
1319 3303 1340 3350 a
1356 3285 1446 3350 terris

322 3395 420 3480 Daag
440 3394 643 3478 memoratis,
670 3393 780 3477 ibique
807 3399 855 3458 est
879 3393 980 3460 tercia
1007 3399 1093 3458 meta
1124 3411 1227 3477 noua;
1262 3401 1294 3460 et
1314 3393 1446 3478 posthac

320 3523 380 3587 per
395 3508 498 3568 metas
524 3500 692 3569 descendit
715 3500 808 3566 iuxta
836 3499 921 3567 uiam
939 3520 1091 3586 magnam
1109 3499 1151 3566 ad
1167 3505 1294 3584 partem
1311 3501 1446 3566 orienta-

321 3611 384 3676 lem
409 3628 509 3692 usque
534 3609 620 3675 uiam
638 3607 902 3694 Supruniensem,
925 3608 979 3676 ubi
1005 3615 1081 3675 sunt
1106 3605 1167 3674 duc
1185 3615 1290 3692 mete,
1324 3628 1387 3690 que
1402 3607 1446 3672 di·

320 3718 467 3801 stingunt
486 3723 607 3783 terram
627 3715 769 3802 ipsorum
786 3714 1024 3783 Cruciscrorum
1045 3715 1176 3782 stertis
1190 3716 1305 3800 Daag3
1329 3713 1447 3780 deinde

321 3825 414 3892 uadit
439 3825 481 3892 ad
508 3823 767 3909 septemtrionem
793 3821 835 3890 ad
855 3843 953 3890 unum
973 3820 1192 3906 monticulum,
1216 3841 1330 3890 uersus
1347 3822 1445 3890 eccle·

320 3933 401 4000 siam
420 3929 530 4000 Sancti
545 3929 694 4016 Martini,
734 3933 788 3998 ubi
815 3939 891 3999 sunt
915 3937 981 3998 tres
1007 3937 1110 4016 mete,
1144 3950 1206 4014 que
1232 3937 1390 4016 separant
1416 3935 1447 3993 et

319 4041 494 4108 terminant
522 4046 641 4105 terram
670 4038 907 4106 Cruciierorum
933 4044 964 4105 ct
988 4037 1085 4122 Daag
1100 4037 1300 4106 antedictam
1317 4058 1339 4103 a
1353 4036 1446 4106 terris

320 4148 440 4217 Mathai
466 4147 525 4235 filij
552 4147 645 4234 Jule;
671 4152 704 4214 et
718 4145 853 4232 posthae
880 4145 1047 4215 descendit
1073 4147 1167 4214 iuxta
1181 4151 1286 4214 terras
1303 4145 1445 4214 eiusdem

319 4254 439 4323 Mathai
465 4255 506 4321 de
529 4253 645 4321 Sullan
661 4251 704 4320 ad
720 4251 875 4321 orientem
901 4273 1004 4339 usque
1029 4252 1074 4319 ad
1093 4253 1174 4322 duas
1191 4257 1294 4321 metas
1310 4253 1445 4337 angula·

319 4382 380 4449 res,
405 4382 468 4446 que
484 4360 665 4446 distingunt
686 4367 804 4430 terram
830 4360 973 4430 eiusdem
999 4361 1121 4429 Mathei
1141 4370 1173 4428 et
1193 4361 1445 4446 generacionum

318 4490 469 4552 suarum,
493 4475 526 4536 et
550 4468 597 4537 ibi
622 4468 730 4538 fecere
755 4489 873 4537 nouam
899 4476 1036 4555 metam;
1062 4467 1306 4556 procedensque
1330 4465 1445 4536 exinde
1541 4499 1542 4533 r

319 4578 352 4648 in
369 4575 502 4644 meridie
518 4597 619 4662 usque
634 4575 677 4643 ad
694 4583 760 4644 tres
776 4585 879 4645 metas
896 4579 1081 4664 angulares,
1109 4599 1172 4663 que
1188 4575 1369 4661 distingunt
1385 4583 1444 4643 ter·
