3080 5160
789 1022 797 1048 Ι
849 933 927 1002 nst.

325 1151 483 1242 cosmo·
503 1151 689 1237 etotcrpumt'
713 1151 800 1216 treet
825 1172 865 1214 oz
881 1129 1066 1236 essuperet
1080 1148 1239 1234 kdptulun
1254 1171 1270 1213 s
1286 1171 1308 1212 u
1322 1147 1436 1215 cosin

326 1261 395 1354 mdc
417 1251 529 1344 idopm
553 1256 733 1324 tsrstedot
747 1257 819 1322 ledet
834 1279 855 1320 o
870 1261 945 1322 edm
960 1257 1054 1322 irdnt
1069 1255 1244 1321 keletkezett
1259 1255 1430 1342 eppmctlec·
1510 1245 1511 1308 ss

671 1363 1105 1452 stpetettiopyenttti.12st.
1382 1359 1383 1362 ’

432 1597 501 1663 Nos
526 1591 737 1662 Lodomerius
762 1593 823 1662 Dei
850 1595 961 1678 gracia
979 1593 1212 1678 strigoniensis
1228 1591 1438 1680 Archiepisco·

325 1722 386 1788 pus
412 1710 445 1768 et
470 1700 586 1769 Comes
611 1703 789 1788 Perpetuus
816 1701 880 1768 loci
896 1701 1040 1769 eiusdem
1056 1700 1276 1785 significamus
1291 1700 1441 1769 uniuersis
1510 1735 1511 1766 ;

325 1809 442 1892 quibus
460 1807 594 1894 expedit
609 1808 794 1876 litterarum
814 1809 1012 1895 presentium
1028 1828 1086 1895 per
1101 1823 1260 1875 tenorem:
1275 1808 1362 1894 quod
1379 1825 1442 1873 cum
1510 1841 1511 1850 2

327 1913 413 1983 iuter
431 1915 589 1983 discretos
614 1916 702 1982 viros
722 1915 914 2002 Magistrum
930 1914 1095 1982 Andreom
1111 1915 1443 1982 Doctorem'Deoreto

326 2041 402 2099 rum¹
422 2021 625 2108 Propositum
651 2019 893 2107 et'Ospitulnm
917 2021 1065 2090 Ecclesio
1081 2031 1190 2090 nostre
1207 2020 1445 2110 strigoniensis,

324 2128 519 2196 karissimos
544 2131 578 2194 in
602 2126 732 2195 domino
757 2128 873 2197 fratres
894 2135 1031 2216 nostros,
1047 2130 1090 2196 ob
1108 2149 1173 2196 uns
1188 2135 1302 2216 parte5
1319 2136 1352 2217 et
1366 2129 1444 2194 inter

325 2243 523 2312 mercatores
539 2233 580 2304 de
595 2235 814 2321 superioribus
832 2236 980 2322 partibus
1001 2235 1204 2325 Alemannis,
1220 2244 1254 2304 et
1268 2233 1447 2323 specialiter

326 2343 541 2428 deWyonne,
568 2343 621 2410 uel
637 2343 741 2410 eciam
756 2341 968 2428 undecunque
983 2365 1041 2431 per
1056 2350 1176 2412 temam
1194 2343 1244 2410 vel
1259 2364 1320 2430 per
1334 2359 1446 2426 aquam
1510 2409 1511 2412 ,

261 2489 263 2493 >
325 2451 358 2516 in
383 2451 584 2534 Hungoricm
615 2469 687 2516 cum
718 2451 787 2518 suis
819 2451 976 2519 mercibus
1007 2451 1242 2520 descendentes
1269 2452 1312 2520 ob
1338 2450 1446 2543 nitere,

325 2565 439 2625 exorta
462 2555 580 2624 fuisset
605 2555 741 2623 materis
762 2557 941 2640 questionis
957 2579 1056 2646 super
1073 2578 1131 2646 eo;
1148 2559 1235 2642 quod
1251 2557 1356 2646 ijdem
1372 2573 1443 2622 mer·

325 2673 451 2733 catores
477 2662 517 2730 de
541 2661 700 2751 frugibus,
722 2663 874 2734 videlicet
888 2664 930 2732 de
945 2665 1117 2751 frumento,
1134 2663 1289 2753 syligine,
1305 2662 1404 2732 ordeo
1418 2669 1444 2728 et

246 2831 247 2834 ,
318 2791 445 2857 sueno,
469 2751 559 2858 pisis,
576 2769 672 2856 febis,
687 2771 914 2860 teguminibus,
931 2775 1019 2860 repis
1035 2781 1067 2842 et
1083 2774 1123 2854 de
1139 2774 1214 2858 aiijs
1230 2771 1444 2860 mercimonia·

325 2881 410 2946 libus
436 2879 531 2946 rebus
556 2879 624 2946 suis
651 2878 797 2968 minutis,
824 2878 978 2966 predictis
995 2881 1149 2952 iratribus
1166 2881 1285 2950 nostris
1300 2879 1444 2947 tributum
1510 2943 1511 2948 ,

324 2987 452 3056 soluere
474 2987 725 3082 commutescunt.
758 2987 907 3056 Tandem
933 3009 993 3056 nos
1017 2987 1203 3058 huiusmodi
1228 2987 1443 3074 questionibus

324 3097 410 3164 inter
436 3095 525 3182 ipses
550 3103 660 3180 partes
685 3097 781 3164 finem
797 3095 965 3184 imponere
981 3097 1160 3184 cupientes,
1175 3099 1362 3164 iuramento
1376 3111 1442 3178 quo
1510 3099 1511 3176 ζ

330 3203 477 3272 rumdam
494 3201 612 3270 ciuium
629 3201 909 3290 strigoniensium,
919 3207 975 3291 qui
990 3227 1086 3294 snper
1102 3207 1264 3276 solutione
1279 3211 1314 3273 et
1329 3208 1441 3294 presto·
1510 3205 1511 3226 ¹

325 3313 419 3380 cione
429 3311 553 3398 tributi,
563 3315 595 3376 et
605 3308 819 3379 diuturnitate
829 3315 981 3400 temporis
998 3321 1219 3398 cognouerunt
1233 3307 1441 3382 omnimodsn

325 3419 504 3504 veritatem,
530 3420 590 3487 hoo
614 3422 786 3506 negocium
812 3421 964 3490 duximus
988 3421 1260 3490 committendum.
1286 3421 1330 3487 Et
1353 3416 1441 3506 ijdem

326 3523 456 3594 demum
480 3525 574 3596 nobis
598 3537 795 3614 operuerunt
820 3530 880 3596 sub
897 3530 1148 3616 religioneinris
1164 3525 1440 3612 infantissimi
1510 3553 1511 3610 j

327 3641 523 3702 mercatores
538 3633 579 3702 de
596 3635 744 3704 omnibus
760 3637 921 3706 mercibus
936 3638 1003 3705 suis
1020 3637 1176 3706 tributum
1195 3639 1277 3704 dore
1287 3635 1441 3718 deberent,

325 3741 416 3810 iuxtc
432 3761 553 3810 morem
569 3749 602 3810 et
617 3744 885 3814 consuetudinem
900 3745 1049 3815 aliorum.
1065 3745 1159 3814 Unde
1174 3766 1234 3814 nos
1249 3744 1441 3813 decreuimus
1510 3797 1511 3810 2

325 3849 569 3918 sentencialiter
585 3857 774 3935 statuentes,
791 3853 878 3936 quod
894 3874 1005 3924 omnes
1021 3861 1228 3942 mercatores,
1245 3853 1331 3921 sient
1345 3849 1441 3940 predi·
1510 3891 1511 3922 ÷

325 3960 444 4046 ximus,
460 3959 495 4026 in
511 3959 714 4047 Hungsrism
741 3961 919 4050 venientes,
936 3963 1143 4040 deomnibus
1160 3963 1319 4032 mercibus
1336 3959 1442 4028 suiset
1510 3999 1511 4026 r

325 4067 423 4136 rebus
448 4065 526 4151 olijs
552 4059 863 4158 mercimoniulibus,
887 4069 1106 4158 cuiuscunque
1130 4069 1272 4158 generis,
1295 4065 1443 4138 moneriei

306 4171 412 4262 ‚(tgy)
439 4173 493 4240 uel
517 4173 638 4258 speciei
664 4176 816 4264 existent,
842 4175 996 4264 predictis
1022 4180 1179 4248 tratribus
1194 4181 1317 4248 nostris
1332 4181 1442 4246 iustum
1510 4195 1511 4274 ᾗ

325 4283 481 4370 tributum
507 4289 540 4348 et
565 4293 753 4354 consuetum
771 4288 841 4355 sine
857 4288 1119 4384 contradictione
1134 4289 1168 4358 in
1183 4293 1375 4376 perpetuum
1390 4289 1443 4356 sol·
1510 4279 1511 4374 ᾗ

325 4410 401 4458 uere
425 4398 609 4460 tencantur.
632 4394 672 4462 In
689 4395 780 4463 cuius
797 4398 844 4464 roi
860 4399 1048 4466 memoriam
1064 4407 1097 4468 ct
1113 4405 1304 4486 perpetuam
1319 4395 1441 4464 firmis
1510 4399 1511 4480 3

325 4504 390 4565 tem
405 4505 572 4582 presentes
588 4498 716 4572 litteras
732 4502 841 4590 sigillo
858 4513 967 4576 nostro
984 4503 1057 4576 dnri
1072 4504 1209 4577 fecimus
1225 4503 1443 4575 communitus.
