3138 5164
629 401 789 500 *co-1-

140 599 220 666 dino
237 599 401 681 fratribus,
413 596 600 664 solemniter
609 595 759 680 inierunt,
774 595 927 680 iecerunt,
941 601 973 660 et
983 593 1192 662 firmaverunt
1208 617 1272 664 me-

139 727 210 776 rum
227 727 342 791 puram
359 713 392 772 et
407 705 531 772 firmum
547 703 707 788 treugiam
724 722 827 786 usqne
844 701 888 768 od
907 709 973 770 tres
984 723 1088 769 annos
1099 704 1269 772 continuos

139 820 175 880 et
190 813 380 899 completos,
397 831 469 878 cum
485 809 631 894 predicto
647 810 822 893 Magnifice
835 807 961 876 domino
972 811 1070 877 Petro
1080 808 1267 881 Gredonioo

140 920 204 986 Dei
220 921 335 1004 gracia
351 921 573 1001 veneciarum,
584 917 751 986 Dalmacie
768 925 869 1001 atque
886 917 1044 985 Chroocie
1059 919 1158 1006 Duce,
1170 925 1201 986 et
1216 919 1270 986 do·
1295 1003 1297 1010 Ι

140 1028 229 1095 mino
247 1027 369 1106 Quarto
384 1029 492 1094 Portis
508 1031 541 1092 et
554 1025 697 1093 Dimidie
713 1026 810 1094 totius
836 1027 967 1111 Imperii
991 1027 1161 1114 Romcnie,
1189 1029 1268 1096 reci·

140 1135 257 1222 pienti,
280 1141 311 1200 et
328 1133 501 1220 stipulanti
516 1153 575 1216 pro
592 1153 628 1200 sc
644 1139 678 1200 et
694 1133 861 1200 Communi
878 1134 1102 1202 ethominibus
1113 1133 1268 1202 Venecio·

140 1263 221 1329 rum,
236 1242 483 1326 habitatoribus,
496 1241 662 1321 subiectis,
680 1246 712 1306 et
722 1240 978 1310 distriotnalibus
989 1242 1065 1308 suis.
1076 1241 1269 1309 Promitten·

139 1357 188 1416 tes
204 1349 334 1416 nominc
350 1370 413 1434 qno
430 1349 551 1416 dictum
568 1355 617 1415 est
632 1367 732 1433 supro
748 1349 835 1414 dioto
851 1348 980 1416 domino
997 1349 1081 1416 Duci
1098 1349 1268 1434 recipienti

138 1477 198 1542 pro
215 1477 260 1541 se,
292 1477 351 1542 pro
369 1456 547 1541 Communi,
570 1463 602 1522 et
635 1455 820 1523 hominibus
837 1456 1063 1544 veneciarum,
1083 1458 1171 1543 quod
1197 1477 1266 1542 pre·

138 1562 218 1630 dicti
237 1563 365 1648 fratres,
396 1563 446 1630 vel
477 1562 598 1646 aliquis
630 1582 738 1630 eorum
764 1581 824 1648 per
839 1582 876 1630 se
893 1583 950 1630 seu
966 1583 1024 1648 per
1040 1563 1187 1632 homines
1212 1564 1268 1630 Al-

102 1661 109 1672 '
139 1671 238 1758 misii,
253 1691 311 1738 seu
327 1690 384 1755 per
399 1669 482 1736 vllos
499 1689 620 1754 eorum,
638 1671 690 1735 vel
707 1669 847 1736 alicuius
864 1689 976 1736 corum
992 1669 1141 1738 homines
1152 1671 1263 1738 subdi·

138 1785 200 1862 tos,
218 1797 276 1846 seu
293 1796 353 1862 per
367 1776 516 1843 homines
531 1778 587 1860 qui
604 1795 640 1842 se
656 1784 862 1862 receptarent
878 1777 912 1842 in
928 1777 1057 1842 Bonatu
1082 1778 1133 1844 vel
1161 1778 1266 1844 Comi·

138 1883 264 1951 letibus
280 1881 497 1966 predictorum
514 1882 717 1950 dominorum
734 1883 879 1970 fratrum,
905 1904 962 1950 seu
978 1883 1011 1948 in
1043 1882 1118 1949 eliis
1150 1903 1262 1950 eorum

136 1992 243 2078 terris,
260 1991 313 2056 vel
330 1992 390 2058 sub
407 2010 529 2077 eorum,
562 1993 612 2056 vel
629 1991 772 2076 alicujus
788 2010 900 2056 eorum
917 1990 1068 2076 dominio,
1084 1979 1149 2056 non
1165 1993 1264 2058 offen·

136 2097 223 2181 dent,
235 2115 296 2164 nec
307 2095 427 2163 offendi
437 2097 568 2188 facient,
579 2117 639 2164 nec
649 2096 768 2164 offendi
780 2097 965 2182 permittent
980 2097 1014 2164 in
1030 2097 1179 2181 personis
1211 2100 1265 2166 vel

135 2206 232 2272 rebus
249 2203 370 2270 dictum
385 2203 551 2270 dominum
567 2205 701 2287 Ducem,
711 2204 885 2272 Commune
901 2209 934 2272 et
949 2203 1095 2271 homines
1111 2204 1265 2273 Veneciu-
1381 2269 1383 2274 .

133 2332 215 2396 rum,
232 2330 293 2377 nec
308 2309 507 2378 habitatores
538 2309 666 2394 fideles,
692 2309 912 2380 districtualee
944 2331 1003 2379 seu
1018 2311 1164 2380 subditos
1182 2312 1261 2378 dicti

133 2417 258 2486 domini
274 2417 384 2502 Ducis,
396 2417 612 2500 neocliquam
629 2421 748 2484 terrem
765 2439 825 2486 seu
841 2419 946 2486 locum
962 2419 1132 2486 habentem
1146 2420 1260 2486 Recto·

134 2544 204 2592 rem
222 2543 283 2610 pro
299 2523 385 2591 dioto
398 2523 529 2591 domino
545 2524 636 2592 Duce
649 2560 1233 2576 ----------

132 2721 169 2786 (A
185 2721 323 2772 velenonei
358 2721 455 2790 „Liber
480 2727 620 2789 pectorum
642 2721 771 2774 Feroci&
788 2710 875 2773 crimll
888 2719 1110 2788 tllcmkcnyvbe'l
1134 2726 1175 2775 ot.
1189 2724 1207 2774 l.
1218 2744 1225 2787 ς
1238 2739 1263 2775 s.

234 2805 359 2876 belgrldi
371 2807 550 2877 tudomlnyos
576 2807 697 2877 rernm
713 2811 906 2877 „Glesznilrjc¹
922 2811 980 2864 XV.
994 2812 1050 2864 lrtt.
1065 2815 1126 2864 101.
1143 2814 1173 2878 l.)

590 3098 804 3111 Q—n———n

649 3613 724 3680 ccl.

129 3813 178 3876 Αι
193 3813 386 3893 certergomc'
410 3810 632 3894 kdptolonnolr
655 3813 800 3897 jetenttre
832 3813 893 3877 IV.
929 3811 1045 3878 Ldszlc
1075 3813 1259 3898 kirdlyltoz,

130 3921 215 4004 kopp
231 3917 295 3982 Pet
309 3927 421 3982 mester
436 3921 620 4004 eezterpomi
631 3922 831 4004 prepoetrrolo
846 3921 913 3986 to‘bb
929 3923 1082 3985 cervicose
1098 3920 1212 3984 Zomor
1224 3923 1255 3986 es

214 4023 446 4090 Udcarnottan
462 4029 530 4091 leoli
546 4027 824 4092 rorabirtotcttan
840 4029 1061 4094 stotcdltutott.
1080 4026 1178 4093 1289.

238 4218 502 4288 Exellcntissimo
520 4220 649 4288 domino
665 4241 724 4287 suo
741 4221 872 4289 domino
888 4221 1043 4289 Ledizleo
1061 4221 1122 4288 Dei
1140 4224 1256 4306 grecie

125 4323 252 4390 illustri
269 4325 350 4406 Regi
369 4325 512 4409 Vngerie
539 4327 724 4412 Capitulum
753 4327 901 4396 Ecclesie
928 4329 1162 4418 strigoniensis
1187 4351 1257 4397 orc-

124 4432 238 4498 cioncs
269 4430 302 4496 in
321 4431 449 4500 Christo
465 4435 594 4502 debitas
619 4442 651 4502 et
675 4435 821 4502 denotas.
850 4438 967 4504 Vestro
992 4438 1120 4506 nouerit
1144 4439 1248 4523 Regis

125 4536 306 4623 Celsitudo,
323 4560 382 4606 nos
397 4543 558 4628 recepisse
574 4551 702 4612 nestros
712 4543 838 4612 litteras
849 4565 921 4613 cum
938 4545 1048 4613 debita
1063 4539 1255 4615 reuerenci'o

126 4645 163 4710 in
180 4643 241 4710 hec
258 4645 378 4716 uerbo:
