3118 5158
300 1032 330 1098 A
347 1030 514 1118 coaptant
538 1027 761 1115 kdptolaarrolr
785 1025 1058 1114 bizooyedyleoele,
1083 1027 1165 1110 bopy
1180 1023 1277 1090 Jotaa
1292 1025 1417 1112 bedyrdp·

585 1137 640 1202 bcre
654 1139 890 1222 botdra'quzc'tde
906 1141 1029 1200 ttrte'ot.
1055 1137 1152 1201 1274.

410 1333 479 1402 Nos
510 1332 694 1420 Capitulum
725 1332 874 1400 Ecclesia
904 1330 1170 1418 wesprimiensis
1206 1331 1419 1416 significamus

300 1443 417 1528 quibus
443 1441 574 1529 expedit
593 1443 795 1530 presencium
821 1461 880 1526 per
899 1431 1062 1525 tenorem,
1092 1438 1180 1524 quod
1206 1459 1278 1506 cum
1303 1441 1419 1508 litteras

301 1551 421 1620 domini
446 1551 481 1618 L.
497 1550 640 1618 illustris
657 1548 756 1633 Regis
772 1549 940 1631 Hungarie
965 1546 1199 1633 recepissemus
1225 1568 1298 1616 cum
1318 1546 1421 1614 debita

300 1658 488 1728 reuerentia
519 1657 736 1743 continentes,
770 1663 807 1722 ut
836 1643 1057 1724 testimonium
1088 1662 1234 1722 nostrum
1263 1655 1419 1742 ydoneum

301 1769 428 1834 mittere
445 1767 647 1851 deberemus,
667 1785 777 1834 eoram
794 1784 858 1849 quo
873 1765 1024 1850 Mathyae
1040 1764 1082 1832 de
1098 1765 1159 1831 Vrs
1174 1765 1354 1850 pristaldos
1370 1783 1421 1830 seu

301 1877 395 1942 homo
421 1875 520 1958 Regis
552 1873 668 1958 viginti
692 1873 806 1957 iugera
832 1879 993 1940 terrarum
1027 1878 1060 1939 et
1084 1893 1181 1940 vnum
1208 1873 1420 1940 molendinum

301 1983 449 2068 Magistri
473 1981 611 2050 Reuoldi
637 1981 695 2065 filij
724 1978 858 2046 comitis
876 1977 993 2065 Myslre
1019 1980 1054 2046 in
1079 1980 1242 2048 territorio
1267 1979 1309 2044 de
1332 1979 1422 2046 Jutos

300 2097 414 2160 contra
438 2091 600 2160 iusticiam
625 2097 783 2177 occupata
808 2089 1043 2158 reambulando
1069 2089 1174 2156 eidem
1194 2087 1350 2173 Magistro
1366 2089 1422 2153 Re·

300 2200 397 2266 noldo
414 2205 570 2286 statueret
585 2206 618 2266 et
636 2199 829 2284 assignaret,
854 2199 884 2264 si
900 2219 966 2264 non
981 2198 1073 2264 fieret
1090 2195 1334 2280 contradictum,
1354 2217 1424 2263 ocn-

299 2307 525 2374 tradicionibus
562 2303 613 2372 ad'
630 2306 766 2390 Regiam
790 2305 992 2392 presenciam
1018 2307 1161 2373 euocatis
1187 2305 1229 2371 ad
1255 2303 1427 2370 terminum

300 2421 546 2502 competentem.
562 2415 666 2500 Igitur
682 2436 753 2482 eum
770 2433 866 2482 vnum
884 2435 924 2482 cx
941 2415 1037 2484 nobis
1054 2413 1159 2483 uimm
1174 2415 1337 2502 ydoneum
1356 2431 1425 2477 cnm

300 2522 429 2589 homine
447 2521 569 2589 domini
583 2523 682 2606 Regis
702 2521 746 2589 ad
760 2521 1029 2590 reambulandum
1047 2521 1162 2590 eadem
1179 2521 1296 2606 uiginti
1312 2519 1429 2603 iugera

299 2639 456 2698 terrarum
477 2638 509 2698 et
525 2632 747 2699 molendinum
774 2632 1032 2700 destinassemus
1059 2632 1211 2702 mandato
1230 2631 1332 2714 Regio
1352 2627 1427 2696 fido·

298 2739 393 2822 liter;
418 2740 620 2824 assurgendo
646 2759 720 2808 ecoe
745 2738 905 2824 siquidem
931 2761 1004 2808 cnm
1030 2740 1153 2810 eisdem
1180 2740 1312 2824 quidem
1329 2737 1431 2804 homo

299 2846 428 2914 nomine
442 2847 544 2914 Buten
569 2847 758 2916 tanarnious
782 2848 953 2934 Reginalis
978 2849 1022 2916 ad
1047 2870 1107 2917 nos
1128 2847 1272 2934 ueniens,
1289 2845 1332 2914 dc
1349 2845 1433 2912 uilla

299 2955 393 3023 Jutos
418 2955 569 3042 exposuit
600 2954 678 3024 uiua
702 2977 800 3044 uoce,
834 2958 923 3024 socio
950 2969 1061 3027 nostro
1093 2963 1126 3024 et
1150 2955 1278 3024 homine
1303 2952 1434 3020 domini

299 3065 379 3148 Regi
394 3063 456 3130 hoo
471 3061 557 3132 idem
573 3062 788 3132 referentibus
805 3065 963 3151 seriatim3
980 3065 1067 3150 quod
1083 3064 1250 3152 predictus
1266 3063 1434 3146 Magister

299 3171 464 3240 Renoldns
491 3171 524 3238 in
541 3173 703 3240 territorio
731 3173 772 3240 de
788 3174 880 3241 Jntos
897 3173 1031 3240 haberet
1055 3171 1172 3256 uiginti
1199 3173 1312 3257 iugera
1328 3177 1435 3237 terra·

298 3297 369 3344 rum
385 3285 417 3345 et
432 3301 530 3348 vnum
546 3279 766 3348 molendinum
793 3300 865 3346 cum
882 3301 947 3348 uuo
963 3279 1063 3346 fundo
1088 3281 1176 3348 curie
1196 3281 1325 3347 mixtim
1343 3279 1443 3344 inter

298 3387 369 3453 iura
383 3386 500 3471 aliena,
524 3387 687 3471 quoidam
704 3387 831 3454 Bathea
847 3406 919 3453 cum
945 3385 1070 3456 duobus
1087 3389 1235 3472 cognatis
1251 3388 1320 3456 suis
1353 3385 1440 3453 deti-

298 3495 422 3559 nebant
451 3493 595 3562 indebite
625 3493 823 3579 occupando.
856 3493 919 3572 Qui
948 3492 1079 3579 quidem
1106 3495 1242 3582 Bathea,
1267 3503 1446 3578 parantum

298 3620 358 3666 sua
374 3600 552 3688 intererat,
577 3607 751 3688 prenotata
776 3601 893 3687 uiginti
918 3603 1032 3687 iugera
1057 3609 1217 3670 terrarum
1246 3609 1278 3668 et
1303 3604 1444 3670 molen-

297 3709 409 3776 dinum
434 3729 544 3776 coram
569 3711 663 3778 nobis
687 3709 770 3796 ipsis
787 3709 943 3793 Magistro
959 3711 1106 3780 Renoldo
1132 3710 1273 3778 restituit
1296 3719 1335 3778 ct
1355 3715 1450 3779 resi·

298 3817 412 3899 gnauit
437 3825 590 3905 perpetuo
615 3817 833 3904 possidenda,
857 3838 984 3903 negans
1010 3838 1047 3884 se
1062 3819 1184 3886 habere
1203 3818 1284 3886 iuris
1300 3819 1455 3903 aliquid

297 3925 330 3988 in
357 3923 488 3992 eisdem.
520 3927 641 3992 Datum
667 3948 753 3994 anno
778 3926 910 3992 Domini
936 3924 1047 3994 M⁰OO⁰
1067 3927 1286 4013 septugesima
1309 3937 1456 4010 quarto

297 4031 434 4098 sabbato
451 4039 527 4100 aute
543 4032 736 4101 dominicam
755 4031 1050 4100 Circumdederunt.
1073 4077 1078 4086 -

405 4139 531 4206 Ktottl:
554 4141 616 4206 Pro
632 4140 787 4224 Magistro
806 4141 952 4207 Renoldo
978 4161 1077 4226 snper
1092 4141 1162 4208 iure
1188 4161 1247 4207 suo
1263 4141 1305 4205 de
1327 4143 1353 4208 J
1359 4153 1461 4211 utos.

283 4302 432 4381 ¹(Eredetic
454 4300 627 4368 bb'rhrirtydn,
641 4305 769 4369 melynelr
782 4299 880 4357 hdtrira
903 4319 920 4354 a
934 4299 1067 4372 lrdptalen
1079 4302 1200 4371 pccsdtje
1223 4319 1274 4355 rau
1289 4296 1464 4370 uyomvru

480 4405 496 4440 a
511 4391 613 4444 ldmdlt.
627 4396 739 4461 bercasg
753 4391 901 4461 Batthytni
915 4393 1007 4446 esartd
1021 4391 1230 4459 lerdltdrlban.)

754 4601 964 4615 m-a——fl
