<?xml version="1.0" encoding="UTF-8"?>
<!DOCTYPE html PUBLIC "-//W3C//DTD XHTML 1.0 Transitional//EN"
    "http://www.w3.org/TR/xhtml1/DTD/xhtml1-transitional.dtd">
<html xmlns="http://www.w3.org/1999/xhtml" xml:lang="en" lang="en">
 <head>
  <title>
</title>
<meta http-equiv="Content-Type" content="text/html;charset=utf-8" />
  <meta name='ocr-system' content='tesseract 3.04.00' />
  <meta name='ocr-capabilities' content='ocr_page ocr_carea ocr_par ocr_line ocrx_word'/>
</head>
<body>
  <div class='ocr_page' id='page_1' title='image "./codexdiplomatic12wenzgoog_0496.png"; bbox 0 0 3138 5164; ppageno 0'>
   <div class='ocr_carea' id='block_1_1' title="bbox 794 269 951 365">
    <p class='ocr_par' dir='ltr' id='par_1_1' title="bbox 794 269 951 365">
     <span class='ocr_line' id='line_1_1' title="bbox 794 269 951 365; baseline 0.006 -2"><span class='ocrx_word' id='word_1_1' title='bbox 794 269 951 365; x_wconf 56' lang='lat' dir='ltr'>,Auo—</span> 
     </span>
    </p>
   </div>
   <div class='ocr_carea' id='block_1_2' title="bbox 234 461 1427 2164">
    <p class='ocr_par' dir='ltr' id='par_1_2' title="bbox 234 461 1427 2164">
     <span class='ocr_line' id='line_1_2' title="bbox 301 461 1427 549; baseline 0.008 -23"><span class='ocrx_word' id='word_1_2' title='bbox 301 464 395 529; x_wconf 84' lang='lat' dir='ltr'>mina</span> <span class='ocrx_word' id='word_1_3' title='bbox 405 461 574 528; x_wconf 80' lang='lat' dir='ltr'>Elisabeth</span> <span class='ocrx_word' id='word_1_4' title='bbox 586 467 698 529; x_wconf 89' lang='lat' dir='ltr'>nostra</span> <span class='ocrx_word' id='word_1_5' title='bbox 714 483 805 530; x_wconf 90' lang='lat' dir='ltr'>soror</span> <span class='ocrx_word' id='word_1_6' title='bbox 815 462 1003 549; x_wconf 85' lang='lat' dir='ltr'>karissima,</span> <span class='ocrx_word' id='word_1_7' title='bbox 1020 464 1107 548; x_wconf 81' lang='lat' dir='ltr'>quod</span> <span class='ocrx_word' id='word_1_8' title='bbox 1118 484 1175 532; x_wconf 85' lang='lat' dir='ltr'>vos</span> <span class='ocrx_word' id='word_1_9' title='bbox 1184 466 1343 548; x_wconf 88' lang='lat' dir='ltr'>quosdam</span> <span class='ocrx_word' id='word_1_10' title='bbox 1356 489 1427 535; x_wconf 90' lang='lat' dir='ltr'>mer·</span> 
     </span>
     <span class='ocr_line' id='line_1_3' title="bbox 303 569 1427 664; baseline 0.003 -27"><span class='ocrx_word' id='word_1_11' title='bbox 303 578 429 640; x_wconf 88' lang='lat' dir='ltr'>catores</span> <span class='ocrx_word' id='word_1_12' title='bbox 443 570 484 635; x_wconf 90' lang='lat' dir='ltr'>de</span> <span class='ocrx_word' id='word_1_13' title='bbox 493 571 717 638; x_wconf 83' lang='lat' dir='ltr'>Zoluukemen</span> <span class='ocrx_word' id='word_1_14' title='bbox 726 569 949 664; x_wconf 84' lang='lat' dir='ltr'>etdeZsmlen</span> <span class='ocrx_word' id='word_1_15' title='bbox 958 591 1023 638; x_wconf 92' lang='lat' dir='ltr'>non</span> <span class='ocrx_word' id='word_1_16' title='bbox 1034 572 1140 638; x_wconf 86' lang='lat' dir='ltr'>seluto</span> <span class='ocrx_word' id='word_1_17' title='bbox 1149 572 1272 640; x_wconf 88' lang='lat' dir='ltr'>tributo</span> <span class='ocrx_word' id='word_1_18' title='bbox 1282 583 1427 642; x_wconf 86' lang='lat' dir='ltr'>consueto</span> 
     </span>
     <span class='ocr_line' id='line_1_4' title="bbox 302 675 1426 764; baseline 0.006 -22"><span class='ocrx_word' id='word_1_19' title='bbox 302 678 395 745; x_wconf 85' lang='lat' dir='ltr'>abire</span> <span class='ocrx_word' id='word_1_20' title='bbox 411 677 615 764; x_wconf 83' lang='lat' dir='ltr'>permisistis.</span> <span class='ocrx_word' id='word_1_21' title='bbox 632 675 726 742; x_wconf 83' lang='lat' dir='ltr'>Vnde</span> <span class='ocrx_word' id='word_1_22' title='bbox 742 697 814 744; x_wconf 93' lang='lat' dir='ltr'>cum</span> <span class='ocrx_word' id='word_1_23' title='bbox 830 695 890 762; x_wconf 91' lang='lat' dir='ltr'>per</span> <span class='ocrx_word' id='word_1_24' title='bbox 905 677 967 744; x_wconf 88' lang='lat' dir='ltr'>boc</span> <span class='ocrx_word' id='word_1_25' title='bbox 981 677 1047 744; x_wconf 88' lang='lat' dir='ltr'>iuri</span> <span class='ocrx_word' id='word_1_26' title='bbox 1062 679 1165 764; x_wconf 86' lang='lat' dir='ltr'>ipsius</span> <span class='ocrx_word' id='word_1_27' title='bbox 1182 678 1311 748; x_wconf 90' lang='lat' dir='ltr'>domine</span> <span class='ocrx_word' id='word_1_28' title='bbox 1327 681 1426 749; x_wconf 83' lang='lat' dir='ltr'>Elisa·</span> 
     </span>
     <span class='ocr_line' id='line_1_5' title="bbox 252 783 1424 874; baseline 0.005 -22"><span class='ocrx_word' id='word_1_29' title='bbox 252 831 256 840; x_wconf 59' lang='lat'><em>›</em></span> <span class='ocrx_word' id='word_1_30' title='bbox 303 787 381 852; x_wconf 89' lang='lat' dir='ltr'>beth</span> <span class='ocrx_word' id='word_1_31' title='bbox 415 806 481 852; x_wconf 92' lang='lat' dir='ltr'>non</span> <span class='ocrx_word' id='word_1_32' title='bbox 505 785 667 852; x_wconf 91' lang='lat' dir='ltr'>modicum</span> <span class='ocrx_word' id='word_1_33' title='bbox 694 783 884 870; x_wconf 81' lang='lat' dir='ltr'>derogetur;</span> <span class='ocrx_word' id='word_1_34' title='bbox 911 783 1062 852; x_wconf 88' lang='lat' dir='ltr'>fidelitati</span> <span class='ocrx_word' id='word_1_35' title='bbox 1089 794 1196 854; x_wconf 87' lang='lat' dir='ltr'>vestre</span> <span class='ocrx_word' id='word_1_36' title='bbox 1221 789 1424 874; x_wconf 74' lang='lat' dir='ltr'>precipiendo</span> 
     </span>
     <span class='ocr_line' id='line_1_6' title="bbox 268 879 1427 982; baseline 0.005 -24"><span class='ocrx_word' id='word_1_37' title='bbox 268 879 273 894; x_wconf 82' lang='lat'>&#39;</span> <span class='ocrx_word' id='word_1_38' title='bbox 303 892 508 982; x_wconf 75' lang='lat' dir='ltr'><strong>mandamus,</strong></span> <span class='ocrx_word' id='word_1_39' title='bbox 541 899 701 978; x_wconf 89' lang='lat' dir='ltr'>quatenus</span> <span class='ocrx_word' id='word_1_40' title='bbox 731 891 841 960; x_wconf 82' lang='lat' dir='ltr'>statim</span> <span class='ocrx_word' id='word_1_41' title='bbox 867 891 947 960; x_wconf 88' lang='lat' dir='ltr'>uisis</span> <span class='ocrx_word' id='word_1_42' title='bbox 978 893 1182 978; x_wconf 74' lang='lat' dir='ltr'>presentibus</span> <span class='ocrx_word' id='word_1_43' title='bbox 1213 895 1255 962; x_wconf 88' lang='lat' dir='ltr'>ab</span> <span class='ocrx_word' id='word_1_44' title='bbox 1287 898 1427 965; x_wconf 88' lang='lat' dir='ltr'>omnibus</span> 
     </span>
     <span class='ocr_line' id='line_1_7' title="bbox 305 998 1427 1089; baseline 0.005 -23"><span class='ocrx_word' id='word_1_45' title='bbox 305 998 594 1088; x_wconf 70' lang='lat' dir='ltr'>mercatorisfigy)</span> <span class='ocrx_word' id='word_1_46' title='bbox 610 999 652 1066; x_wconf 88' lang='lat' dir='ltr'>de</span> <span class='ocrx_word' id='word_1_47' title='bbox 682 1001 905 1068; x_wconf 87' lang='lat' dir='ltr'>Zolunkemeu</span> <span class='ocrx_word' id='word_1_48' title='bbox 922 1007 954 1067; x_wconf 87' lang='lat' dir='ltr'>et</span> <span class='ocrx_word' id='word_1_49' title='bbox 984 1000 1026 1067; x_wconf 88' lang='lat' dir='ltr'>de</span> <span class='ocrx_word' id='word_1_50' title='bbox 1055 1001 1200 1068; x_wconf 87' lang='lat' dir='ltr'>Zemlem</span> <span class='ocrx_word' id='word_1_51' title='bbox 1230 1003 1330 1070; x_wconf 88' lang='lat' dir='ltr'>acab</span> <span class='ocrx_word' id='word_1_52' title='bbox 1360 1004 1427 1089; x_wconf 76' lang='lat' dir='ltr'>eliJ&#39;s</span> 
     </span>
     <span class='ocr_line' id='line_1_8' title="bbox 304 1107 1426 1194; baseline 0.003 -21"><span class='ocrx_word' id='word_1_53' title='bbox 304 1107 557 1192; x_wconf 90' lang='lat' dir='ltr'>quibuscumque</span> <span class='ocrx_word' id='word_1_54' title='bbox 571 1107 724 1174; x_wconf 91' lang='lat' dir='ltr'>tributum</span> <span class='ocrx_word' id='word_1_55' title='bbox 741 1116 929 1178; x_wconf 88' lang='lat' dir='ltr'>consuetum</span> <span class='ocrx_word' id='word_1_56' title='bbox 945 1107 1015 1190; x_wconf 85' lang='lat' dir='ltr'>dari</span> <span class='ocrx_word' id='word_1_57' title='bbox 1033 1114 1066 1174; x_wconf 91' lang='lat' dir='ltr'>ct</span> <span class='ocrx_word' id='word_1_58' title='bbox 1084 1109 1227 1194; x_wconf 91' lang='lat' dir='ltr'>persolui</span> <span class='ocrx_word' id='word_1_59' title='bbox 1236 1110 1366 1178; x_wconf 77' lang='lat' dir='ltr'>faciatis</span> <span class='ocrx_word' id='word_1_60' title='bbox 1389 1131 1426 1178; x_wconf 81' lang='lat' dir='ltr'>ex</span> 
     </span>
     <span class='ocr_line' id='line_1_9' title="bbox 305 1215 1426 1303; baseline 0.002 -21"><span class='ocrx_word' id='word_1_61' title='bbox 305 1218 445 1303; x_wconf 83' lang='lat' dir='ltr'>integro,</span> <span class='ocrx_word' id='word_1_62' title='bbox 460 1235 524 1282; x_wconf 94' lang='lat' dir='ltr'>non</span> <span class='ocrx_word' id='word_1_63' title='bbox 540 1215 748 1284; x_wconf 79' lang='lat' dir='ltr'>obstantibus</span> <span class='ocrx_word' id='word_1_64' title='bbox 763 1217 883 1284; x_wconf 90' lang='lat' dir='ltr'>litteris</span> <span class='ocrx_word' id='word_1_65' title='bbox 920 1216 1049 1303; x_wconf 89' lang='lat' dir='ltr'>nostris,</span> <span class='ocrx_word' id='word_1_66' title='bbox 1075 1218 1103 1284; x_wconf 88' lang='lat' dir='ltr'>si</span> <span class='ocrx_word' id='word_1_67' title='bbox 1129 1237 1193 1302; x_wconf 86' lang='lat' dir='ltr'>que</span> <span class='ocrx_word' id='word_1_68' title='bbox 1217 1237 1276 1302; x_wconf 93' lang='lat' dir='ltr'>per</span> <span class='ocrx_word' id='word_1_69' title='bbox 1301 1218 1426 1284; x_wconf 89' lang='lat' dir='ltr'>eosdem</span> 
     </span>
     <span class='ocr_line' id='line_1_10' title="bbox 306 1321 1424 1409; baseline 0 -21"><span class='ocrx_word' id='word_1_70' title='bbox 306 1329 502 1390; x_wconf 88' lang='lat' dir='ltr'>mercatores</span> <span class='ocrx_word' id='word_1_71' title='bbox 517 1321 637 1390; x_wconf 85' lang='lat' dir='ltr'>luerint</span> <span class='ocrx_word' id='word_1_72' title='bbox 653 1328 850 1408; x_wconf 75' lang='lat' dir='ltr'>presentato.</span> <span class='ocrx_word' id='word_1_73' title='bbox 867 1321 1017 1390; x_wconf 79' lang='lat' dir='ltr'>Ceterum</span> <span class='ocrx_word' id='word_1_74' title='bbox 1033 1323 1195 1409; x_wconf 88' lang='lat' dir='ltr'>uolumus,</span> <span class='ocrx_word' id='word_1_75' title='bbox 1212 1325 1299 1408; x_wconf 86' lang='lat' dir='ltr'>quod</span> <span class='ocrx_word' id='word_1_76' title='bbox 1316 1325 1358 1390; x_wconf 89' lang='lat' dir='ltr'>ds</span> <span class='ocrx_word' id='word_1_77' title='bbox 1375 1323 1424 1389; x_wconf 87' lang='lat' dir='ltr'>tri-</span> 
     </span>
     <span class='ocr_line' id='line_1_11' title="bbox 310 1428 1426 1517; baseline 0.002 -22"><span class='ocrx_word' id='word_1_78' title='bbox 310 1430 405 1513; x_wconf 85' lang='lat' dir='ltr'>buto,</span> <span class='ocrx_word' id='word_1_79' title='bbox 433 1429 519 1513; x_wconf 88' lang='lat' dir='ltr'>quod</span> <span class='ocrx_word' id='word_1_80' title='bbox 536 1451 596 1515; x_wconf 91' lang='lat' dir='ltr'>per</span> <span class='ocrx_word' id='word_1_81' title='bbox 620 1437 765 1498; x_wconf 86' lang='lat' dir='ltr'>uestram</span> <span class='ocrx_word' id='word_1_82' title='bbox 789 1428 1029 1514; x_wconf 82' lang='lat' dir='ltr'>negligenciam</span> <span class='ocrx_word' id='word_1_83' title='bbox 1055 1449 1121 1496; x_wconf 92' lang='lat' dir='ltr'>non</span> <span class='ocrx_word' id='word_1_84' title='bbox 1148 1439 1198 1498; x_wconf 87' lang='lat' dir='ltr'>est</span> <span class='ocrx_word' id='word_1_85' title='bbox 1221 1431 1426 1517; x_wconf 88' lang='lat' dir='ltr'>persolutum,</span> 
     </span>
     <span class='ocr_line' id='line_1_12' title="bbox 309 1535 1425 1605; baseline 0.002 -3"><span class='ocrx_word' id='word_1_86' title='bbox 309 1535 503 1605; x_wconf 80' lang='lat' dir='ltr'>officialibus</span> <span class='ocrx_word' id='word_1_87' title='bbox 527 1537 671 1604; x_wconf 88' lang='lat' dir='ltr'>eiusdem</span> <span class='ocrx_word' id='word_1_88' title='bbox 686 1537 816 1604; x_wconf 91' lang='lat' dir='ltr'>domine</span> <span class='ocrx_word' id='word_1_89' title='bbox 833 1536 1001 1604; x_wconf 81' lang='lat' dir='ltr'>Elisabeth</span> <span class='ocrx_word' id='word_1_90' title='bbox 1033 1535 1252 1604; x_wconf 87' lang='lat' dir='ltr'>omnimodam</span> <span class='ocrx_word' id='word_1_91' title='bbox 1283 1537 1425 1604; x_wconf 79' lang='lat' dir='ltr'>eclisiae·</span> 
     </span>
     <span class='ocr_line' id='line_1_13' title="bbox 310 1641 1425 1730; baseline 0.001 -22"><span class='ocrx_word' id='word_1_92' title='bbox 310 1641 435 1708; x_wconf 90' lang='lat' dir='ltr'>cionem</span> <span class='ocrx_word' id='word_1_93' title='bbox 450 1643 658 1730; x_wconf 84' lang='lat' dir='ltr'>impendatis,</span> <span class='ocrx_word' id='word_1_94' title='bbox 675 1643 806 1710; x_wconf 90' lang='lat' dir='ltr'>remotis</span> <span class='ocrx_word' id='word_1_95' title='bbox 822 1662 950 1726; x_wconf 88' lang='lat' dir='ltr'>amors,</span> <span class='ocrx_word' id='word_1_96' title='bbox 979 1643 1093 1709; x_wconf 89' lang='lat' dir='ltr'>timore</span> <span class='ocrx_word' id='word_1_97' title='bbox 1110 1645 1164 1710; x_wconf 92' lang='lat' dir='ltr'>uel</span> <span class='ocrx_word' id='word_1_98' title='bbox 1182 1643 1295 1712; x_wconf 79' lang='lat' dir='ltr'>fauore</span> <span class='ocrx_word' id='word_1_99' title='bbox 1311 1645 1425 1728; x_wconf 81' lang='lat' dir='ltr'>aliquo-</span> 
     </span>
     <span class='ocr_line' id='line_1_14' title="bbox 308 1751 1426 1840; baseline 0.001 -22"><span class='ocrx_word' id='word_1_100' title='bbox 308 1771 399 1836; x_wconf 80' lang='lat' dir='ltr'>rum3</span> <span class='ocrx_word' id='word_1_101' title='bbox 415 1751 492 1835; x_wconf 88' lang='lat' dir='ltr'>quia</span> <span class='ocrx_word' id='word_1_102' title='bbox 507 1751 668 1840; x_wconf 87' lang='lat' dir='ltr'>uolumus,</span> <span class='ocrx_word' id='word_1_103' title='bbox 699 1752 785 1834; x_wconf 87' lang='lat' dir='ltr'>quod</span> <span class='ocrx_word' id='word_1_104' title='bbox 809 1771 920 1820; x_wconf 87' lang='lat' dir='ltr'>omues</span> <span class='ocrx_word' id='word_1_105' title='bbox 935 1758 1130 1820; x_wconf 80' lang='lat' dir='ltr'>mercatores</span> <span class='ocrx_word' id='word_1_106' title='bbox 1146 1753 1303 1822; x_wconf 91' lang='lat' dir='ltr'>tributum</span> <span class='ocrx_word' id='word_1_107' title='bbox 1327 1753 1426 1820; x_wconf 78' lang='lat' dir='ltr'>kans-</span> 
     </span>
     <span class='ocr_line' id='line_1_15' title="bbox 307 1858 1427 1945; baseline -0.002 -19"><span class='ocrx_word' id='word_1_108' title='bbox 307 1858 390 1927; x_wconf 87' lang='lat' dir='ltr'>simo</span> <span class='ocrx_word' id='word_1_109' title='bbox 404 1859 508 1926; x_wconf 91' lang='lat' dir='ltr'>sorori</span> <span class='ocrx_word' id='word_1_110' title='bbox 523 1866 632 1926; x_wconf 88' lang='lat' dir='ltr'>nostre</span> <span class='ocrx_word' id='word_1_111' title='bbox 648 1859 791 1928; x_wconf 89' lang='lat' dir='ltr'>debitum</span> <span class='ocrx_word' id='word_1_112' title='bbox 807 1859 1098 1945; x_wconf 77' lang='lat' dir='ltr'>persoluentinxta</span> <span class='ocrx_word' id='word_1_113' title='bbox 1116 1859 1380 1928; x_wconf 85' lang='lat' dir='ltr'>consuetudinem</span> <span class='ocrx_word' id='word_1_114' title='bbox 1390 1861 1427 1926; x_wconf 84' lang='lat' dir='ltr'>ab</span> 
     </span>
     <span class='ocr_line' id='line_1_16' title="bbox 234 1967 1427 2051; baseline 0 -17"><span class='ocrx_word' id='word_1_115' title='bbox 234 2001 240 2012; x_wconf 83' lang='lat'>=</span> <span class='ocrx_word' id='word_1_116' title='bbox 310 1967 443 2051; x_wconf 86' lang='lat' dir='ltr'>antiquo</span> <span class='ocrx_word' id='word_1_117' title='bbox 460 1969 676 2035; x_wconf 88' lang='lat' dir='ltr'>obseruatam.</span> <span class='ocrx_word' id='word_1_118' title='bbox 709 1969 827 2036; x_wconf 88' lang='lat' dir='ltr'>Datum</span> <span class='ocrx_word' id='word_1_119' title='bbox 859 1967 950 2034; x_wconf 92' lang='lat' dir='ltr'>Bude</span> <span class='ocrx_word' id='word_1_120' title='bbox 980 1967 1015 2033; x_wconf 90' lang='lat' dir='ltr'>in</span> <span class='ocrx_word' id='word_1_121' title='bbox 1031 1970 1155 2036; x_wconf 85' lang='lat' dir='ltr'>octauis</span> <span class='ocrx_word' id='word_1_122' title='bbox 1180 1969 1268 2038; x_wconf 90' lang='lat' dir='ltr'>Petri</span> <span class='ocrx_word' id='word_1_123' title='bbox 1295 1977 1328 2036; x_wconf 89' lang='lat' dir='ltr'>et</span> <span class='ocrx_word' id='word_1_124' title='bbox 1341 1969 1427 2036; x_wconf 91' lang='lat' dir='ltr'>Pauli</span> 
     </span>
     <span class='ocr_line' id='line_1_17' title="bbox 308 2072 1300 2164; baseline 0.004 -24"><span class='ocrx_word' id='word_1_125' title='bbox 308 2072 537 2160; x_wconf 82' lang='lat' dir='ltr'>Apostolorum</span> <span class='ocrx_word' id='word_1_126' title='bbox 554 2094 640 2143; x_wconf 88' lang='lat' dir='ltr'>anno</span> <span class='ocrx_word' id='word_1_127' title='bbox 657 2075 787 2142; x_wconf 89' lang='lat' dir='ltr'>Domini</span> <span class='ocrx_word' id='word_1_128' title='bbox 803 2073 923 2142; x_wconf 80' lang='lat' dir='ltr'><strong>M⁰OC⁰</strong></span> <span class='ocrx_word' id='word_1_129' title='bbox 937 2076 1136 2160; x_wconf 80' lang='lat' dir='ltr'>octagesimo</span> <span class='ocrx_word' id='word_1_130' title='bbox 1152 2079 1300 2164; x_wconf 89' lang='lat' dir='ltr'>septimo.</span> 
     </span>
    </p>
   </div>
   <div class='ocr_carea' id='block_1_3' title="bbox 308 2267 1425 2426">
    <p class='ocr_par' dir='ltr' id='par_1_3' title="bbox 308 2267 1425 2426">
     <span class='ocr_line' id='line_1_18' title="bbox 308 2267 1425 2339; baseline 0.001 -17"><span class='ocrx_word' id='word_1_131' title='bbox 308 2271 448 2336; x_wconf 76' lang='lat' dir='ltr'>(Bredctie</span> <span class='ocrx_word' id='word_1_132' title='bbox 473 2267 647 2339; x_wconf 71' lang='lat' dir='ltr'>bttrbtlrtydm</span> <span class='ocrx_word' id='word_1_133' title='bbox 676 2271 798 2338; x_wconf 80' lang='lat' dir='ltr'>pocsttjc</span> <span class='ocrx_word' id='word_1_134' title='bbox 825 2272 963 2334; x_wconf 81' lang='lat' dir='ltr'>clresuett,</span> <span class='ocrx_word' id='word_1_135' title='bbox 989 2287 1007 2323; x_wconf 78' lang='lat' dir='ltr'>a</span> <span class='ocrx_word' id='word_1_136' title='bbox 1025 2274 1108 2326; x_wconf 83' lang='lat' dir='ltr'>budai</span> <span class='ocrx_word' id='word_1_137' title='bbox 1133 2276 1185 2326; x_wconf 87' lang='lat' dir='ltr'>kir.</span> <span class='ocrx_word' id='word_1_138' title='bbox 1204 2276 1326 2331; x_wconf 76' lang='lat' dir='ltr'>kamarai</span> <span class='ocrx_word' id='word_1_139' title='bbox 1349 2271 1425 2325; x_wconf 80' lang='lat' dir='ltr'>levdl-</span> 
     </span>
     <span class='ocr_line' id='line_1_19' title="bbox 811 2358 929 2426; baseline 0 -13"><span class='ocrx_word' id='word_1_140' title='bbox 811 2358 929 2426; x_wconf 78' lang='lat' dir='ltr'>tdrbau.)</span> 
     </span>
    </p>
   </div>
   <div class='ocr_carea' id='block_1_4' title="bbox 767 2629 979 2644">
    <p class='ocr_par' dir='ltr' id='par_1_4' title="bbox 767 2629 979 2644">
     <span class='ocr_line' id='line_1_20' title="bbox 767 2629 979 2644; baseline 0 0"><span class='ocrx_word' id='word_1_141' title='bbox 767 2629 979 2644; x_wconf 53' lang='lat' dir='ltr'>h—*u—</span> 
     </span>
    </p>
   </div>
   <div class='ocr_carea' id='block_1_5' title="bbox 843 3177 915 3244">
    <p class='ocr_par' dir='ltr' id='par_1_5' title="bbox 843 3177 915 3244">
     <span class='ocr_line' id='line_1_21' title="bbox 843 3177 915 3244; baseline -0.028 0"><span class='ocrx_word' id='word_1_142' title='bbox 843 3177 915 3244; x_wconf 79' lang='grc'>325.</span> 
     </span>
    </p>
   </div>
   <div class='ocr_carea' id='block_1_6' title="bbox 197 3374 1428 3462">
    <p class='ocr_par' dir='ltr' id='par_1_6' title="bbox 197 3374 1428 3462">
     <span class='ocr_line' id='line_1_22' title="bbox 197 3374 1428 3462; baseline -0.006 -21"><span class='ocrx_word' id='word_1_143' title='bbox 197 3409 200 3414; x_wconf 95' lang='grc'><strong><em>·</em></strong></span> <span class='ocrx_word' id='word_1_144' title='bbox 311 3375 370 3441; x_wconf 86' lang='lat' dir='ltr'>IV.</span> <span class='ocrx_word' id='word_1_145' title='bbox 388 3375 504 3442; x_wconf 69' lang='lat' dir='ltr'>Lento</span> <span class='ocrx_word' id='word_1_146' title='bbox 519 3374 637 3458; x_wconf 81' lang='lat' dir='ltr'>loirdly,</span> <span class='ocrx_word' id='word_1_147' title='bbox 668 3377 750 3459; x_wconf 74' lang='lat' dir='ltr'>bopy</span> <span class='ocrx_word' id='word_1_148' title='bbox 766 3398 787 3438; x_wconf 84' lang='lat' dir='ltr'>o</span> <span class='ocrx_word' id='word_1_149' title='bbox 803 3376 996 3460; x_wconf 71' lang='lat' dir='ltr'>nyttlsziqeti</span> <span class='ocrx_word' id='word_1_150' title='bbox 1026 3377 1252 3459; x_wconf 74' lang='lat' dir='ltr'>opdczaeu&#39;rdo</span> <span class='ocrx_word' id='word_1_151' title='bbox 1276 3374 1428 3462; x_wconf 73' lang='lat' dir='ltr'>joqaibua</span> 
     </span>
    </p>
   </div>
   <div class='ocr_carea' id='block_1_7' title="bbox 309 3463 1532 3673">
    <p class='ocr_par' dir='ltr' id='par_1_7' title="bbox 309 3463 1532 3673">
     <span class='ocr_line' id='line_1_23' title="bbox 309 3463 1532 3568; baseline -0.009 -18"><span class='ocrx_word' id='word_1_152' title='bbox 309 3487 452 3567; x_wconf 70' lang='lat' dir='ltr'>torreny</span> <span class='ocrx_word' id='word_1_153' title='bbox 468 3505 506 3546; x_wconf 81' lang='lat' dir='ltr'>oc</span> <span class='ocrx_word' id='word_1_154' title='bbox 521 3483 693 3566; x_wconf 73' lang='lat' dir='ltr'>torttnjen,</span> <span class='ocrx_word' id='word_1_155' title='bbox 710 3481 918 3568; x_wconf 69' lang='lat' dir='ltr'>meptaqadju</span> <span class='ocrx_word' id='word_1_156' title='bbox 937 3481 1035 3545; x_wconf 75' lang='lat' dir='ltr'>Bada</span> <span class='ocrx_word' id='word_1_157' title='bbox 1054 3483 1192 3558; x_wconf 75' lang='lat' dir='ltr'>octrdotdl</span> <span class='ocrx_word' id='word_1_158' title='bbox 1207 3506 1228 3545; x_wconf 87' lang='lat' dir='ltr'>u</span> <span class='ocrx_word' id='word_1_159' title='bbox 1244 3483 1313 3545; x_wconf 73' lang='lat' dir='ltr'>leto</span> <span class='ocrx_word' id='word_1_160' title='bbox 1328 3479 1429 3544; x_wconf 75' lang='lat' dir='ltr'>odsu&#39;ri</span> <span class='ocrx_word' id='word_1_161' title='bbox 1531 3463 1532 3528; x_wconf 81' lang='lat' dir='ltr'>l</span> 
     </span>
     <span class='ocr_line' id='line_1_24' title="bbox 694 3587 1042 3673; baseline -0.011 -19"><span class='ocrx_word' id='word_1_162' title='bbox 694 3591 926 3673; x_wconf 77' lang='lat' dir='ltr'>jopositodoyt.</span> <span class='ocrx_word' id='word_1_163' title='bbox 943 3587 1042 3651; x_wconf 81' lang='lat'><strong><em>1287.</em></strong></span> 
     </span>
    </p>
   </div>
   <div class='ocr_carea' id='block_1_8' title="bbox 313 3769 1531 4087">
    <p class='ocr_par' dir='ltr' id='par_1_8' title="bbox 313 3769 1531 4087">
     <span class='ocr_line' id='line_1_25' title="bbox 418 3769 1429 3867; baseline -0.004 -15"><span class='ocrx_word' id='word_1_164' title='bbox 418 3785 485 3852; x_wconf 88' lang='lat' dir='ltr'>Nos</span> <span class='ocrx_word' id='word_1_165' title='bbox 494 3769 669 3853; x_wconf 82' lang='lat' dir='ltr'>Ladizlaus</span> <span class='ocrx_word' id='word_1_166' title='bbox 679 3785 741 3851; x_wconf 90' lang='lat' dir='ltr'>Dei</span> <span class='ocrx_word' id='word_1_167' title='bbox 756 3782 867 3867; x_wconf 77' lang='lat' dir='ltr'>gracia</span> <span class='ocrx_word' id='word_1_168' title='bbox 876 3785 946 3850; x_wconf 87' lang='lat' dir='ltr'>Rex</span> <span class='ocrx_word' id='word_1_169' title='bbox 958 3784 1101 3867; x_wconf 83' lang='lat' dir='ltr'>Vngcrie</span> <span class='ocrx_word' id='word_1_170' title='bbox 1111 3785 1267 3852; x_wconf 87' lang='lat' dir='ltr'>memorie</span> <span class='ocrx_word' id='word_1_171' title='bbox 1278 3803 1429 3852; x_wconf 84' lang='lat' dir='ltr'>commen·</span> 
     </span>
     <span class='ocr_line' id='line_1_26' title="bbox 313 3889 1531 3978; baseline -0.002 -20"><span class='ocrx_word' id='word_1_172' title='bbox 313 3893 428 3961; x_wconf 92' lang='lat' dir='ltr'>damus</span> <span class='ocrx_word' id='word_1_173' title='bbox 444 3893 666 3976; x_wconf 82' lang='lat' dir='ltr'>significantes</span> <span class='ocrx_word' id='word_1_174' title='bbox 684 3893 802 3977; x_wconf 86' lang='lat' dir='ltr'>quibus</span> <span class='ocrx_word' id='word_1_175' title='bbox 819 3891 951 3978; x_wconf 85' lang='lat' dir='ltr'>expedit</span> <span class='ocrx_word' id='word_1_176' title='bbox 967 3889 1137 3976; x_wconf 81' lang='lat' dir='ltr'>uniuersis,</span> <span class='ocrx_word' id='word_1_177' title='bbox 1154 3891 1241 3974; x_wconf 88' lang='lat' dir='ltr'>quod</span> <span class='ocrx_word' id='word_1_178' title='bbox 1258 3893 1430 3958; x_wconf 87' lang='lat' dir='ltr'>licetciues</span> <span class='ocrx_word' id='word_1_179' title='bbox 1530 3935 1531 3948; x_wconf 39' lang='lat' dir='ltr'>r</span> 
     </span>
     <span class='ocr_line' id='line_1_27' title="bbox 316 4000 1430 4087; baseline -0.004 -20"><span class='ocrx_word' id='word_1_180' title='bbox 316 4001 420 4067; x_wconf 90' lang='lat' dir='ltr'>nostri</span> <span class='ocrx_word' id='word_1_181' title='bbox 436 4001 478 4066; x_wconf 92' lang='lat' dir='ltr'>de</span> <span class='ocrx_word' id='word_1_182' title='bbox 495 4000 610 4068; x_wconf 82' lang='lat' dir='ltr'>Castro</span> <span class='ocrx_word' id='word_1_183' title='bbox 626 4000 806 4069; x_wconf 91' lang='lat' dir='ltr'>Budensia</span> <span class='ocrx_word' id='word_1_184' title='bbox 826 4001 917 4067; x_wconf 90' lang='lat' dir='ltr'>nobis</span> <span class='ocrx_word' id='word_1_185' title='bbox 934 4000 1126 4087; x_wconf 88' lang='lat' dir='ltr'>petinissent</span> <span class='ocrx_word' id='word_1_186' title='bbox 1144 4001 1334 4066; x_wconf 91' lang='lat' dir='ltr'>annuantim</span> <span class='ocrx_word' id='word_1_187' title='bbox 1358 4017 1430 4064; x_wconf 93' lang='lat' dir='ltr'>nun·</span> 
     </span>
    </p>
   </div>
   <div class='ocr_carea' id='block_1_9' title="bbox 312 4107 1530 4624">
    <p class='ocr_par' dir='ltr' id='par_1_9' title="bbox 312 4107 1530 4624">
     <span class='ocr_line' id='line_1_28' title="bbox 313 4107 1431 4193; baseline -0.003 -19"><span class='ocrx_word' id='word_1_188' title='bbox 313 4108 408 4174; x_wconf 93' lang='lat' dir='ltr'>dinas</span> <span class='ocrx_word' id='word_1_189' title='bbox 424 4108 604 4193; x_wconf 86' lang='lat' dir='ltr'>celebrari;</span> <span class='ocrx_word' id='word_1_190' title='bbox 620 4114 739 4190; x_wconf 84' lang='lat' dir='ltr'>tamen,</span> <span class='ocrx_word' id='word_1_191' title='bbox 757 4109 834 4192; x_wconf 88' lang='lat' dir='ltr'>qnia</span> <span class='ocrx_word' id='word_1_192' title='bbox 849 4107 1127 4175; x_wconf 85' lang='lat' dir='ltr'>considerauimus</span> <span class='ocrx_word' id='word_1_193' title='bbox 1145 4108 1309 4176; x_wconf 89' lang='lat' dir='ltr'>sororibus</span> <span class='ocrx_word' id='word_1_194' title='bbox 1327 4107 1365 4173; x_wconf 93' lang='lat' dir='ltr'>dc</span> <span class='ocrx_word' id='word_1_195' title='bbox 1387 4108 1431 4173; x_wconf 91' lang='lat' dir='ltr'>lu-</span> 
     </span>
     <span class='ocr_line' id='line_1_29' title="bbox 312 4213 1431 4300; baseline -0.002 -20"><span class='ocrx_word' id='word_1_196' title='bbox 312 4215 386 4282; x_wconf 86' lang='lat' dir='ltr'>sula</span> <span class='ocrx_word' id='word_1_197' title='bbox 400 4213 544 4300; x_wconf 84' lang='lat' dir='ltr'>Virginis</span> <span class='ocrx_word' id='word_1_198' title='bbox 562 4213 710 4282; x_wconf 81' lang='lat' dir='ltr'>Gloriose</span> <span class='ocrx_word' id='word_1_199' title='bbox 725 4213 899 4300; x_wconf 81' lang='lat' dir='ltr'>dampnum</span> <span class='ocrx_word' id='word_1_200' title='bbox 915 4234 973 4298; x_wconf 89' lang='lat' dir='ltr'>per</span> <span class='ocrx_word' id='word_1_201' title='bbox 997 4215 1059 4280; x_wconf 91' lang='lat' dir='ltr'>boc</span> <span class='ocrx_word' id='word_1_202' title='bbox 1083 4214 1117 4279; x_wconf 93' lang='lat' dir='ltr'>in</span> <span class='ocrx_word' id='word_1_203' title='bbox 1141 4213 1262 4281; x_wconf 88' lang='lat' dir='ltr'>tributo</span> <span class='ocrx_word' id='word_1_204' title='bbox 1290 4235 1348 4280; x_wconf 88' lang='lat' dir='ltr'>suo</span> <span class='ocrx_word' id='word_1_205' title='bbox 1373 4233 1431 4279; x_wconf 91' lang='lat' dir='ltr'>non</span> 
     </span>
     <span class='ocr_line' id='line_1_30' title="bbox 313 4301 1530 4409; baseline 0.002 -23"><span class='ocrx_word' id='word_1_206' title='bbox 313 4321 474 4390; x_wconf 88' lang='lat' dir='ltr'>modicum</span> <span class='ocrx_word' id='word_1_207' title='bbox 491 4324 650 4408; x_wconf 80' lang='lat' dir='ltr'>generari,</span> <span class='ocrx_word' id='word_1_208' title='bbox 678 4323 721 4390; x_wconf 95' lang='lat' dir='ltr'>ad</span> <span class='ocrx_word' id='word_1_209' title='bbox 750 4322 945 4409; x_wconf 78' lang='lat' dir='ltr'>peticionem</span> <span class='ocrx_word' id='word_1_210' title='bbox 961 4330 993 4389; x_wconf 88' lang='lat' dir='ltr'>et</span> <span class='ocrx_word' id='word_1_211' title='bbox 1016 4320 1211 4390; x_wconf 84' lang='lat' dir='ltr'>instanciam</span> <span class='ocrx_word' id='word_1_212' title='bbox 1227 4321 1357 4388; x_wconf 89' lang='lat' dir='ltr'>domine</span> <span class='ocrx_word' id='word_1_213' title='bbox 1372 4321 1431 4387; x_wconf 80' lang='lat' dir='ltr'>Idli·</span> <span class='ocrx_word' id='word_1_214' title='bbox 1529 4301 1530 4388; x_wconf 62' lang='lat' dir='ltr'>l</span> 
     </span>
     <span class='ocr_line' id='line_1_31' title="bbox 313 4427 1431 4512; baseline 0 -18"><span class='ocrx_word' id='word_1_215' title='bbox 313 4429 428 4498; x_wconf 85' lang='lat' dir='ltr'>sebctb</span> <span class='ocrx_word' id='word_1_216' title='bbox 443 4429 564 4496; x_wconf 89' lang='lat' dir='ltr'>sororis</span> <span class='ocrx_word' id='word_1_217' title='bbox 586 4438 696 4498; x_wconf 90' lang='lat' dir='ltr'>nostre</span> <span class='ocrx_word' id='word_1_218' title='bbox 721 4431 894 4496; x_wconf 78' lang='lat' dir='ltr'>karissime</span> <span class='ocrx_word' id='word_1_219' title='bbox 912 4429 1139 4512; x_wconf 86' lang='lat' dir='ltr'>concessimus,</span> <span class='ocrx_word' id='word_1_220' title='bbox 1156 4435 1191 4494; x_wconf 92' lang='lat' dir='ltr'>ut</span> <span class='ocrx_word' id='word_1_221' title='bbox 1206 4429 1278 4512; x_wconf 89' lang='lat' dir='ltr'>ipse</span> <span class='ocrx_word' id='word_1_222' title='bbox 1293 4427 1431 4496; x_wconf 87' lang='lat' dir='ltr'>nundine</span> 
     </span>
     <span class='ocr_line' id='line_1_32' title="bbox 315 4535 1430 4624; baseline -0.004 -20"><span class='ocrx_word' id='word_1_223' title='bbox 315 4555 381 4605; x_wconf 88' lang='lat' dir='ltr'>nou</span> <span class='ocrx_word' id='word_1_224' title='bbox 397 4535 535 4604; x_wconf 86' lang='lat' dir='ltr'>debeant</span> <span class='ocrx_word' id='word_1_225' title='bbox 550 4537 728 4620; x_wconf 86' lang='lat' dir='ltr'>celebrari,</span> <span class='ocrx_word' id='word_1_226' title='bbox 761 4543 855 4624; x_wconf 73' lang='lat' dir='ltr'>procu</span> <span class='ocrx_word' id='word_1_227' title='bbox 880 4537 1001 4606; x_wconf 87' lang='lat' dir='ltr'>eisdem</span> <span class='ocrx_word' id='word_1_228' title='bbox 1026 4535 1152 4606; x_wconf 88' lang='lat' dir='ltr'>ciuibus</span> <span class='ocrx_word' id='word_1_229' title='bbox 1171 4555 1356 4604; x_wconf 87' lang='lat' dir='ltr'>concessum</span> <span class='ocrx_word' id='word_1_230' title='bbox 1371 4555 1430 4602; x_wconf 91' lang='lat' dir='ltr'>nou</span> 
     </span>
    </p>
   </div>
   <div class='ocr_carea' id='block_1_10' title="bbox 0 0 1585 5164">
    <p class='ocr_par' dir='ltr' id='par_1_10' title="bbox 0 0 1585 5164">
     <span class='ocr_line' id='line_1_33' title="bbox 0 0 1585 5164; baseline 0 0"><span class='ocrx_word' id='word_1_231' title='bbox 0 0 1585 5164; x_wconf 95' lang='lat' dir='ltr'> </span> 
     </span>
    </p>
   </div>
  </div>
 </body>
</html>
