3118 5158
922 277 962 341 78

867 363 1030 379 ...——---

304 458 306 472 ’
376 477 452 560 gale
468 477 508 544 de
525 476 618 542 Buda
645 475 883 562 pertinentem,
912 499 984 546 cum
1001 480 1192 551 vinitoribus
1217 472 1283 559 ipsi
1303 477 1388 538 terre
1411 467 1489 534 ascri

378 587 452 671 ptis,
478 585 532 670 qui
558 584 701 668 Regibus
728 585 914 676 Hungarie,
940 588 1199 676 progenitoribus
1223 580 1360 666 nostris,
1388 585 1488 643 certem

378 694 446 761 uini
463 693 679 778 quantitatem
706 695 874 761 annuatim
903 699 1033 766 racione
1058 695 1225 768 seruitutis
1251 692 1294 758 ab
1310 687 1490 770 antiquoeis

293 871 299 880 ,
378 803 528 886 imposite
553 809 789 870 consueuerant
819 804 1023 894 ministrare,
1054 815 1183 876 etcum
1208 797 1370 870 uniuersis
1393 793 1490 876 uineis,

376 910 607 996 pertinencijs‘,
633 908 827 978 utilitatibus
854 921 887 980 et
910 913 1035 984 iuribus
1060 911 1207 1000 ejusdem
1232 907 1313 976 ville
1334 905 1404 971 siue
1418 909 1488 968 terre

376 1017 526 1088 fidelibus
552 1019 620 1086 suis
647 1027 681 1084 et
704 1019 824 1087 nostris
852 1022 972 1089 Sancte
997 1019 1231 1108 strigoniensis
1249 987 1396 1083 Ecclesic
1411 1009 1489 1093 Capi·

377 1128 447 1193 tulo
473 1145 532 1211 pro
557 1125 700 1194 remedio
724 1127 833 1195 anime
859 1131 978 1196 domini
1004 1131 1083 1198 Bele
1104 1129 1203 1215 Regis
1229 1122 1381 1214 pijssimi,
1403 1115 1490 1207 patria

379 1235 439 1318 sui,
461 1234 497 1300 in
513 1241 703 1319 perpetuam
720 1235 930 1304 elemosinam
957 1238 1112 1324 dedisset,
1138 1237 1332 1305 donauisset
1358 1237 1390 1298 et
1404 1223 1489 1294 nati·

378 1341 498 1428 disset,
527 1343 568 1408 ab
594 1343 666 1427 ipso
692 1343 844 1429 (kapitulo
869 1348 1066 1432 peremniter
1098 1353 1131 1412 et
1155 1338 1411 1413 irreuocabiliter
1432 1337 1490 1400 iure

379 1457 536 1535 perpetuo
561 1449 812 1538 possidendum,
837 1460 933 1538 prout
957 1453 1016 1521 hec
1033 1453 1141 1520 omnia
1156 1454 1189 1519 in
1207 1447 1328 1535 prefati
1344 1441 1489 1513 karissimi

379 1558 483 1642 patris
515 1558 617 1624 nostri
651 1558 774 1625 domini
808 1559 966 1645 Stephani
1000 1563 1174 1647 priuilegio
1205 1559 1325 1624 exinde
1354 1551 1491 1633 confecto,

380 1666 468 1748 quod
484 1665 683 1751 inspeximus
712 1673 743 1732 et
759 1667 876 1752 inspici
894 1667 1036 1754 fecimus,
1053 1670 1183 1754 plenius
1204 1664 1384 1734 continetur
1399 1655 1490 1748 (lgy);

382 1795 442 1840 nos
459 1773 603 1858 ejusdem
623 1772 790 1842 karissimi
808 1777 911 1861 patris
928 1779 1029 1844 nostri
1039 1829 1049 1864 ,
1074 1778 1156 1844 sicut
1181 1772 1386 1842 successione
1401 1765 1490 1848 filiali,

379 1882 426 1948 sic
453 1889 484 1948 ct
509 1881 642 1964 pietatis
669 1882 869 1970 imitacicne,
895 1885 1046 1972 uestigijs
1073 1886 1266 1966 inherentes,
1296 1881 1338 1947 de
1361 1874 1492 1965 predicta

379 1990 481 2058 eciam
509 1988 687 2058 donacione
712 1993 814 2078 ipsius
840 1994 921 2061 rille
936 1997 1025 2080 uper,
1051 2015 1114 2062 non
1131 2002 1196 2062 tam
1223 2011 1281 2078 per
1298 1985 1490 2076 priuilegium

380 2099 569 2184 predictum,
595 2119 692 2182 quam
708 2122 767 2187 per
791 2100 967 2170 ueridicam
994 2103 1211 2171 assercionem
1238 2099 1379 2186 plurium
1397 2093 1490 2161 Prela·

379 2215 484 2274 torum
502 2215 533 2274 et
548 2207 713 2274 Beronum
730 2209 833 2294 Regni
850 2212 961 2295 nostri,
991 2211 1046 2296 qui
1063 2233 1099 2278 se
1115 2207 1302 2276 huiusmodi
1319 2201 1490 2274 donacionis

380 2316 526 2383 conscios
551 2336 623 2384 esse
650 2316 812 2405 dicebant,
835 2320 1025 2404 plenissime
1041 2318 1230 2399 certificati;
1256 2316 1402 2398 maxime,
1427 2309 1490 2394 quia
1537 2319 1538 2410 p

379 2424 571 2510 inuenimus,
594 2423 716 2490 dictum
742 2425 953 2509 priuilegium
978 2447 1040 2494 non
1067 2426 1241 2507 abolitum,
1261 2445 1327 2492 non
1343 2421 1489 2498 viciatum,

378 2553 444 2597 non
471 2532 699 2618 cancellatum,
730 2535 783 2600 uel
810 2534 844 2600 in
871 2543 972 2622 carta,
998 2557 1055 2603 seu
1080 2534 1193 2618 sigillo
1218 2532 1318 2600 alicui
1338 2527 1490 2617 reprehen-

379 2640 463 2706 sioni
483 2639 660 2708 subiectum
688 2641 875 2728 subiacere;
901 2641 1079 2729 predictam
1105 2629 1319 2712 donacionem
1345 2638 1423 2706 ville
1445 2651 1491 2700 seu

379 2757 463 2814 terre
491 2748 579 2834 Rpel‚
603 2747 786 2836 uinitorum,
813 2751 990 2836 vinearum,
1020 2748 1308 2837 pertinenciarum,
1333 2745 1445 2812 iurium
1467 2747 1493 2802 et

379 2855 558 2924 utilitatum
575 2855 692 2943 ipsius,
719 2856 761 2924 de
777 2857 912 2926 consilio
929 2859 1093 2926 Beronum
1110 2863 1270 2925 nostrorm
1285 2861 1391 2922 ratam
1407 2849 1492 2916 habe·

378 2985 449 3032 mus
466 2971 498 3030 et
513 2971 653 3050 gratam,
675 2971 707 3030 et
723 2984 794 3031 eam
810 2965 955 3051 predicto
976 2963 1127 3051 Capitulo
1144 2965 1261 3032 Sancte
1277 2957 1495 3047 Strigonicnsis
1537 2987 1538 3052 3

377 3071 534 3157 Ecclesic,
562 3093 583 3138 a
602 3093 665 3155 qua
681 3071 803 3139 inuncti
829 3093 938 3141 sumus
954 3081 986 3141 et
1002 3073 1146 3142 coronati
1164 3073 1197 3138 in
1213 3071 1346 3155 Regem,
1367 3077 1399 3137 et
1413 3065 1495 3152 spiri·
1537 3055 1538 3100 f

378 3178 482 3246 tualia
507 3177 681 3265 recipimus
707 3189 921 3267 sacramenta,
947 3189 1059 3249 tenore
1078 3181 1281 3266 presencium
1301 3183 1454 3264 perpetuo
1469 3179 1495 3237 et
1537 3173 1538 3262 }

378 3289 683 3374 inretractabiliter,
726 3311 767 3355 cx
798 3299 888 3358 certa
929 3289 1070 3358 sciencia
1110 3289 1337 3357 confirmamus
1373 3291 1406 3352 et
1434 3302 1496 3368 pre·
1537 3271 1538 3280 ¹

378 3397 480 3462 sentis
506 3396 618 3482 scripti
644 3399 826 3482 patrocinio
853 3401 1097 3467 communimus.
1121 3399 1280 3466 Teuorcm
1307 3401 1415 3462 autem
1435 3409 1496 3478 pre·
1537 3411 1538 3476 t

377 3501 437 3570 lati
452 3503 619 3590 priuilegij
647 3505 688 3570 ad
704 3506 860 3574 maiorem
877 3509 1037 3574 cautelam
1058 3504 1264 3591 presentibus
1290 3499 1498 3570 confirmacio·
1537 3523 1538 3528 ¹

378 3612 430 3678 nis
447 3617 556 3678 nostre
582 3612 698 3679 litteris
724 3613 763 3680 de
780 3616 877 3683 uerbo
903 3613 946 3681 ad
963 3614 1096 3682 uerbum
1118 3613 1269 3681 duximus
1285 3608 1497 3691 inserendum,
1537 3653 1538 3656 ,

379 3717 433 3803 qui
450 3719 527 3800 talis
548 3726 597 3787 cst
614 3743 621 3784 :
1537 3701 1538 3708 ἵ

485 3827 670 3914 Stephanus
695 3829 735 3894 D.
764 3849 810 3914 gr.
835 3828 1004 3915 Hungarie
1024 3831 1084 3898 stb.
1111 3831 1181 3898 Rex
1207 3830 1270 3896 stb.
1297 3821 1500 3912 (kdvetkezik
1537 3807 1538 3812 ἵ

378 3936 417 4002 V.
444 3937 553 4006 Istran
571 3937 750 4024 kirtlynak
779 3937 949 4007 rato-dixi
970 3936 1246 4026 adomtnylercle,
1271 3937 1294 4002 l.
1316 3935 1418 4019 Fejtr
1434 3929 1502 3998 Cod.

378 4044 466 4129 Dipl.
482 4046 521 4112 V.
536 4045 605 4114 ktt.
626 4051 652 4114 1.
668 4067 692 4116 r.
711 4051 764 4116 33.
781 4046 821 4134 l.)

487 4151 539 4218 Ad
556 4153 615 4221 hec
640 4155 822 4223 cumidem
849 4155 1079 4222 dilectissimus
1107 4161 1201 4238 pater
1226 4160 1338 4222 noster
1353 4155 1425 4220 Rex
1440 4151 1500 4216 Ste·
1537 4153 1538 4156 ’

333 4327 335 4330 ,
378 4259 507 4346 phanus
525 4267 626 4329 totum
643 4263 795 4332 tributum
812 4264 854 4330 ad
865 4263 1058 4332 comitatum
1070 4259 1326 4346 Strigonicnsem
1341 4246 1500 4346 pertinens
1537 4307 1538 4344 ζ

377 4367 482 4436 eidem
518 4369 634 4440 Sancte
661 4371 893 4457 Strigonicnsis
917 4371 1066 4438 Ecclesia
1096 4369 1251 4454 Capitulo
1277 4387 1336 4454 pro
1363 4364 1499 4434 remedio
1537 4401 1538 4438 3

378 4478 486 4546 anime
503 4477 580 4544 dicti
598 4477 720 4546 domini
737 4480 815 4546 Bele
831 4481 942 4565 Regis,
963 4477 1129 4545 karissimi
1144 4477 1247 4563 petris
1262 4477 1324 4574 sui,
1341 4477 1375 4542 in
1393 4493 1498 4562 perpe·

377 4595 466 4656 tuam
483 4585 701 4672 elemosynam
728 4586 864 4676 dederit,
893 4585 1065 4654 contulerit
1090 4589 1122 4651 ct
1138 4583 1285 4673 donauit,
1311 4583 1352 4648 ab
1374 4584 1423 4652 eis
1439 4583 1499 4648 iure
