3146 5166
623 259 772 357 ‚Q
893 329 897 340 .

132 467 190 515 sue
207 468 273 514 non
292 447 460 531 expressit.
490 447 611 515 Datum
643 449 726 516 feria
758 450 872 534 quinta
902 459 977 520 aute
1008 451 1124 518 festum
1155 453 1257 520 Beate

73 625 80 634 ,
134 555 237 621 Maria
254 553 461 638 Magdalene.

240 695 396 763 Kirttl:
420 697 558 766 Domine
576 719 633 767 suo
649 699 769 766 Illustri
783 701 866 783 Regi
880 700 1061 784 Hungaric.

132 893 270 960 (Eredetie
284 891 461 960 bdrhairtydn,
475 910 492 945 a
504 891 642 961 adspecsdt
652 895 796 958 eiresnett;
817 911 833 946 a
847 897 929 947 budai
951 897 1002 950 kir.
1025 897 1148 947 kamarai
1167 896 1256 949 larcl-

633 982 751 1052 tfirban.)

661 1769 736 1837 430.

12 1923 17 1937 =
130 1962 180 2026 Aa
205 1967 391 2050 esaterpamc'
414 1965 640 2050 ltdptcluaaalc
657 1969 806 2052 jeieatdcc
840 1967 903 2031 IV.
933 1967 1049 2032 Ldaald
1073 1967 1256 2052 kirdlyhoa,

133 2072 220 2154 kopp
237 2071 344 2156 Szdny
359 2073 485 2158 kelycdp
508 2073 641 2180 Mittas,
674 2075 762 2140 chd
786 2075 1002 2158 anokcjcaat
1025 2074 1257 2139 atatudltalott.

599 2181 649 2245 Ec
674 2181 790 2246 ncttcl.

242 2373 524 2441 Excellentissimo
541 2373 670 2442 domino
687 2395 745 2442 suc
761 2376 796 2440 L.
816 2375 877 2440 Dei
900 2376 1013 2460 gracia
1028 2374 1150 2442 Illustu‘
1175 2374 1257 2460 Regi

132 2480 302 2562 Hungaric
319 2480 503 2566 Capitulum
520 2483 663 2550 Ecclesic
681 2482 912 2566 Strigcnieusis
938 2482 1106 2550 oraciones
1131 2482 1166 2546 in
1192 2481 1256 2547 Dc·

132 2589 220 2654 minc
237 2586 363 2654 debitas
380 2595 410 2652 ct
426 2587 572 2655 deuotus.
585 2589 664 2654 Cum
682 2589 819 2675 receptis
835 2589 953 2654 litteris
963 2587 1078 2655 Uestre
1092 2587 1255 2654 Serenita-

132 2694 213 2763 tatis
230 2695 290 2760 sub
307 2693 402 2778 sigito
418 2695 510 2762 anuli
528 2694 629 2762 nestri
645 2697 737 2764 nobis
757 2695 892 2762 directis
918 2695 1082 2762 hominem
1110 2701 1254 2762 nostrum

134 2823 208 2867 cnm
224 2803 383 2885 Magistro
399 2803 546 2870 Renaldo
556 2804 728 2888 Prepesito
743 2803 889 2870 Ecclesia
901 2803 1014 2871 Sancti
1030 2804 1154 2870 Thcme
1172 2826 1254 2870 mar·

131 2907 203 2974 tiris
219 2909 260 2974 de
276 2908 442 2993 Strigcnic
458 2909 588 2977 homine
605 2917 712 2979 uestra
728 2911 943 2997 misissemus,
963 2911 1054 2978 cuius
1070 2912 1254 2978 testimonio

131 3015 298 3098 quandam
315 3023 432 3084 terram
458 3018 564 3085 Seeun
592 3022 738 3084 uocatam
765 3020 798 3082 in
825 3017 987 3085 comitatu
1013 3017 1256 3084 Kamarinicnsi

132 3121 347 3206 adiacentem,
359 3144 456 3210 super
467 3145 564 3207 quam
574 3125 737 3207 quondam
748 3124 893 3210 hospites
903 3125 1044 3208 Regulus
1054 3123 1255 3211 residebant,

132 3231 216 3298 sicut
232 3229 360 3316 dicitur,
378 3251 476 3313 quarn
492 3231 649 3299 Nicolaus
665 3251 767 3316 nepes
784 3230 884 3298 chh
900 3228 1033 3296 nomine
1049 3236 1136 3295 terre
1153 3248 1256 3296 vacue

132 3361 153 3404 a
169 3337 264 3404 uobis
279 3337 343 3404 sibi
359 3337 430 3405 dari
446 3339 556 3424 pecijt,
573 3341 658 3405 sieut
674 3338 708 3404 in
725 3337 878 3424 predictis
895 3338 1012 3404 uestris
1028 3337 1148 3404 litteris
1159 3339 1254 3405 nobis

131 3444 320 3531 scripsistis,
331 3444 437 3512 dietus
447 3445 646 3529 Magistch.
659 3445 850 3531 Prepcsitus
859 3445 1077 3510 reambularet
1088 3449 1118 3509 et
1134 3451 1255 3512 statue·

131 3560 180 3619 ret
196 3551 323 3638 pretate
338 3552 486 3640 Nicolao,
504 3552 533 3620 si
549 3572 613 3619 non
629 3551 721 3618 ficret
737 3551 990 3636 contradictum
1008 3549 1107 3636 ijdem
1123 3553 1161 3618 R.
1178 3552 1254 3618 Pre-

130 3660 260 3746 positus
270 3657 365 3724 homo
382 3667 487 3727 uester
502 3667 534 3727 ct
548 3660 642 3725 homo
659 3665 768 3726 noster
784 3658 826 3725 ad
843 3679 902 3726 uos
917 3658 1121 3744 postmodum
1132 3659 1255 3726 reuersi

130 3766 225 3834 nobis
236 3766 433 3834 concorditer
449 3767 644 3833 retulerunt:
659 3765 755 3843 Quod
770 3765 876 3850 ipsam
891 3773 1010 3832 terram
1026 3765 1142 3851 Scenn,
1160 3786 1255 3849 quam

131 3875 262 3959 penitus
273 3893 411 3940 vacuam
422 3872 716 3958 inuenerunt,nulla
726 3871 816 3938 curia
826 3871 878 3940 vel
889 3871 984 3939 domo
994 3872 1027 3938 in
1039 3892 1078 3938 ca
1088 3873 1256 3960 existente,

130 3983 203 4066 ipse
228 3983 266 4046 R.
283 3981 473 4064 Prepesitus
497 3981 716 4048 reambulauit
741 3981 947 4068 presentibus
973 3982 1199 4049 cemmetaneis
1225 3989 1257 4047 ct

129 4088 259 4174 vicinis,
277 4095 308 4155 et
324 4087 407 4155 sicut
424 4088 574 4177 creditur,
592 4095 625 4154 ct
651 4090 725 4155 uisu
751 4090 860 4156 metiri
886 4091 1003 4177 potuit,
1029 4088 1152 4157 sufficit
1182 4089 1257 4173 ipsa

129 4202 217 4261 terra
233 4195 276 4262 ad
292 4196 510 4280 qnadraginta
535 4203 648 4264 aratra
677 4198 729 4263 nel
754 4196 851 4264 circa.
870 4195 935 4262 Sed
961 4195 1095 4281 quidam
1120 4196 1256 4282 iuuenis,

131 4302 187 4385 qui
202 4321 238 4369 se
254 4302 455 4387 Stephanum
470 4303 572 4370 filium
587 4301 676 4370 Petri
694 4322 765 4370 esse
793 4301 885 4386 dixit,
903 4321 1001 4387 super
1029 4302 1143 4370 eadem
1169 4309 1257 4370 terra

131 4409 359 4496 competendo,
376 4414 573 4494 protestatus
591 4415 639 4476 est
656 4417 687 4476 ct
704 4408 796 4494 dixit,
812 4425 848 4475 se
864 4407 988 4475 habere
1003 4409 1038 4474 in
1056 4409 1171 4477 eadem
1197 4416 1258 4475 ter·

132 4537 203 4584 ram
219 4516 315 4584 vuius
332 4517 433 4583 aratri
448 4514 702 4601 hereditariam
721 4523 845 4603 patrem
862 4533 951 4583 snum
969 4518 1004 4582 in
1029 4513 1142 4582 cadem
1171 4520 1256 4585 terra

178 4651 281 4696 neuun.
297 4653 380 4694 nuru.
398 4651 468 4692 ursa.
484 4662 527 4675 -
542 4651 652 4691 annon.
670 4645 706 4696 17.
1054 4627 1095 4697 37
