3124 5158
620 831 695 900 lot.

97 1030 245 1100 Ercotbet
258 1030 364 1118 c'fjcbb
378 1031 527 1119 kirdlyne'
546 1034 670 1121 nelrdny
686 1033 814 1098 creberet
832 1057 854 1098 a
869 1035 1060 1122 oytlszc'pctc'
1083 1035 1225 1121 (φάσκω-

334 1141 437 1206 zctrdo
453 1140 864 1229 nzolpctlatdbofelajctolja.
882 1143 978 1210 1280.

201 1335 270 1403 Nos
295 1339 332 1404 ll.
357 1335 420 1404 Dei
438 1336 549 1422 grecie
564 1337 689 1422 Regina
702 1338 872 1422 Hnngcrie
886 1339 1039 1406 memorie
1054 1357 1211 1406 commen·

95 1443 211 1511 dantes
236 1443 454 1531 significemus
479 1445 595 1528 quibus
620 1446 749 1534 expedit
764 1445 925 1514 vninersis
941 1447 1142 1531 presencium
1157 1467 1215 1532 per

94 1553 280 1640 thenorem3
298 1554 386 1640 qnod
401 1554 443 1622 ad
458 1554 648 1622 instanciam
665 1561 698 1622 et
712 1554 905 1641 peticionem
920 1554 1214 1622 korissimemntn's

95 1672 205 1731 nostre
229 1661 360 1730 domine
383 1662 551 1730 Elisabeth
577 1663 617 1731 dc
641 1665 755 1731 losnla
780 1663 880 1729 Beate
898 1663 1042 1747 Virginis
1059 1662 1215 1749 Glorioso,

94 1770 329 1840 Oolnmbonnm
345 1771 446 1838 filium
461 1772 593 1858 Donati,
619 1773 707 1838 lwon
725 1773 827 1838 iilinm
844 1770 955 1858 Ponlc,
980 1771 1096 1838 Ketnm
1111 1769 1214 1838 lilium
1232 1789 1236 1798 ’

93 1879 221 1964 Ghnle,
246 1881 376 1946 Petrum
391 1878 493 1946 lilium
509 1879 661 1964 Lndning
670 1931 679 1964 ,
705 1885 737 1946 et
752 1879 881 1946 Petrum
897 1878 997 1946 lilium
1012 1879 1155 1966 Farcesij
1173 1879 1214 1946 (le

92 1988 205 2054 Ueteri
220 1985 334 2072 Buca,
356 1988 411 2072 qni
436 1985 574 2074 qnydem
593 1995 736 2072 tempore
756 1986 855 2070 Regis
871 1986 948 2054 Bele
963 1985 1150 2054 felicissime
1164 2005 1212 2052 re·

91 2093 296 2162 cordacionis
319 2094 434 2179 prooni
448 2095 551 2162 nostri
575 2094 608 2161 in
633 2101 720 2162 terre
751 2093 870 2161 Nemus
894 2099 1011 2160 uocate
1025 2091 1209 2161 residebant

93 2202 127 2268 in
144 2203 305 2270 Comitotn
319 2203 479 2268 Pestiensi
497 2201 540 2268 ad
568 2202 729 2270 Ducetnm
756 2203 970 2288 pertinentes,
995 2201 1211 2287 aplicanimns

94 2309 137 2374 ad
153 2310 333 2377 Ecclesiam
349 2311 451 2377 Beate
467 2310 611 2396 Uirginis
631 2311 672 2376 de
688 2309 819 2397 Insula,
843 2311 903 2376 ille
928 2309 1041 2376 eedem
1064 2307 1213 2377 libertate

95 2438 160 2502 qno
189 2417 233 2484 etl
262 2420 422 2486 Dneetnm
448 2418 655 2506 pertinebant
683 2418 717 2484 in
747 2418 831 2485 filios
856 2417 995 2485 liliorum
1020 2418 1212 2508 sernitnros;

93 2528 249 2612 volentes,
270 2535 307 2595 nt
327 2547 398 2594 cnm
414 2535 581 2613 presentes
597 2527 640 2594 ed
657 2547 716 2594 noe
732 2532 892 2612 reportate
908 2526 1025 2593 fuerint
1034 2579 1043 2612 ,
1067 2533 1212 2594 nostrum

94 2635 301 2720 priuilegium
319 2656 418 2720 snper
437 2633 497 2702 hoc
512 2636 582 2704 deri
599 2635 765 2702 sociemus.
789 2635 908 2701 Datum
927 2632 1015 2701 Bnde
1039 2634 1073 2700 in
1098 2632 1211 2718 vigilio

92 2743 215 2811 liethei
231 2744 382 2829 Apostoli
396 2763 480 2811 anno
496 2744 630 2810 Domini
649 2744 694 2810 Μο
710 2743 774 2809 00⁰
790 2743 1018 2829 octuagesimo.

94 2921 230 2986 (Eredetie
243 2921 418 2992 bilrhtrtybn,
439 2940 457 2976 e
469 2921 548 2976 hltul
566 2925 617 2976 odo
629 2929 753 2990 nyomott
764 2922 856 2991 pecsbt
867 2924 1012 2988 elveszett;
1031 2938 1049 2975 a
1061 2923 1144 2976 bndni
1157 2923 1209 2976 lrir.

488 3015 612 3067 lemorel
625 3009 815 3081 levbltlrbon.)
1182 3011 1184 3016 ’

98 3845 182 3908 Peter
205 3864 302 3910 comcs
321 3841 566 3928 ncchoicooak
588 3843 715 3909 Tdrnolc
732 3842 926 3930 mcoflrtctec
943 3845 1097 3928 tdrpyoco
1114 3845 1211 3909 itclcte

139 3952 268 4019 Sdndor
284 3952 315 4017 tc
329 3949 454 4036 Jocapt
468 3975 484 4017 e
498 3976 520 4016 a
534 3952 723 4038 cyrilscc'petc'
737 3951 1050 4038 cprtczczdrdclc'o‘zt.
1067 3952 1165 4018 1280.

197 4147 267 4214 Nos
291 4147 406 4215 (lomes
430 4148 545 4214 Petrus
568 4146 676 4216 ludex
700 4147 795 4216 Onric
811 4125 932 4216 domini
947 4146 1044 4232 Regis
1060 4148 1211 4214 memorie

98 4255 356 4325 commendantes
380 4256 597 4342 significemus
622 4258 738 4341 quibus
763 4257 894 4343 expedit
917 4256 1094 4340 vninersis;
1125 4257 1211 4340 qnod

97 4363 277 4432 Alexander
293 4365 377 4433 lilius
392 4367 542 4454 Nicolei,
566 4370 598 4432 et
616 4366 743 4450 Jobogh
759 4367 845 4434 filins
860 4365 1018 4432 Borlonch
1034 4365 1210 4448 personali-

98 4479 143 4540 ter
156 4480 302 4540 estnntes
313 4523 322 4558 ,
361 4475 454 4541 iuxta
479 4493 559 4558 qnos
583 4475 699 4541 Petrus
723 4474 809 4541 filins
827 4475 910 4559 Elyc
929 4472 969 4540 de
985 4472 1091 4540 Tonth
1106 4473 1210 4540 estitit

98 4581 222 4650 nomine
237 4579 451 4669 proteccionis
468 4582 513 4670 (l)
540 4603 598 4668 per
623 4582 787 4650 dominnm
809 4583 929 4668 Regem
947 4581 1135 4651 Ladizloum
1153 4580 1208 4648 de·
