3138 5164
631 935 708 1004 357.

101 1128 170 1198 IV.
187 1135 304 1200 Lento
321 1137 496 1220 ltin-‹ilynale
509 1157 687 1221 peruncto,
702 1137 784 1222 toyy
813 1136 903 1222 Oyuz
930 1153 1028 1202 eomes
1054 1137 1128 1224 Aqy
1156 1146 1237 1205 neoti

326 1243 404 1327 fotu
419 1243 610 1309 bintokdhuu
625 1242 889 1309 eonsummatos.
908 1243 1005 1308 1289.

211 1455 388 1523 Ledizluus
404 1457 469 1522 Dei
486 1455 601 1541 groela
626 1457 695 1521 Rex
720 1455 891 1541 Hungurie
917 1456 1004 1524 fldsli
1021 1477 1080 1524 suo
1105 1457 1236 1543 'Perepk

101 1561 173 1630 olio
188 1562 348 1630 lobannis
364 1563 502 1630 sulutem
520 1569 553 1629 ot
575 1561 731 1647 grauium.
749 1560 917 1630 lideliteti
942 1569 997 1632 tue
1022 1563 1233 1650 precipiendo

101 1667 308 1757 mandamus,
325 1678 483 1754 quatenus
501 1669 657 1737 Comitem
672 1667 763 1754 Oguz
779 1669 882 1736 filium
897 1670 1009 1737 Bunud
1036 1673 1069 1738 in
1093 1671 1233 1756 quodam

102 1785 196 1842 terro
210 1774 286 1862 Agy
316 1782 442 1864 voouto,
469 1793 567 1861 quum
593 1797 653 1844 nos
684 1775 789 1844 eidem
814 1777 990 1845 contulisse
1015 1777 1162 1863 dicimur,
1190 1778 1233 1844 ab

100 1882 251 1950 omnibus
267 1883 411 1952 indebito
426 1885 675 1952 molestantibus
692 1884 813 1951 debeas
828 1903 1033 1952 conseruere.
1046 1885 1149 1952 Aliud
1165 1905 1232 1952 non

101 1989 259 2057 fauturus.
291 1992 412 2056 Datum
442 1990 476 2055 in
492 1991 562 2058 Suk
592 1991 627 2058 ln
653 1989 736 2058 festo
758 1991 858 2058 Beate
874 1992 1059 2074 nogareto
1089 1993 1235 2078 virginis.

215 2115 369 2182 Kivttl:
392 2115 523 2201 Terepk
539 2115 605 2184 filio
631 2115 799 2184 Johonnis.

102 2313 244 2380 (El-edetis
259 2309 433 2379 blirhtrtyolm
456 2310 627 2380 uuirpeostt
639 2313 787 2376 elusesstt;
802 2313 915 2366 ubudui
928 2314 980 2365 lein.
1004 2313 1126 2366 imunt
1150 2312 1233 2367 leuti-

612 2401 732 2468 ttrbsu.)

558 2685 771 2700 ..Ι-ῳ·-

634 3201 712 3270 358.

97 3402 304 3493 Nemuqnieh
319 3401 428 3466 Istocto
443 3401 528 3466 ozerb
545 3401 726 3485 kirdlynak
741 3401 893 3488 Poqls'zza
907 3401 1080 3469 dalmatiai
1109 3403 1231 3470 keritlet
1266 3469 1271 3474 ,

168 3513 314 3596 nomenoi,
331 3509 487 3606 denupsit
502 3512 652 3573 ozumdnu
667 3509 795 3575 Iciodott
806 3509 1052 3597 priuileqiumu.
1070 3510 1167 3578 1289.

211 3705 400 3791 Stephanus
415 3703 617 3789 Nomognioh
634 3705 695 3772 Dei
712 3705 825 3790 grauis
840 3704 910 3775 Rex
924 3707 1071 3791 Raouios,
1098 3709 1229 3776 Dalma-

96 3817 169 3885 tiae
185 3821 219 3882 et
233 3813 376 3881 Bosinao
393 3820 453 3880 sto.
469 3813 617 3880 omnibus
634 3815 746 3900 Bonis,
763 3811 933 3900 Vujvodis,
951 3813 1140 3899 comitibus,
1157 3815 1229 3882 Ser·

100 3923 219 4006 dariis,
238 3919 445 3988 officialibus
473 3927 505 3988 ot
529 3919 679 3988 omnibus
702 3920 780 3987 eliis
796 3919 1016 3988 Indioentibus
1040 3921 1177 3990 militiae
1202 3932 1235 3990 et

97 4035 248 4100 locorum
264 4019 1083 4115 nostrorum,uileotio1iemetsalutomauguramus.
1100 4029 1233 4115 speeta-

96 4141 183 4210 biles
200 4137 335 4204 Nobiles
350 4135 413 4202 looi
428 4137 632 4220 Rogonniooe
649 4137 680 4200 in
706 4135 872 4202 Dalmatia
887 4153 1004 4220 purum
1029 4135 1184 4204 distantis
1210 4159 1231 4204 o

95 4250 183 4317 mori
199 4246 309 4315 vocati
335 4245 474 4312 Comites
498 4244 666 4311 Diklioioh
680 4244 845 4312 Rubraiuh
863 4241 979 4331 (igyl),
1011 4241 1231 4329 Davidovioh,

95 4353 593 4442 Bluxevioh,llioulioh,Vojnioh
605 4353 781 4440 stRadioh,
793 4373 815 4440 q
825 4373 846 4419 u
856 4353 868 4420 i
880 4373 899 4421 o
909 4375 941 4419 m
951 4373 1024 4422 nes
1040 4350 1229 4440 hiougyt)

93 4468 413 4556 pervenerunt
444 4463 637 4549 uRegno
669 4461 930 4548 Hungoriue
959 4481 1051 4530 oum
1084 4481 1230 4530 eorum

94 4576 112 4642 f
122 4596 146 4643 o
157 4571 315 4653 millis,
339 4579 372 4637 et
381 4570 591 4657 possederunt
598 4571 704 4662 ipsum
715 4573 822 4643 looum
832 4591 904 4640 oum
916 4569 1065 4645 omuibus
1076 4569 1143 4638 suis
1160 4591 1234 4658 per-

146 4709 254 4748 uonux.
269 4709 351 4748 sunu.
366 4709 436 4749 sisu.
455 4723 492 4741 -ι
512 4709 584 4752 nuru.
600 4703 636 4749 17.
1028 4683 1070 4752 32
