3080 5160
691 277 1001 380 ..n

3 505 4 548 1

3 847 4 884 r

884 907 959 974 272.

361 1109 385 1170 Ι
388 1107 422 1174 V.
446 1106 560 1171 Ldszlo'
586 1105 696 1187 kirtly
720 1128 741 1168 a
767 1105 1022 1171 Poetdlaaroatha
1046 1109 1076 1170 ts
1091 1101 1378 1170 Philotan-asarta
1392 1100 1474 1164 1111111-

545 1239 549 1249 ’
671 1213 893 1279 holdrkdrdtst
917 1215 1053 1280 eliotdzi.
1078 1213 1173 1278 1284.

468 1407 671 1497 (madidans
695 1409 757 1474 Dei
783 1408 893 1492 gracia
917 1409 1093 1494 Hungarie,
1118 1405 1297 1489 Dalmaoie‚
1328 1403 1472 1486 croceis,

360 1519 470 1604 Rama,
488 1517 609 1602 Seruie,
625 1515 774 1600 Gallicis,
788 1516 988 1605 Lodomerie,
1006 1512 1160 1584 Onmanie
1175 1512 1393 1598 Bulgarieqne
1404 1513 1471 1578 Ber

359 1627 505 1693 omnibns
516 1624 635 1692 Christi
645 1623 793 1690 fidelibus
809 1643 941 1709 presens
956 1625 1110 1710 scriptum
1125 1622 1316 1710 inspecturis
1333 1621 1471 1688 salntem

357 1737 392 1802 in
409 1736 550 1803 omnium
565 1733 737 1801 saluatorc.
754 1731 824 1809 Que
839 1741 976 1822 aguntur
991 1734 1025 1800 in
1040 1740 1193 1820 tempore,
1207 1753 1247 1800 ne
1262 1750 1336 1798 cum
1351 1736 1466 1813 tempo·

357 1844 402 1910 ris
417 1842 575 1910 labilitate
590 1861 685 1908 cursu
701 1848 879 1928 temporum
889 1843 1070 1926 elabantur,
1086 1843 1269 1926 sapientum
1279 1859 1339 1906 sen
1355 1837 1469 1904 disere-

358 1960 461 2018 tornm
486 1949 602 2042 sollers
622 1947 832 2034 prouidcncia
848 1947 1027 2031 adiuuenit‚
1044 1955 1079 2014 ut
1093 1950 1273 2015 litterarum
1290 1945 1472 2013 testimonio

359 2059 546 2130 solidentur.
578 2056 717 2123 Proinde
748 2055 791 2121 ad
823 2056 1041 2123 uniuersorum
1067 2055 1221 2124 noticiam
1251 2056 1368 2122 harum
1391 2056 1473 2122 serie

358 2169 504 2237 uolumus
529 2165 709 2252 peruenire,
735 2163 821 2246 qnod
845 2185 916 2232 oum
931 2167 1017 2231 inter
1031 2164 1198 2250 Thomam,
1217 2163 1426 2230 Salomonem
1441 2171 1470 2228 et

356 2275 547 2342 Michaelem
571 2273 654 2340 filios
679 2272 803 2340 Galeas
819 2291 859 2338 ex
874 2293 938 2340 nna
953 2280 1054 2358 parte,
1071 2279 1101 2339 et
1116 2269 1288 2338 Nicolaum
1303 2271 1407 2338 filium
1420 2271 1470 2334 nt-

357 2385 441 2451 colai
465 2379 636 2468 Woynade
653 2401 693 2446 ex
709 2379 824 2462 altera,
840 2401 937 2467 super
952 2381 1036 2448 iacto
1052 2388 1209 2446 terrarum
1223 2377 1473 2445 Poudharantha

356 2499 388 2560 et
411 2489 677 2558 Philesharaztha
691 2497 877 2556 notatarum
901 2491 1069 2556 contencio
1097 2489 1211 2557 inisset
1235 2490 1422 2571 snsscitata‚
1446 2495 1473 2552 et

356 2599 483 2668 demum
499 2597 629 2665 easdem
654 2597 853 2684 separandas
874 2598 916 2664 ab
931 2598 1069 2664 inuicem
1084 2605 1116 2665 et
1131 2593 1357 2681 distingendas
1372 2595 1471 2660 tideli-

355 2710 415 2774 bua
438 2705 554 2773 nostris
577 2703 725 2791 eapitnlo
741 2705 884 2772 Bndensi
899 2703 1099 2774 dedissemus
1113 2706 1148 2772 in
1163 2704 1338 2791 mandatis,
1353 2711 1388 2770 nt
1403 2723 1470 2788 pre-

354 2819 445 2880 sente
468 2813 611 2899 ipsornm
636 2813 820 2882 testimonio
847 2812 951 2880 dictas
967 2819 1070 2880 terras
1087 2813 1258 2882 circuendo
1273 2816 1334 2899 p'er
1348 2819 1471 2878 ueteres

354 2928 456 2989 metas
480 2927 630 3006 separent
653 2919 696 2987 ab
721 2920 871 3005 inuicem·
895 2922 1068 2988 statuendo
1091 2929 1210 2988 terram
1225 2919 1471 2988 Poudharaztha

352 3034 502 3098 uocatam
526 3027 663 3095 Nicolao
687 3027 841 3114 predicto,
867 3035 984 3095 terram
1010 3049 1087 3096 vero
1102 3029 1371 3098 Philesharaztha
1395 3031 1470 3116 filijs

354 3138 477 3206 (luleus
492 3137 696 3224 supradictis.
713 3135 804 3214 Quod
820 3135 948 3220 quidem
959 3135 1141 3225 Capitulum
1157 3139 1250 3206 nobis
1266 3140 1471 3225 postmodum

353 3245 596 3330 rescripserunt,
613 3241 700 3328 quod
730 3252 879 3329 presente
904 3245 1045 3330 ipsorum
1069 3246 1256 3312 testimonio
1281 3246 1380 3330 ijdem
1413 3245 1469 3330 dlij

353 3353 472 3422 Gnlcns
497 3360 615 3420 terram
642 3350 911 3418 Philesharaztha
925 3352 1103 3438 predictam
1119 3362 1326 3439 separassent
1342 3375 1364 3420 a
1378 3362 1467 3420 terra

353 3460 488 3548 predicti
497 3459 625 3528 Nicolai
633 3457 881 3528 Poudharaztha
888 3468 1105 3547 nuncupatam
1114 3461 1207 3528 iuxta
1223 3469 1348 3532 ueteres
1365 3469 1472 3530 metas

351 3590 454 3637 nouas
479 3568 642 3654 erigendo,
667 3575 818 3654 presente
842 3575 875 3634 et
898 3589 961 3636 non
978 3569 1216 3636 contradicente
1241 3571 1379 3636 Nicolao
1395 3590 1472 3656 sup-

350 3679 481 3745 radicto.
498 3677 565 3742 Nos
581 3677 692 3760 itaque
722 3676 894 3760 unicuique
925 3675 987 3742 iuri
1002 3695 1060 3743 suo
1084 3697 1147 3742 non
1169 3677 1283 3744 deesse
1306 3679 1470 3762 nolentes²

351 3787 468 3854 dictam
489 3791 605 3851 terram
621 3783 890 3850 Philesharaztha
905 3771 1092 3867 reliquimus
1108 3783 1231 3851 eisdem
1246 3785 1325 3871 filijs
1344 3786 1474 3854 duleus

350 3899 503 3982 perpetuo
513 3891 751 3978 possidendam.
763 3892 881 3958 Datum
891 3912 948 3978 per
959 3912 1075 3959 manus
1090 3892 1222 3960 discreti
1239 3893 1303 3958 uiri
1316 3895 1476 3979 Magistri

350 4000 566 4070 Bartholomei
590 3999 750 4084 Prepositi
777 3998 818 4066 dc
833 4001 955 4088 Scepns
971 4001 1045 4066 aule
1060 4001 1162 4067 nostri
1177 3999 1472 4086 llice-Cancellarij

351 4111 463 4179 dilecti
492 4115 524 4174 et
552 4108 657 4176 fidelis
687 4108 798 4189 nostri,
829 4128 914 4175 anno
940 4107 1069 4173 Domini
1095 4109 1144 4174 11ο
1161 4106 1228 4174 00⁰
1244 4111 1476 4194 octuagesimo

350 4225 474 4308 quarto,
494 4223 608 4285 ootauo
632 4217 794 4284 kalendas
809 4217 931 4304 Marcij,
948 4213 1131 4285 Indiccione
1146 4218 1346 4302 duodecima,
1363 4219 1476 4303 Regni

350 4335 456 4397 autem
472 4328 575 4394 nostri
591 4345 675 4392 anno
692 4325 888 4392 duodecimo.

350 4506 487 4582 (Eredetie
500 4503 673 4574 borhtrtytn
686 4505 799 4572 melyro'l
812 4523 828 4558 a
841 4505 991 4574 pecsttnsk
1004 4505 1131 4558 tltreddke
1145 4515 1224 4561 v'drda
1236 4512 1477 4577 selysmssinoron

600 4603 675 4663 fflgg,
688 4614 705 4649 a
725 4597 807 4648 budai
820 4597 871 4647 kir.
884 4599 1009 4649 kamarai
1020 4596 1211 4668 lertltdrbsn.)
