3138 5164
111 1255 129 1320 l
137 1255 171 1321 V.
189 1253 356 1322 Honorias
367 1257 460 1342 pdpa
484 1277 505 1318 a
521 1257 675 1340 soporati
706 1253 1109 1341 oselretsettasalmaaa,
1126 1259 1208 1345 kopp
1225 1282 1246 1322 a

112 1361 268 1448 trebipnei
292 1367 323 1427 e‘a
349 1363 476 1448 stopnoi
499 1363 665 1449 epplrdaak
695 1365 845 1428 aramma
865 1364 1063 1450 pospdto'ksr
1088 1386 1245 1432 derasen.

634 1470 731 1538 1286.

222 1682 384 1752 Honorius
400 1683 582 1770 Episcopus
601 1703 714 1751 servus
724 1701 888 1752 servorum
908 1684 973 1752 Dei
988 1683 1167 1753 venerabili
1182 1683 1247 1750 fra-

112 1790 155 1856 tri
174 1838 182 1854 .
201 1839 209 1856 .
228 1843 233 1856 .
254 1789 508 1878 Arcbiepisoopc
523 1790 692 1875 Ragusino
708 1791 844 1860 salutem
862 1799 893 1860 et
909 1792 1133 1878 Apostolioam
1149 1793 1245 1860 bene·

113 1896 300 1966 dictionem.
316 1899 418 1965 Lecta
433 1918 542 1966 coram
558 1899 651 1966 nobis
669 1906 726 1965 tua
741 1899 858 1985 petitio
871 1899 1070 1984 continebat,
1087 1897 1173 1984 quod
1191 1898 1248 1965 du·

113 2003 193 2072 dnm
209 2001 253 2070 ad
270 2025 367 2073 eures
382 2004 488 2073 felicis
518 2006 750 2075 recordationis
767 2006 911 2076 'Martini
935 2009 1025 2094 Pape
1043 2007 1117 2076 1111.
1133 2007 1247 2092 prede·

113 2113 255 2181 cessoris
280 2115 381 2183 nostri
407 2122 580 2202 pervento,
612 2116 697 2198 quod
722 2115 949 2184 Tribuniensis
974 2121 1007 2183 et
1022 2115 1247 2200 Stragniensis

113 2220 261 2289 Ecclesie
287 2221 500 2290 Oathedrales
532 2229 586 2290 tue
617 2222 805 2310 provincie,
841 2223 1076 2310 metropolitico
1102 2223 1161 2290 tibi
1178 2224 1248 2289 iure

114 2328 272 2418 subiecto,
287 2335 380 2398 tanto
396 2338 544 2416 tempore
559 2330 747 2416 pastoribus
764 2332 829 2398 iarn
851 2338 1020 2416 vacarunt,
1037 2331 1123 2415 quod
1138 2349 1249 2399 earum

115 2437 263 2523 provisio
279 2435 387 2506 estad
403 2436 521 2506 Sedens
538 2439 760 2524 Apostolicam
780 2439 960 2507 secundum
991 2438 1162 2508 Generalis
1187 2443 1250 2506 sta·

116 2553 192 2612 tuta
208 2545 347 2614 Consilii
364 2544 509 2630 legitime
528 2545 704 2631 deuoluta;
736 2547 949 2632 predecessor
973 2545 1045 2633 ipse
1061 2545 1250 2633 dispendiis,

117 2671 184 2736 qne
198 2673 239 2720 cx
254 2652 384 2721 diutina
394 2653 566 2722 vacatione
579 2654 789 2740 imposterum
799 2655 945 2724 Ecclesie
961 2656 1105 2739 predicte
1119 2660 1252 2741 possent

116 2761 294 2849 incurrere,
322 2782 380 2848 per
395 2783 454 2830 sue
478 2762 680 2849 providentie
705 2763 848 2831 studium
877 2762 1048 2832 intendens
1072 2783 1251 2850 occurrere,

117 2888 160 2935 ac
177 2888 295 2953 gerens
311 2868 352 2936 de
368 2869 655 2957 circumspectione
672 2877 731 2938 tua
746 2871 779 2938 in
797 2871 936 2940 Domino
961 2870 1112 2940 fiduciam
1128 2871 1252 2958 specia-

119 2977 196 3064 lem,
213 2976 273 3045 tibi
290 2995 349 3062 per
364 2997 442 3045 suas
473 2977 565 3045 dedit
580 2979 709 3046 litteras
739 2979 774 3046 in
790 2979 977 3062 mandatis,
1009 2987 1045 3046 ut
1061 2980 1088 3047 si
1105 2979 1163 3047 tibi
1179 3000 1252 3048 con·

120 3088 225 3152 steret
240 3083 288 3152 ita
301 3104 382 3171 esse,
404 3085 561 3172 prodistis
578 3083 747 3172 Ecclesiis‚
778 3085 917 3171 singulis
933 3085 1085 3154 videlicet
1099 3087 1249 3172 singulas

119 3210 280 3275 personas
293 3190 439 3279 ydoneos
456 3194 497 3262 de
513 3193 706 3282 prudentum
722 3201 757 3264 et
770 3193 996 3280 religiosorum
1012 3195 1154 3262 virorum
1170 3215 1248 3262 oon·

121 3299 196 3366 silio
220 3321 262 3368 ea
277 3303 349 3370 viee
365 3305 557 3372 auctoritate
573 3324 634 3372 sua
650 3303 823 3391 proficeres
838 3303 872 3370 in
888 3301 1068 3389 npisespm
1092 3309 1127 3370 et
1140 3309 1249 3390 pasto·

120 3423 185 3498 res,
203 3410 315 3493 eisque
328 3411 443 3479 ascitis
467 3411 525 3479 tibi
552 3412 655 3482 tribus
685 3413 739 3480 vel
756 3398 882 3478 duobis
913 3409 1084 3496 Episcopis
1095 3458 1105 3493 ,
1138 3430 1255 3478 munus

77 3511 85 3516 ’
121 3519 380 3586 consecrationis
411 3517 634 3606 impenderes,
667 3540 707 3587 ac
732 3518 857 3589 laceres
887 3517 969 3604 ipsis
994 3517 1098 3586 asnis
1114 3517 1254 3587 subditis

122 3625 344 3694 obedientiam
360 3633 393 3696 et
416 3631 634 3698 reverentiam
660 3627 802 3698 debitam
819 3626 975 3714 exbiberi,
1002 3627 1255 3718 contradictores
1311 3643 1317 3656 ·

122 3753 182 3821 per
205 3754 375 3802 censuram
392 3737 647 3807 ecclesiasticam
663 3735 888 3826 appellatione
912 3736 1095 3822 postposita
1111 3754 1257 3821 compes-

122 3840 238 3910 cendo.
255 3843 374 3911 Verum
391 3845 469 3930 quia
484 3845 695 3932 predecessor
711 3847 802 3932 ipse,
832 3851 1007 3929 antequam
1026 3841 1170 3930 predicte
1187 3841 1256 3910 eius

123 3951 230 4020 littere
246 3951 307 4018 tibi
322 3959 510 4037 presentato
525 3952 673 4040 luissent,
690 3952 834 4021 debitum
851 3950 1145 4037 naturepersoluit,
1162 3950 1257 4018 sotis

123 4055 293 4127 humiliter
306 4057 511 4146 supplicasti,
528 4068 565 4130 ut
580 4083 622 4130 ne
637 4083 676 4129 ex
687 4061 815 4130 diutina
826 4059 999 4129 vacatione
1012 4057 1139 4147 prefate
1153 4057 1258 4126 Eccle-

123 4167 174 4234 sie
189 4163 365 4251 dispendia
378 4167 566 4255 patiantur,
598 4169 768 4256 providere
784 4185 883 4255 snper
910 4167 973 4236 boc
1004 4165 1255 4234 misericorditer

125 4294 321 4346 curaremus.
336 4273 404 4346 Nos
421 4274 542 4364 itaque,
568 4277 686 4364 quibas
701 4297 743 4345 ex
759 4275 904 4344 iniuncto
934 4274 1030 4344 nobis
1044 4273 1257 4360 Apostolatos
1369 4261 1371 4264 ’

124 4385 232 4456 obicio
247 4385 437 4456 sollicitudo
453 4385 677 4456 Ecclesiamrn
693 4383 864 4472 imminet,
880 4381 1061 4469 dispendiis
1077 4378 1260 4488 huiusmodi

125 4511 295 4564 occurrere
318 4493 504 4584 cupientes,
530 4491 728 4564 tretemitati
753 4499 808 4562 tue
833 4511 892 4579 per
919 4487 1113 4576 Apostolioa
1137 4486 1260 4573 scripte

14 4597 17 4604 ’
125 4603 330 4692 mandamns,
348 4607 507 4686 quamam
531 4621 630 4692 super
645 4599 800 4693 premisls
815 4599 1035 4669 sanetoritete
1059 4599 1173 4664 nostra
1187 4613 1259 4682 pro·
