3124 5158
484 271 488 278 ·
592 271 751 372 „aa

105 470 262 556 temporis
287 466 474 536 Palatinum
499 468 600 536 simus
625 464 669 534 ad
683 462 851 551 predictas
867 463 949 532 duas
965 483 1082 534 causam
1099 465 1233 550 inquisi-

105 586 192 645 tores
209 584 242 644 et
257 575 467 644 arbitratores
483 543 648 660 deputati,
681 579 790 640 tamen
811 569 889 656 quia
905 569 1132 656 eringentibus
1148 571 1236 662 (lgy)

106 683 278 752 fidelitatis
302 695 410 752 uestro
434 681 558 750 meritis
584 681 625 746 de
650 681 762 764 gracia
777 679 882 766 Regia
897 701 956 766 per
970 685 1072 746 totum
1088 681 1237 766 Regnum

107 791 186 858 estis
203 792 392 877 Palatinus,
419 811 459 858 cx
475 796 568 877 parte
584 795 715 875 nostra,
742 789 824 856 sicut
852 787 1017 875 debemus,
1043 789 1237 876 scripsimus

106 899 264 966 seriatim.
287 899 410 968 Datum
426 897 602 986 Segusdini
618 899 653 964 in
669 903 763 966 sexta
783 895 867 964 feria
883 896 1086 982 supradicta.

216 1009 318 1074 Ktvut
333 1009 471 1095 epylroru
486 1009 561 1072 leda:
577 1007 676 1074 Petro
692 1004 843 1072 Palatino
861 1009 892 1071 et
902 1003 1020 1072 Conciti
1030 1001 1237 1091 symigiensi.

108 1187 247 1254 (Eredetie
270 1185 444 1254 bd'rhtrtyin,
469 1188 597 1254 melynek
617 1183 715 1238 hltdra
727 1165 850 1252 nyomott
862 1183 955 1251 peccet
969 1182 1109 1250 lemallott‚
1123 1202 1140 1238 u
1154 1202 1240 1241 nemu.

477 1294 601 1330 museum
614 1272 870 1342 herirat-cathan.)

568 1539 782 1552 —

641 1994 717 2062 159.

111 2194 173 2258 IV.
192 2194 308 2261 loreto
323 2151 498 2281 lct'rdlyuolc
522 2195 623 2280 Daoq
643 2196 783 2260 birtoka't
804 2191 958 2278 ido-yyazd
973 2191 1157 2273 adoardayo
1188 2186 1242 2250 Ost

288 2301 517 2386 rcemecscpbctt
535 2301 638 2367 Dc'aeo
657 2312 766 2367 creater·
781 2303 940 2365 azdutdro.
966 2297 1064 2362 1279.

222 2494 398 2562 Ladinlaus
439 2495 502 2561 Dei
528 2495 640 2581 gracia
655 2496 831 2582 Hungarie‚
864 2493 1047 2581 Dalmacie,
1066 2491 1241 2578 (irowacie,

109 2602 236 2686 Rome,
261 2603 374 2670 Seruie
385 2655 393 2688 ,
418 2603 577 2690 Gallicis,
602 2603 809 2691 Lodomerie,
827 2603 1001 2687 Cumanis,
1025 2601 1242 2686 Balgarieque

108 2709 180 2774 Rex
197 2711 344 2776 omnibus
370 2709 491 2778 Christi
517 2711 668 2780 fidelibus
694 2713 896 2798 presencium
916 2711 1068 2778 noticiam
1084 2709 1242 2776 habituris

108 2823 176 2882 tam
206 2819 411 2902 presentibus
437 2841 535 2905 quam
561 2819 676 2886 futuris
703 2821 841 2887 saltitem
866 2820 899 2886 in
920 2819 1059 2886 Domino
1077 2819 1242 2902 sempiter-

108 2947 198 2991 nam.
233 2923 283 2991 Ad
310 2928 532 2996 uniuersorum
555 2929 707 2995 noticiam
732 2933 842 2996 tenore
868 2927 1072 3012 presencium
1095 2926 1242 2992 volumus

109 3033 293 3121 peruenire,
318 3035 404 3118 quod
422 3055 493 3102 curn
510 3037 625 3104 Petrus
642 3035 804 3119 quondam
822 3035 1031 3102 Castellanus
1049 3033 1243 3119 Suprunien-

109 3139 158 3204 sis
185 3141 279 3209 nobis
305 3149 338 3209 et
364 3145 476 3226 Regno
502 3151 613 3210 nostro
633 3145 665 3210 in
683 3142 873 3228 proditione
905 3141 1003 3208 castri
1028 3139 1129 3206 nostri
1160 3141 1243 3224 Regi

109 3248 244 3314 Boernic
260 3249 351 3316 facta
376 3250 410 3316 in
436 3258 547 3318 tenera
576 3251 682 3317 adhuc
707 3256 794 3338 etate
819 3249 1002 3316 constitutis
1019 3247 1241 3314 infidelitatem

110 3357 338 3439 commisisset,
356 3364 387 3424 et
396 3379 434 3425 eo
451 3376 515 3424 non
532 3364 703 3425 contentus
720 3359 828 3425 scelus
837 3357 953 3424 sceleri
971 3355 1126 3438 adiciens,
1146 3375 1240 3440 quos-

110 3461 187 3526 dam
214 3462 255 3530 de
281 3465 430 3532 fidelibus
456 3465 580 3532 ciuibus
607 3465 714 3533 Castri
729 3465 831 3533 nostri
848 3464 1088 3550 Supruniensis‚
1104 3461 1241 3547 Stepha-

110 3591 190 3636 num
209 3571 363 3639 uidelicct
379 3567 605 3660 pelliparium,
631 3575 761 3640 Petrum
788 3581 821 3640 et
845 3572 998 3638 Suercbel
1024 3571 1141 3637 fratres
1157 3589 1242 3648 suos,

109 3698 171 3764 pro
187 3678 345 3748 fidelitate
371 3680 465 3747 nobis
492 3681 701 3748 obseruanda
717 3679 803 3747 idem
818 3681 933 3746 Petrus
949 3677 1144 3746 Parcrauius
1160 3677 1242 3743 occi-

110 3784 234 3873 disset,
268 3806 307 3852 ac
333 3785 460 3854 demum
480 3787 566 3854 idern
582 3809 641 3874 pro
657 3787 842 3854 huiusmodi
858 3787 926 3856 suis
942 3785 1129 3854 excessibus
1146 3783 1244 3847 mani·

113 3893 212 3960 sestis
238 3901 271 3960 et
297 3896 435 3980 notorijs
462 3894 575 3961 ordine
599 3893 758 3962 iudicatio
783 3893 950 3962 conuictus
969 3914 1027 3978 per
1043 3891 1243 3958 sentenciam

109 4000 238 4067 Mathai
254 4001 398 4068 Palatini
415 4002 548 4068 Comitis
566 4001 806 4089 Suprnniensis,
833 3999 1058 4087 Synrigiensis,
1076 4003 1107 4067 et
1123 3995 1247 4064 Judicis

109 4109 330 4176 Cumanorum
362 4107 472 4176 dilecti
499 4115 532 4177 ct
554 4109 659 4177 fidelis
687 4110 790 4176 nostri
815 4109 931 4177 luisset
956 4109 1187 4193 interemptus,
1214 4109 1247 4168 et

109 4216 336 4303 possessiones
363 4237 421 4284 sue
447 4217 620 4286 admanus
637 4223 763 4285 nostras
778 4218 899 4303 Regias
915 4219 1007 4284 iuxta
1022 4213 1130 4298 Regni
1145 4211 1246 4278 nostri

110 4323 380 4392 consuetudinem
413 4329 606 4410 aprobotam
638 4327 821 4393 extitissent
848 4327 1018 4406 deuolute;
1043 4341 1102 4389 nos
1118 4321 1158 4386 de
1175 4340 1245 4404 pos-

109 4433 320 4502 sessionibus
337 4435 417 4518 cius‚
433 4429 587 4518 tanquam
605 4435 647 4501 ad
665 4435 805 4502 cilicium
817 4435 919 4502 nostri
930 4429 1245 4518 regiminispertinet

109 4541 253 4609 seruicia
271 4549 303 4608 et
320 4541 491 4610 fidelitates
512 4543 615 4609 metiri
637 4543 856 4626 singulorum,
883 4542 1046 4625 quandam
1072 4537 1244 4626 possessio-
