3080 5160
632 963 708 1032 28⁰.

112 1183 259 1249 lsi-estber
287 1181 391 1268 ufjodd
416 1181 636 1266 tiratyneeak
662 1203 701 1246 oa
722 1181 804 1270 Epel
819 1181 946 1248 melletti
959 1184 1125 1268 kirdlyue'e'
1132 1181 1242 1270 fttdet

159 1288 315 1377 tdrpyoad
332 1287 515 1374 adomduyo
531 1310 569 1354 aa
585 1291 775 1376 esaterpome'
790 1291 911 1376 appete
926 1293 1084 1356 eadmero.
1104 1288 1201 1354 1284.
1218 1318 1223 1336 r

222 1502 394 1570 Elisabeth
409 1501 470 1568 Dei
487 1500 602 1589 graoia
616 1499 742 1584 Regius
757 1492 926 1588 Hungerie'
943 1503 1091 1570 omnibus
1116 1501 1238 1569 Christi

111 1609 265 1678 fidelibus
289 1617 357 1676 tarn
382 1611 588 1697 presentibus
616 1629 713 1693 quam
730 1609 849 1676 tuturis
865 1615 1032 1696 presentes
1047 1609 1176 1678 litterae
1194 1609 1241 1676 in·

112 1717 280 1786 tuentibus
304 1717 445 1784 salutem
461 1717 494 1784 in
511 1737 588 1786 uero
605 1715 754 1784 salutari.
770 1717 820 1783 De
836 1715 1039 1801 singulorum
1056 1717 1246 1802 pronisionu

113 1822 258 1909 solliciti,
285 1821 370 1890 eirea
393 1829 529 1892 matrem
554 1823 708 1891 Sanctam
732 1823 922 1910 Eeolesiam,
947 1833 1043 1907 quam
1069 1822 1156 1890 eultu
1172 1844 1242 1918 pre·

112 1930 212 2016 eipno
222 1923 425 2015 ueneremur,
435 1951 547 1998 euram
556 1931 711 1998 debemus
722 1929 907 2018 impendere
917 1929 1102 2017 spetialem‚
1115 1937 1151 1996 nt
1172 1932 1243 1998 Deo

114 2031 323 2120 famulantes,
348 2039 451 2123 Regio
477 2031 601 2108 induoti
625 2036 791 2123 benefieio,
816 2025 926 2122 quiete
942 2038 1065 2119 uiuant,
1083 2043 1115 2104 et
1131 2035 1243 2122 plenu-

115 2143 216 2210 bilem
234 2145 352 2211 ostiam
368 2145 483 2213 offerre
499 2147 631 2214 ualeant
647 2165 755 2213 eoram
772 2147 842 2213 Deo
857 2142 1004 2212 rProinde
1021 2143 1064 2211 sd
1080 2143 1243 2212 uniuerso-

115 2271 189 2318 rum
215 2251 369 2319 notieiem
393 2257 460 2320 tam
486 2254 688 2340 presentium
714 2273 811 2338 quam
833 2251 1012 2320 futurorum
1030 2252 1143 2319 berum
1160 2249 1245 2318 serie

116 2359 270 2428 uolumus
294 2359 477 2446 peruenire,
497 2361 582 2445 quod
607 2381 680 2426 eum
697 2365 772 2446 post
787 2360 1035 2427 eoroneeionem
1052 2365 1196 2427 nostram
1211 2359 1246 2425 in

116 2467 225 2554 primo
238 2465 386 2535 introitur
401 2467 503 2536 nostri
519 2468 553 2535 in
569 2468 742 2536 eeclesiam
754 2465 1022 2554 strigoniensem,
1040 2468 1081 2534 ob
1097 2465 1245 2533 denoeio·

117 2593 203 2655 nem,
215 2593 311 2659 quam
327 2570 381 2660 pie
391 2575 509 2642 mentis
519 2575 638 2642 ellectu
654 2574 797 2660 gerimus
815 2593 894 2660 erge
908 2575 1062 2641 Sanctum
1078 2573 1243 2640 martirem

117 2679 342 2767 unebertum,
367 2683 629 2766 promisissemus
655 2681 785 2749 nomine
801 2681 965 2750 offertorio
981 2681 1104 2768 prolate
1121 2679 1243 2765 Strigo·

118 2789 228 2855 niensi
238 2788 428 2855 Eoolesiein
438 2789 566 2856 decenti
586 2789 792 2876 possessione
808 2788 1009 2873 benignitate
1025 2785 1120 2856 solita
1136 2789 1244 2874 proui-

120 2895 219 2981 dere,
245 2915 404 2964 memores
432 2895 618 2984 huiusmodi
635 2896 858 2984 promissionis
884 2905 1013 2981 nostre;
1041 2893 1246 2962 attendentes

119 3003 364 3090 niebilonuinns,
379 3003 426 3069 nil
442 3011 510 3070 tam
539 3023 612 3071 esse
642 3003 773 3072 salubre
787 3011 918 3088 tamque
933 3004 1033 3090 pium,
1050 3021 1246 3087 quamquem
1318 3081 1337 3095 .

94 3181 102 3188 .
120 3111 210 3202 (igy)
222 3114 379 3200 Erelesijs
390 3114 464 3200 Dei,
474 3122 507 3182 et
516 3117 665 3201 personis
681 3114 715 3180 in
732 3112 853 3182 eisdem
871 3117 940 3182 Deo
955 3113 1073 3197 ingiter
1089 3109 1248 3177 lamnian-

120 3221 222 3308 tibus,
244 3222 459 3305 prensionem
476 3221 582 3289 lneere
597 3223 790 3308 specialem:
805 3223 866 3290 hae
882 3221 1142 3290 consideracione
1158 3216 1249 3285 indu·

122 3333 183 3412 ote‚
199 3327 365 3412 quendam
382 3335 501 3396 terram
517 3336 661 3398 nostram
675 3329 878 3414 Reginalem,
897 3348 969 3394 eum
984 3335 1073 3394 terra
1088 3326 1172 3393 dieto
1188 3323 1246 3392 lde·

122 3429 226 3503 olesie
250 3435 484 3520 strigoniensis
509 3437 590 3523 spel
618 3443 734 3504 uoesta
753 3437 878 3504 mixtim
895 3433 1108 3522 adieeentem,
1126 3433 1169 3500 ad
1184 3431 1247 3498 duo

121 3547 236 3610 aratra
259 3543 483 3630 sufficientem,
511 3563 608 3632 snper
629 3565 694 3629 qua
716 3543 930 3613 exercituales
946 3543 1058 3630 populi
1073 3539 1249 3626 Reginalee

124 3647 323 3735 residebant,
350 3649 383 3715 iu
402 3657 591 3737 perpetuam
607 3651 830 3739 elemosinam,
843 3658 876 3718 et
889 3651 930 3718 ob
947 3648 1124 3718 remedium
1140 3647 1248 3715 anime

123 3757 332 3826 Serenieeimi
351 3757 474 3825 domini
489 3759 589 3844 Regis
604 3759 762 3846 Stephani
777 3757 866 3826 olere
883 3755 1119 3826 reeordaoionis
1146 3755 1250 3824 sooeri

122 3863 238 3950 nostri,
255 3861 368 3933 ‘eidem
393 3863 540 3962 seelesie
564 3865 780 3950 strigoniensi
796 3863 838 3933 de
853 3863 1055 3954 plenidntine
1071 3862 1181 3948 graoie
1195 3883 1250 3930 no·

124 3979 202 4059 stre,
214 3991 254 4042 ex
264 3977 353 4040 eerta
363 3971 504 4040 seieneia
517 3978 550 4041 et
565 3994 656 4042 mera
670 3972 877 4058 liberalitate,
893 3971 1052 4056 dedimus,
1058 3969 1251 4038 donanimns

126 4087 160 4148 et
175 4079 371 4148 eontulimus
386 4087 542 4169 perpetuo
557 4071 691 4168 poeitioe
705 4081 949 4170 possidendam,
966 4083 1008 4148 ab
1022 4099 1083 4148 usu
1108 4083 1142 4145 et
1164 4083 1252 4166 pote·

126 4193 213 4258 state
229 4185 404 4256 eorundem
420 4187 613 4275 populorum
638 4187 885 4257 exereitnalium
909 4207 990 4276 pure
1013 4193 1047 4254 et
1060 4185 1253 4274 simplieiter

126 4291 310 4365 eximendo.
331 4293 375 4362 Ut
390 4294 489 4382 igitur
503 4293 564 4362 beo
583 4301 696 4364 nostra
711 4294 850 4364 donaeio
873 4294 971 4363 robur
985 4298 1141 4380 perpetue
1155 4291 1250 4360 mmi-

125 4403 206 4471 tatis
233 4401 391 4498 obtineat,
416 4421 478 4471 nee
501 4401 570 4470 ullo
594 4423 736 4490 umquem
762 4409 907 4490 tempore
931 4401 1044 4469 ualent
1058 4399 1253 4486 retraetari3

126 4516 296 4600 presentes
323 4508 471 4580 dedimus
496 4509 632 4600 litteras,
658 4509 821 4598 dupplieis
836 4505 942 4598 sigilli
955 4505 1059 4576 nostri
1074 4503 1249 4576 munimine

126 4622 309 4692 roboratas.
335 4619 457 4686 Datum
481 4639 542 4706 per
566 4637 681 4686 manus
703 4610 903 4686 uenerabilis
918 4613 1020 4699 patris
1037 4611 1162 4683 Thome
1176 4609 1253 4696 Epi·
