3118 5158
860 843 912 911 ib.

317 1047 380 1113 IV.
396 1047 512 1112 Ldozlo'
525 1045 700 1130 kindlynalr
716 1042 941 1128 Mdrlnoffdlde
956 1050 1034 1106 nterii
1053 1041 1189 1108 birtokot
1205 1045 1363 1126 to'rpyozd
1377 998 1451 1106 odo-

473 1157 593 1240 mdnyo
612 1152 757 1231 Horand,
789 1150 934 1216 Urornalo
945 1148 999 1232 fio
1013 1152 1173 1215 szdntdra.
1198 1151 1297 1214 1275.

425 1361 600 1430 Ledinlnus
629 1362 691 1430 Dei
723 1362 839 1446 gnesin
868 1360 1056 1446 Hungarie,
1089 1360 1268 1444 Dslmsoie,
1302 1359 1449 1443 Oronoie,
1550 1347 1551 1350 '

315 1471 436 1554 Rome,
458 1467 590 1552 Seruio,
614 1466 755 1537 Gallicis
763 1515 773 1555 ,
794 1467 1006 1555 Lodomorie,
1041 1466 1194 1534 Onmonie
1224 1466 1451 1550 Bnlgnrieqno

316 1579 390 1644 ilex
406 1576 555 1644 omnibns
567 1594 702 1660 presens
718 1574 876 1660 seriptum
891 1573 1245 1644 nementibnssalntom
1260 1572 1295 1639 in
1306 1573 1447 1640 omnium

318 1683 495 1750 sulnotore.
533 1681 585 1748 Ad
611 1681 835 1748 uniuersorum
867 1683 1023 1750 noticiam
1048 1681 1163 1748 horum
1188 1681 1274 1748 serie
1298 1680 1451 1748 volumus

317 1789 501 1875 peruenire,
527 1787 612 1872 qnod
637 1807 709 1854 enm
732 1787 924 1856 Horrendus
948 1789 1037 1856 filins
1062 1789 1143 1856 Vros
1167 1786 1273 1854 fidelis
1299 1793 1448 1852 nostern

318 1895 477 1981 primeuis
502 1913 561 1962 sne
594 1892 820 1962 adolescentie
845 1895 1063 1982 temporibus,
1094 1894 1199 1981 primo
1224 1893 1311 1980 petri
1338 1901 1451 1960 nostro

319 2001 492 2070 kanssimo
516 1999 646 2068 domino
674 1999 841 2086 Stephano
865 2001 949 2084 Regi
972 2001 1142 2086 Hnngorie
1167 2001 1280 2067 inelite
1298 1999 1448 2069 reeorda-

320 2109 444 2194 oionis,
467 2114 500 2174 et
514 2127 572 2193 per
596 2125 797 2190 consequens
822 2106 918 2175 nobis
942 2116 1071 2192 gratnm
1097 2126 1224 2192 semper
1246 2106 1450 2175 exhibuisset

319 2213 496 2284 seruioinm
521 2221 553 2280 et
568 2214 720 2282 sedulum
736 2213 931 2282 famulatum
940 2266 951 2302 ,
975 2222 1105 2302 propter
1129 2235 1194 2298 qne
1212 2214 1365 2298 nngali
1379 2213 1449 2278 Ma·

319 2321 514 2408 gnifieenoie
537 2320 734 2389 refonondns
768 2321 873 2388 inerat
897 2321 986 2388 omni
1012 2323 1117 2407 bono,
1149 2342 1209 2389 nos
1234 2320 1449 2388 consideratis

320 2429 390 2496 suis
415 2425 563 2512 sernioijs
587 2427 772 2515 meritorijs,
797 2430 945 2496 uolentes
965 2426 1028 2496 sibi
1043 2436 1139 2512 grate
1158 2427 1383 2496 uicissitudine
1397 2447 1451 2494 re·

320 2535 493 2622 spondere,
516 2532 681 2618 quendem
700 2519 822 2602 terrem
839 2535 946 2602 (lustri
961 2536 1065 2602 nostri
1080 2534 1287 2604 anudiensis
1302 2534 1448 2602 Marius-

318 2639 413 2726 leldy
427 2645 589 2727 noestam,
612 2659 674 2724 qne
690 2640 819 2724 quidem
845 2648 933 2709 terro
948 2641 1023 2708 usui
1041 2643 1185 2726 quinque
1201 2648 1381 2710 aratrorum
1397 2639 1452 2708 uel

320 2745 410 2814 eires
432 2745 503 2832 hoo,
528 2745 613 2814 sient
636 2747 712 2814 uisn
736 2747 936 2816 considerari
960 2749 1077 2834 potnit,
1103 2748 1328 2834 sufficientem,
1351 2745 1448 2814 simul

318 2872 395 2920 eum
420 2851 517 2920 vineo
541 2855 574 2920 in
601 2853 716 2921 endem
745 2855 918 2942 existenti,
947 2856 984 2922 in
1008 2875 1074 2939 qne
1099 2861 1238 2939 quotuor
1263 2857 1455 2924 mensiones

320 2960 535 3028 castrensium
551 2958 630 3026 dieti
648 2959 755 3028 (lustri
771 2959 966 3049 residebant,
989 2981 1063 3028 oum
1078 2963 1227 3030 omnibns
1242 2961 1310 3028 suis
1326 2981 1448 3049 appen-

318 3065 418 3152 dioijs
434 3071 467 3132 ot
481 3065 677 3134 utilitatibus
692 3067 872 3154 uniuersis,
897 3067 962 3153 ipsi
977 3066 1157 3153 Herrondo‚
1185 3075 1218 3134 ot
1241 3067 1311 3136 suis
1326 3065 1453 3134 heredi-

318 3174 382 3241 bus
406 3171 626 3256 heredumque
652 3191 783 3239 suorum
803 3173 1044 3242 suecessoribus
1060 3171 1254 3240 eontulimus
1265 3223 1275 3258 ,
1300 3171 1453 3241 dedimus

314 3285 354 3348 et
369 3277 562 3346 donouimns
578 3287 733 3364 perpetuo
743 3286 776 3348 et
785 3279 1042 3347 irrenoeebiliter
1056 3278 1192 3365 pneifioe
1205 3277 1454 3364 possidendam,

318 3395 354 3452 et
369 3383 508 3453 eundern
520 3383 724 3454 Horrnndnm
740 3386 774 3452 in
790 3386 992 3470 corporalem
1007 3383 1247 3471 possessionem
1263 3383 1350 3451 dioto
1364 3392 1453 3451 terro

228 3571 231 3576 ¹
318 3511 379 3578 per
394 3489 500 3558 Koled
515 3491 617 3557 fllium
632 3491 737 3560 Keled
752 3491 915 3560 hominem
931 3499 1077 3560 nostrum
1097 3491 1158 3558 snb
1174 3491 1359 3558 testimonio
1374 3490 1450 3558 tide·

317 3597 398 3663 lium
430 3601 612 3663 nostrornm
642 3596 827 3665 conuentus
863 3597 1070 3666 Zslediensis
1102 3597 1238 3665 lenimus
1277 3596 1450 3683 introduci,

317 3701 525 3792 presentibus
556 3701 706 3771 omnibns
737 3705 966 3774 commetaneis
996 3713 1029 3772 et
1053 3702 1194 3784 nieinis,
1228 3709 1262 3770 et
1285 3722 1351 3770 non
1375 3723 1453 3771 eon·

318 3808 574 3895 trodioentibns3
599 3807 683 3876 siout
707 3811 742 3878 in
764 3810 943 3903 ‘eorundem
958 3810 1147 3878 conuentus
1163 3809 1283 3876 litteris
1308 3809 1455 3877 uidimus

317 3915 488 3987 contineri.
522 3915 621 3984 (luins
647 3913 777 4000 quidem
802 3921 888 3985 terre
903 3915 1133 4002 Markusieldy
1160 3919 1245 3982 mete
1261 3921 1293 3981 ot
1308 3917 1449 4000 termini,

318 4024 403 4094 sient
426 4043 485 4110 per
500 4023 625 4090 litteras
651 4022 718 4089 inm
743 4022 902 4090 dictorum
928 4024 1113 4092 Onnuontns
1128 4021 1332 4090 anndiensis
1356 4025 1453 4091 nobis

316 4131 475 4216 eonstitit,
499 4131 562 4199 hoo
586 4129 699 4198 ordine
724 4129 968 4216 distinguntur:
992 4129 1112 4216 Inoipit
1137 4128 1224 4198 enirn
1242 4130 1350 4214 primo
1365 4137 1452 4196 metu

315 4241 411 4307 inxto
434 4247 556 4308 terrum
572 4237 733 4326 Lndynloi
757 4239 815 4326 fiiij
834 4237 922 4306 Petri
946 4238 981 4304 in
1006 4237 1149 4323 quodem
1174 4235 1284 4324 fluuio,
1302 4243 1334 4304 et
1359 4256 1451 4321 egre·
1513 4290 1514 4293 η

317 4346 407 4414 ditur
433 4347 477 4414 ud
501 4344 687 4431 aquilonem
721 4345 910 4432 peripsum
936 4345 1092 4429 flnuinm,
1123 4344 1274 4430 peruenit
1298 4342 1344 4409 ad
1369 4341 1455 4411 dnus

317 4461 423 4522 metas
447 4453 482 4519 in
505 4453 676 4522 arboribus
701 4455 749 4520 tol
775 4460 809 4520 et
834 4458 928 4538 rbem·
949 4452 1026 4521 inde
1051 4451 1186 4519 uertitur
1212 4448 1456 4537 adorientem,

318 4559 413 4629 uadit
437 4559 606 4645 usquead
631 4561 722 4627 uiam
750 4558 905 4648 Edeliob,
927 4559 1020 4627 iuxta
1046 4577 1144 4644 quom
1170 4566 1247 4626 sunt
1271 4565 1339 4626 tres
1356 4566 1458 4644 mete,
