3118 5158
578 380 738 478 —ea—

94 575 203 640 niente
229 573 284 639 die
310 573 534 660 probacionis,
568 580 644 641 ante
675 575 807 641 testium
837 573 1084 658 prodnccionem
1116 579 1225 658 partes

94 677 136 745 ad
151 687 296 747 nostram
315 680 509 748 accedentes
534 680 737 766 presenciam
763 682 951 765 retulerunt,
976 681 1064 764 quod
1080 700 1137 765 per
1154 701 1226 747 sen·

95 789 236 854 teneiam
263 795 294 856 et
311 788 482 855 arbitrium
503 789 643 855 virorum
661 788 830 875 nobilium,
854 795 984 874 propter
1001 789 1120 854 bonum
1135 787 1227 874 pacis

96 905 125 961 et
141 896 291 964 amicicie
315 895 598 982 perseueranciam
616 895 723 962 taliter
740 895 993 964 concordassent
1012 920 1019 960 :
1044 893 1136 973 Quod
1151 917 1224 982 pre-

93 1003 180 1071 latus
196 1005 354 1088 Magister
371 1001 535 1070 Omodens
561 1004 651 1070 nullo
669 1023 811 1088 unquam
832 1011 978 1089 tempore
1004 1003 1045 1068 ab
1067 1003 1128 1069 hac
1144 1002 1225 1070 bora

97 1113 130 1177 in
147 1119 247 1178 antea
262 1133 361 1197 snper
378 1113 545 1197 premissis
562 1111 669 1178 causis
686 1112 806 1195 poterit
821 1112 1013 1196 Magistrum
1025 1110 1225 1194 Gregorium,

97 1219 227 1284 Petrum
245 1219 345 1285 tilium
363 1221 523 1306 Nycolay,
549 1225 582 1284 et
606 1221 737 1286 Petrum
761 1218 863 1286 filium
882 1218 1045 1286 Dominici
1062 1218 1226 1303 predictos

97 1327 128 1390 in
156 1345 287 1393 causam
316 1328 443 1392 trabere
468 1330 523 1393 uel
549 1327 741 1410 inquietare,
776 1347 836 1395 neo
862 1327 1103 1410 quomodolibet
1127 1325 1223 1390 mole·

96 1441 201 1516 stare3
227 1455 288 1500 nec
305 1435 389 1501 idem
408 1437 565 1521 Magister
582 1437 770 1521 Gregorius,
783 1443 816 1502 et
832 1436 946 1504 Petrus
963 1436 1049 1502 iilius
1066 1434 1226 1519 Nycolay,

98 1563 135 1607 ac
151 1543 267 1608 Petrus
285 1543 374 1608 lilius
391 1542 563 1631 Dominici,
588 1544 722 1610 racione
737 1542 952 1630 possessionis
968 1542 1084 1626 Gogan
1101 1549 1225 1620 uocate,

99 1650 224 1717 nemine
241 1649 292 1716 sui
309 1650 400 1738 iuris,
426 1651 557 1735 siquod
574 1653 621 1720 eis
638 1651 774 1720 forsitan
794 1651 828 1718 in
844 1651 917 1737 ipsa
933 1649 1139 1738 possessione
1155 1669 1226 1714 con-

98 1758 236 1843 petebat,
261 1761 361 1828 ullam
388 1769 540 1846 poterunt
569 1761 605 1828 in
630 1767 821 1847 perpetuum
846 1767 959 1828 contra
978 1759 1169 1843 Magistrum
1188 1759 1224 1824 0.

98 1873 128 1932 et
142 1886 219 1933 suos
245 1867 382 1936 heredes
408 1868 499 1934 litem
526 1867 664 1956 ingredi,
689 1868 742 1936 vel
769 1869 912 1951 aliquam
932 1868 1109 1934 susscitare
1126 1872 1225 1931 mate-

98 1975 176 2040 riam
203 1975 396 2058 questionis.
430 1975 473 2042 Et
487 1976 535 2042 sie
551 1983 661 2062 partes
687 1975 827 2043 cassatis
851 1973 999 2042 omnibns
1017 1971 1144 2061 litteris,
1163 1993 1226 2056 qrre
1317 2003 1323 2014 ·

98 2083 248 2150 hincinde
274 2103 369 2169 super
385 2083 495 2151 causis
521 2085 587 2151 iam
608 2086 772 2171 preteritis
799 2092 1043 2170 emanauerant,
1070 2081 1226 2168 adplene

98 2193 187 2276 pacis
213 2198 245 2258 et
272 2190 441 2259 concordie
468 2192 669 2260 deuenerunt
693 2194 855 2260 unionem.
889 2191 1087 2259 Adiecerunt
1111 2191 1226 2272 eciam,

96 2299 179 2380 qnod
196 2299 226 2365 si
246 2299 382 2366 Alexins
399 2301 484 2367 filius
501 2300 622 2368 lacinti
639 2301 679 2370 de
696 2302 766 2386 Sal,
785 2321 923 2368 necnon
940 2301 1025 2366 Bala
1040 2297 1082 2364 do
1098 2297 1224 2381 Gogan,

97 2409 275 2474 sernientes
302 2407 441 2493 predicti
467 2409 615 2493 Magistri
642 2410 690 2496 0.,
718 2429 868 2476 necnon
890 2408 1085 2494 jobagiones
1110 2406 1160 2472 sui
1188 2405 1227 2470 de

98 2513 209 2580 eadem
229 2515 310 2581 villa
337 2515 453 2600 Gogan
478 2535 576 2601 super
602 2517 846 2603 captiuacione,
872 2513 992 2602 pudore
1017 2523 1049 2581 et
1074 2513 1226 2598 dampnis

95 2620 250 2706 irrogatis
282 2624 345 2690 sibi
379 2645 438 2710 per
468 2625 660 2709 Magistrum
692 2624 902 2708 Gregorium,
934 2631 970 2690 nt
1001 2623 1160 2708 dixerunt,
1194 2621 1226 2686 in

96 2729 207 2812 aliquo
234 2732 409 2798 molestare
436 2733 702 2819 presumpserint,
726 2732 883 2818 Magister
906 2733 943 2798 Ο.
970 2739 1098 2799 tenetur
1123 2731 1226 2816 ipsum

96 2837 287 2921 Magistrum
305 2839 497 2924 Gregorium
523 2839 627 2908 modis
654 2839 804 2906 omnibus
826 2839 1007 2906 defensare.
1032 2841 1099 2906 Nos
1117 2847 1225 2904 autem

95 2943 137 3007 ad
155 2943 351 3012 instanciam
377 2955 410 3013 et
427 2947 620 3033 peticionem
647 2947 793 3032 parcium
819 2953 985 3033 presentes
1011 2946 1136 3013 litteras
1152 2964 1225 3010 cou-

95 3051 251 3120 eessimns
267 3053 371 3138 sigilli
398 3053 502 3121 nostri
527 3054 703 3122 munimine
730 3055 906 3121 roboratas.
931 3055 1053 3119 Datum
1079 3073 1137 3138 per
1163 3073 1228 3117 rura-

94 3177 154 3223 nus
183 3161 331 3244 Magistri
348 3161 509 3228 Hermani
526 3161 670 3229 Lectoris
687 3161 836 3229 Ecclesie
861 3167 969 3228 nostre
996 3179 1082 3228 anno
1098 3159 1227 3226 Domini

91 3265 314 3335 ll⁰CC⁰LXX⁰
330 3275 456 3352 quarto.
471 3251 656 3335 Venerabili
675 3269 708 3332 in
722 3255 851 3334 (lbristo
869 3275 958 3354 patre
976 3266 1107 3334 domino
1123 3267 1226 3332 Panlo

94 3369 261 3458 Episcopo
287 3383 416 3459 nostro,
441 3375 598 3460 Magistro
624 3377 726 3443 Paulo
746 3375 925 3460 Proposito,
950 3375 1054 3440 Paulo
1075 3372 1226 3462 (lentore,

93 3478 208 3560 liugas
227 3481 368 3548 Custode
390 3481 613 3549 existentibus.

107 3659 239 3710 lli-edetis
261 3659 423 3728 blirlrrirtya,
443 3679 459 3712 a
472 3657 698 3728 birtyaasiucgsu
713 3665 821 3728 iilggbtt
843 3658 935 3728 poerit
956 3660 1104 3724 elrcsactt3
1118 3677 1134 3712 a
1148 3662 1229 3712 brnlai

466 3755 517 3804 kir.
533 3755 654 3804 kamarai
668 3749 858 3818 lorbltirban.)
