3080 5160
130 393 144 436 ,
625 333 784 448 er..

143 531 371 626 approbamus,
387 545 419 608 et
433 543 624 609 auctoritate
639 545 843 629 presencium
859 545 1142 618 confirmamus.Vt
1157 549 1257 636 igitur

142 643 238 714 huius
252 655 360 716 nostre
375 649 631 719 confirmacionis
647 655 747 720 series
764 656 862 722 robur
881 655 1026 742 optineat
1041 667 1195 747 perpetne
1210 661 1263 728 fir·

142 755 275 842 mitntis,
292 763 459 842 presentes
475 761 692 829 concessimus
707 761 835 830 litteras
850 763 1012 850 dupplicis
1037 767 1142 851 sigilli
1157 771 1262 837 nostri

141 863 317 932 munimine
332 866 508 934 roboratas.
525 867 644 935 Datum
660 890 718 956 per
741 891 856 939 manus
881 870 1013 941 discreti
1036 874 1097 940 viri
1111 875 1262 961 Magistri

140 969 361 1040 Bartholomei
377 973 537 1060 Propositi
554 975 594 1041 dc
610 977 732 1063 Scepus
751 979 827 1046 aule
843 986 952 1047 nostre
967 982 1046 1048 Vice
1063 982 1258 1069 Cancellarij

140 1079 253 1146 dilecti
263 1089 296 1148 et
304 1081 409 1148 tidelis
418 1081 519 1150 nostri
530 1103 615 1150 anno
625 1085 756 1152 Domini
766 1087 1013 1154 M⁰GO⁰LXXX⁰
1022 1091 1132 1176 tercio,
1143 1098 1259 1174 quarto

139 1185 213 1252 idus
230 1187 448 1275 Septembris,
473 1189 655 1258 indiccione
678 1193 869 1279 undecima;
895 1195 1001 1280 Regni
1027 1203 1137 1266 autem
1155 1201 1258 1268 nostri

137 1314 227 1362 anuo
244 1295 443 1363 duodecimo.
1059 1273 1062 1294 ⁸

138 1511 278 1575 (Eredetie
292 1510 465 1580 borhtrcytn,
480 1531 497 1566 n
509 1511 677 1583 sdrga·rbrds
698 1517 923 1584 selyemssindrcn
943 1523 1028 1590 filggd
1047 1523 1140 1590 peccet
1150 1525 1258 1589 elatae

458 1606 540 1656 budai
554 1607 604 1658 kir.
618 1608 740 1660 kcmcrai
753 1609 943 1680 lerdltdrbau.)

592 1855 803 1866 n——n-—-—-.·

657 2351 734 2418 ase.
820 2435 823 2442 Ι

132 2527 196 2596 IV.
222 2533 338 2599 Ldszld
361 2533 536 2617 leirdlyoale
560 2557 582 2596 a
613 2533 711 2598 Bada
728 2533 841 2617 faletti
863 2535 1073 2621 apdlczipetet
1098 2540 1254 2623 tdrpyczd

259 2642 440 2726 adomdopc
455 2663 495 2706 aa
519 2643 624 2706 ottoni
639 2641 862 2726 apdczozdrda
878 2649 1032 2709 azdmdro.
1051 2643 1146 2713 1283.

240 2821 414 2886 Ladizlans
443 2820 504 2886 Dei
536 2819 650 2904 gracia
680 2820 865 2906 Hungarie,
899 2823 1075 2908 Dalmacie,
1108 2824 1251 2910 croaoie,

126 2931 250 3013 Rama,
273 2927 404 3010 Seruio,
427 2926 584 3013 Gallioie,
606 2927 816 3016 Lodomcric,
851 2929 1002 2998 Cumania
1033 2932 1251 3016 Bulgarieque

125 3039 202 3104 Rex
227 3035 373 3104 omnibus
399 3034 519 3102 Christi
544 3021 694 3102 fidelibus
719 3046 901 3122 presentem
917 3041 1072 3124 paginam
1088 3039 1249 3124 inspectu·

124 3146 177 3211 ris
192 3145 330 3212 salutem
344 3145 378 3212 in
394 3145 532 3210 Domino
557 3145 796 3228 sempiternam.
823 3146 935 3213 Diuini
963 3147 1110 3214 Numinis
1127 3147 1246 3213 incom-

123 3253 358 3339 prehensibilis
382 3253 522 3318 altitudo
546 3254 651 3336 Regni
676 3254 896 3338 gubernacula
920 3255 1062 3339 Regibus
1078 3254 1249 3322 Katholice
1298 3309 1300 3312 .

122 3359 208 3426 fidei
223 3377 260 3426 eo
277 3357 447 3426 committit
458 3357 584 3426 felicius
595 3359 815 3445 gubernanda,
828 3381 890 3444 quo
901 3357 1002 3446 ijdem
1019 3363 1123 3445 Reges
1140 3362 1248 3429 Eccle-

121 3470 198 3537 sias
215 3467 333 3536 Ghristi
349 3467 692 3558 sanguinerubicatas,
708 3489 766 3536 suc
782 3469 883 3536 tutele
900 3489 1084 3557 concessas,
1102 3469 1249 3538 nituntur

119 3579 234 3646 ditare
249 3577 283 3643 in
298 3575 528 3663 temporalibus
544 3578 672 3645 vberius
688 3598 745 3644 seu
761 3577 896 3662 dotare;
913 3579 1082 3662 presertim
1098 3597 1166 3664 eas,
1186 3597 1249 3660 que

118 3693 242 3755 sancte
257 3686 424 3771 religionis
439 3685 578 3754 modulis
594 3687 696 3753 cultui
712 3687 832 3754 Diuino
849 3685 1002 3754 denocius
1020 3692 1094 3754 sunt
1110 3707 1246 3755 annexa.

117 3795 267 3862 Proinde
283 3795 326 3861 ad
341 3795 563 3862 uniuersorum
588 3795 742 3862 noticiam
770 3801 835 3860 tam
856 3797 1058 3881 presencium
1085 3817 1182 3880 quam
1198 3797 1246 3864 fn·

118 3912 269 3971 turornm
288 3903 402 3969 harum
423 3903 508 3971 serie
531 3903 679 3971 volnmus
695 3903 881 3990 peruenire,
900 3901 985 3986 quod
1001 3925 1059 3970 nos
1075 3905 1131 3990 pia
1148 3905 1243 3972 deuo·

117 4014 230 4082 cionis
247 4012 518 4101 consideratione,
534 4033 630 4098 quam
646 4013 690 4081 ad
701 4014 878 4098 gloriosam
895 4012 958 4080 Dei
976 4014 1174 4102 genitricem,
1186 4035 1247 4098 que

116 4121 275 4208 cuiquam
303 4121 390 4188 fideli
405 4121 573 4190 nonereari
597 4142 662 4188 non
679 4122 791 4209 nouit,
818 4123 992 4207 babemus,
1017 4123 1263 4207 benignissime¹

113 4229 255 4315 inducti,
272 4230 413 4298 insulam
439 4250 539 4315 supra
554 4231 743 4298 Danubium
767 4231 852 4299 cirea
869 4231 1020 4298 Ueterem
1037 4230 1163 4299 Budam
1181 4231 1247 4296 exi·

114 4345 267 4423 stentem,
286 4359 347 4423 que
364 4338 499 4405 condam
515 4340 628 4406 Insula
643 4339 803 4426 Leporum
819 4339 1018 4425 uulgariter,
1034 4359 1120 4406 nunc
1137 4345 1245 4406 autem

113 4449 236 4518 Insnlu
252 4446 398 4529 Virginis
414 4447 515 4513 Marie
530 4455 744 4534 nuncupatur,
761 4447 907 4532 exceptis
924 4445 1076 4514 claustris
1093 4453 1126 4514 et
1143 4447 1246 4531 septis

110 4557 270 4622 Fratrum
295 4554 462 4643 Minorem,
480 4561 512 4621 ct
535 4555 686 4623 Fratrum
712 4554 844 4622 Ordinis
870 4556 1177 4622 Premonstratensis
1203 4555 1245 4622 de

110 4662 315 4738 Monasterio
342 4663 434 4730 Beati
459 4663 645 4750 Michaelis,
674 4685 713 4731 ac
731 4671 837 4731 castro
863 4663 1099 4729 Crucifcrorum
1121 4667 1243 4730 Donrus

1013 4769 1075 4837 23*
