3124 5158
826 294 985 398 „asa-

340 492 499 558 immerito
529 491 563 558 iu
594 489 773 558 tesaurario
800 491 984 558 memoriali
999 489 1148 576 deposita
1179 509 1334 578 processu
1366 489 1454 576 ipsius

340 598 495 685 temporis
520 599 701 666 elabuntur.
742 597 866 666 Idcirco
891 598 1135 668 racionabiliter
1155 597 1341 666 litterarum
1357 617 1454 684 perpe·

340 706 454 774 tuitate
484 705 762 792 perhempnantnr
788 725 864 790 res,
898 725 961 788 que
992 725 1050 790 per
1075 705 1251 773 humanam
1277 704 1456 772 industriam

339 810 523 880 actitantur.
546 814 650 897 Igitur
666 811 710 878 ad
735 811 955 879 uniuersorum
972 811 1127 880 noticiam
1142 811 1256 878 harum
1277 811 1362 878 serie
1377 812 1454 878 uolu-

339 941 409 986 mus
425 919 617 1005 peruenire:
635 915 721 1002 quod
737 937 810 985 cum
825 919 967 986 lacobus
984 917 1121 986 Villicus
1138 917 1346 986 Posoniensis
1358 938 1454 1002 quam·

339 1025 415 1092 dam
444 1035 561 1092 terram
587 1026 745 1093 Plumnou
771 1031 934 1111 uocatam,
959 1046 1098 1093 uacuam
1115 1033 1147 1093 el
1162 1027 1397 1094 habitatoribus
1412 1024 1455 1092 de-

338 1131 495 1217 stitutam,
518 1133 647 1200 anobis
665 1133 727 1200 sibi
744 1132 815 1200 dari
830 1134 1048 1219 postulasset;
1071 1153 1130 1200 nos
1157 1131 1303 1200 eiusdem
1319 1132 1454 1217 seruicijs

339 1241 512 1324 meritorijs
542 1241 710 1334 recensitis
742 1247 775 1308 et
800 1239 948 1330 cognitis,
973 1260 1036 1323 que
1061 1242 1095 1306 in
1111 1241 1236 1308 cunctis
1252 1241 1394 1328 negoeijs
1409 1238 1454 1306 do·

338 1347 417 1412 mini
434 1348 537 1414 nostri
552 1348 652 1432 Regis
677 1354 709 1416 et
730 1347 850 1414 uostris
860 1397 869 1432 ‚
895 1354 928 1413 et
948 1347 1137 1432 specialiter
1156 1358 1271 1416 contra
1285 1349 1454 1417 Johannem

338 1454 441 1526 lilium
457 1453 544 1520 Petri
560 1454 722 1521 Ourialem
739 1453 896 1520 Comitem
923 1459 1086 1538 nostrum,
1127 1454 1181 1539 qui
1210 1455 1303 1524 titulo
1320 1477 1376 1523 seu
1390 1455 1454 1522 labe

337 1561 541 1628 infidelitatis
567 1568 683 1638 ¹eontra
707 1562 814 1646 ipsum
841 1561 1008 1628 dominnm
1038 1569 1184 1630 nostrum
1210 1565 1453 1630 illustrissimum

338 1669 458 1751 Regem
475 1668 645 1751 Hungarie
661 1673 693 1733 et
710 1687 769 1734 nos
785 1669 984 1754 vehebatur,
1008 1667 1149 1735 fideliter
1174 1677 1206 1736 et
1221 1671 1337 1737 deuote
1353 1672 1452 1756 inpen-

337 1776 395 1862 dit,
420 1774 544 1841 dictam
561 1779 681 1840 terram
697 1774 857 1840 Plumnou
874 1784 1042 1862 vocatam,
1067 1797 1139 1843 cum
1165 1779 1233 1844 suis
1259 1779 1453 1863 utilitatibus,

337 1884 549 1970 pertinencijs
567 1891 599 1949 et
614 1883 802 1967 attinencijs
827 1884 1006 1970 uniuersis,
1049 1885 1108 1951 sub
1134 1886 1227 1951 metis
1258 1893 1292 1952 et
1321 1886 1452 1953 terminis

254 2042 259 2056 ,
337 1990 454 2074 quibus
471 1989 653 2073 antiquitus
670 1988 848 2057 dinoscitur
862 1991 964 2056 luisse
980 1991 1170 2076 gubernata,
1194 2001 1359 2078 exceptam
1375 1991 1452 2078 peni·
1535 2073 1536 2088 χ

338 2107 390 2165 tus
415 2105 447 2164 et
472 2097 639 2166 exclusam
665 2095 942 2180 ajurisdiceione
973 2105 1005 2163 et
1036 2103 1201 2185 potestate
1227 2099 1402 2170 Comitatus
1416 2097 1451 2165 de
1535 2105 1536 2154 l

338 2207 504 2290 Valupan,
538 2203 589 2270 cui
606 2204 697 2289 prius
713 2206 886 2290 attinebat,
911 2202 1058 2273 dedimus
1075 2204 1267 2274 donauimus
1283 2215 1316 2273 et
1331 2206 1452 2275 contuli·

336 2335 406 2380 mus
422 2313 485 2400 ipsi
501 2313 623 2379 Jacobo
641 2312 767 2397 Villico,
800 2311 972 2380 heredibus
989 2315 1056 2380 suis
1066 2363 1075 2396 ,
1102 2313 1321 2398 heredumque
1336 2333 1451 2382 sueces-

335 2423 482 2505 soribus,
517 2425 673 2505 perpetuo
704 2427 736 2487 et
766 2420 1018 2487 irreuocabiliter
1044 2421 1297 2507 possidendam
1332 2421 1451 2507 promit·

336 2529 434 2595 teudo
452 2526 557 2594 eidem
574 2528 782 2594 securitatem
803 2533 835 2594 et
851 2529 1013 2595 munimen
1029 2526 1217 2598 donacionis
1233 2536 1339 2597 nostre
1353 2529 1449 2595 buius·

338 2636 426 2702 modi
443 2657 463 2700 a
479 2634 611 2701 domiuo
635 2641 745 2703 nostro
757 2637 848 2721 Rege
864 2635 1049 2720 diligenter,
1074 2644 1109 2703 ut
1129 2638 1271 2722 expedit,
1288 2638 1449 2722 inpetrare.

335 2744 380 2811 Ut
395 2743 494 2826 igitur
509 2741 647 2809 donacio
662 2751 774 2810 nostra
790 2763 926 2830 presens
951 2743 1048 2812 robur
1063 2750 1217 2830 perpetue
1234 2743 1389 2810 firmitatis
1404 2743 1449 2808 ob·

335 2849 438 2916 tineat
447 2901 457 2936 ,
482 2858 648 2936 presentes
672 2851 738 2936 ipsi
756 2852 879 2920 Jacobo
900 2852 1004 2936 sigilli
1017 2855 1120 2919 nostri
1136 2855 1313 2920 munimine
1327 2851 1448 2919 contuli·

334 2977 405 3024 mus
422 2959 602 3025 roboratas.
626 2958 722 3025 Auno
742 2959 872 3025 Domini
889 2961 934 3024 Μ0
951 2959 1015 3026 00⁰
1031 2961 1136 3026 LXX⁰
1152 2981 1247 3028 nono.

335 3152 370 3222 (A
397 3151 560 3222 bdrhdrtydn
586 3155 671 3223 tuggo
696 3153 787 3223 pecati
808 3156 878 3208 alatt
891 3157 999 3209 kiadott
1024 3159 1125 3210 eredeti
1149 3156 1218 3211 utin
1231 3158 1333 3213 lrdsalllt
1345 3155 1450 3212 micola

580 3245 666 3297 (inach
680 3242 766 3297 danos
779 3241 975 3313 hatrabagyott
989 3247 1122 3300 keairatsi
1134 3249 1220 3314 ludat.)
