3146 5166
298 485 409 547 nostre
423 478 570 546 Lectoris
587 497 674 544 anno
701 477 834 545 Domini
859 477 980 545 Μῦῦῡο
1002 479 1214 561 nonagesimo
1239 478 1344 562 pridie
1365 500 1411 547 no·

298 605 359 652 aas
375 584 466 668 JuliJ'.

297 801 433 867 (Eaedetie
445 795 618 868 bdrhdrtydu,
631 799 745 866 melyrdl
758 813 774 852 a
787 799 878 866 pecsdt
891 800 1043 852 sold-vurta
1056 799 1288 865 selysmasindron
1304 805 1410 868 mgna

613 891 696 941 budai
709 891 761 945 kir.
775 892 894 942 kamarai
917 889 1108 956 levdlttrban.)

756 1173 967 1186 ——-

824 1683 901 1752 386.

298 1883 347 1948 Aa
371 1883 552 1968 scarpam
566 1878 722 1967 captatam
747 1879 815 1946 Ka
829 1888 912 1945 acad
931 1880 1042 1968 folda
1073 1884 1188 1950 macta
1202 1883 1285 1969 adju
1303 1885 1415 1950 Maiori

297 1991 524 2078 Adorjduuuk,
543 1991 639 2056 marck
663 1987 772 2077 Gyaris
794 1999 874 2054 acad
889 1991 971 2076 atqu
1000 1990 1112 2076 eisdapd
1127 1990 1296 2076 fdldjda'rt.
1324 1992 1414 2056 1290.

404 2185 573 2252 Vniuersis
589 2191 756 2271 presentes
782 2185 908 2252 litterae
932 2185 1146 2272 inspecturis,
1165 2185 1350 2273 Capitulum
1364 2187 1415 2252 llo·

297 2295 397 2362 clesie
412 2292 647 2378 Strigoniensis
663 2293 800 2360 salutem
820 2291 854 2358 in
871 2292 1009 2359 Domino
1024 2293 1266 2378 sempiternam.
1283 2292 1334 2358 Ad
1351 2291 1414 2362 uni·

296 2420 461 2469 uersurum
491 2399 643 2467 noticiam
677 2405 788 2466 tenore
812 2398 1016 2485 presencium
1047 2399 1196 2478 volumus
1228 2399 1414 2486 peruenire;

297 2507 384 2593 quod
399 2527 471 2574 oum
495 2507 545 2574 vir
571 2506 654 2574 bono
685 2505 837 2574 memorie
862 2507 1018 2592 Magister
1042 2507 1237 2593 Ladiulaus,
1255 2507 1414 2590 quondam

296 2615 442 2682 Ecclesia
457 2619 564 2681 nostre
581 2613 787 2700 Propositus,
818 2613 859 2680 de
884 2619 970 2680 terra
985 2633 1045 2681 sua
1076 2615 1231 2700 empticia
1247 2614 1290 2684 de
1307 2614 1415 2698 Greky

296 2723 440 2791 Adriano
455 2706 522 2788 filio
537 2719 688 2806 Symunis
705 2720 746 2787 de
762 2720 887 2806 Malos,
903 2739 1023 2804 genero
1039 2741 1107 2807 suo,
1124 2719 1159 2786 in
1175 2721 1292 2789 ultima
1307 2723 1415 2788 volun-

295 2835 365 2897 tate
381 2829 439 2896 et
430 2850 464 2895 rn
475 2827 683 2895 ordinacione
693 2827 745 2894 sui
761 2829 1076 2896 testamentiterram
1087 2837 1225 2913 quatuor
1237 2837 1414 2898 aratrorum

294 2937 449 3022 legasset,
463 2934 628 3002 residuum
645 2934 789 3003 eiusdem
805 2940 897 3021 terre,
916 2937 1066 3022 empticie
1090 2935 1215 3004 scilicet
1231 2943 1266 3004 et
1280 2957 1415 3020 quocun-

297 3063 358 3129 que
374 3042 440 3110 alio
458 3043 548 3110 titulo
563 3041 675 3110 habite
691 3049 723 3110 et
738 3061 897 3128 possesse,
925 3043 1018 3110 nobis
1037 3049 1069 3110 et
1084 3051 1194 3111 nostre
1210 3043 1355 3112 Ecclesia
1372 3064 1413 3110 re-

294 3147 491 3234 linquendo;
509 3154 616 3234 preter
632 3155 736 3216 terras
753 3149 1063 3217 condicionariorum
1086 3157 1279 3238 nostrorum,
1295 3171 1349 3235 qm
1341 3151 1414 3216 da-

294 3267 381 3326 tores
397 3256 591 3324 circulorum
615 3263 708 3324 erant
723 3277 781 3343 pro
812 3258 933 3326 nostris
948 3257 1098 3341 tonellis,
1126 3276 1209 3340 quos
1224 3259 1266 3324 ab
1282 3245 1413 3342 antiquo

295 3373 438 3450 tempore
453 3363 488 3430 in
503 3363 663 3430 territorio
679 3362 719 3432 do
730 3362 842 3448 Grelsy
852 3363 1025 3432 habuimus
1044 3365 1240 3448 supradicto.
1258 3364 1327 3432 Nos
1343 3384 1413 3429 una

296 3471 453 3557 cumipse
469 3469 640 3538 Adriano
631 3493 665 3538 m
681 3470 745 3558 hijs
771 3469 1014 3538 considerantes
1044 3477 1189 3539 nostrum
1216 3471 1449 3538 commodum

297 3586 331 3648 et
346 3579 549 3665 proiectum,
559 3584 591 3645 et
616 3577 846 3646 nichilominus
863 3577 1008 3646 eiusdem
1038 3577 1175 3645 Adriani
1205 3579 1411 3664 respicientes

295 3686 399 3753 eciam
415 3685 561 3770 meliora,
577 3706 635 3771 per
660 3683 790 3753 modum
807 3687 987 3771 concambij
1015 3693 1047 3753 ot
1061 3684 1332 3770 permutacionis‚
1347 3685 1413 3770 ipso

294 3792 439 3859 Adriano
456 3792 607 3859 tradente
624 3801 656 3860 et
671 3791 866 3860 concedente
874 3841 884 3878 ,
916 3791 960 3858 ad
976 3811 1035 3860 nos
1051 3799 1083 3860 et
1097 3792 1141 3858 ad
1156 3791 1338 3859 Ecclesiam
1364 3810 1413 3856 no·

293 3906 394 3967 stram
410 3899 571 3984 prefatam
588 3906 706 3966 terram
733 3905 871 3982 quatuor
887 3905 1066 3966 aratrorum
1091 3896 1272 3982 recepimus
1290 3898 1324 3963 in
1348 3915 1412 3982 per-

292 4011 424 4128 petuum
439 4005 690 4093 possidendam,
715 4008 838 4092 pariter
868 4025 942 4073 cum
970 4003 1167 4072 utilitatibus
1183 4011 1216 4072 et
1230 4003 1299 4070 suis
1316 4002 1411 4088 perti·

293 4133 420 4198 nsnchs
431 4133 609 4199 vnruersrs
621 4132 806 4182 aconuerso
817 4119 934 4178 terram
945 4132 1017 4180 srue
1027 4129 1264 4198 possessionem
1274 4117 1412 4176 nostram

292 4219 379 4287 Keer
394 4221 577 4286 uocatam
568 4241 603 4286 m
618 4220 781 4287 Comitatu
795 4218 957 4286 Huntensi
988 4218 1197 4286 constitutam
1232 4215 1326 4282 iuxta
1342 4235 1410 4301 pos·

292 4325 455 4393 sessiones
470 4325 609 4394 filiorum
625 4328 776 4413 Symonis
791 4327 850 4412 filij
868 4323 1073 4410 Montanus,
1064 4345 1127 4410 rpsr
1118 4321 1288 4390 'Adriano
1302 4329 1335 4388 et
1350 4321 1411 4388 suis

292 4434 433 4517 posteris
449 4454 507 4520 pro
524 4433 638 4503 eadem
663 4441 749 4501 terra
775 4440 914 4520 quatuor
937 4440 1120 4500 aratrorum
1144 4429 1262 4498 dantes
1289 4435 1322 4496 ot
1336 4425 1410 4494 assi-

293 4541 463 4627 gnantes,
454 4549 687 4625 ruroperpotuo
698 4541 880 4608 habendam
896 4539 1029 4627 pacifice
1040 4533 1265 4624 emanandum,
1277 4552 1410 4602 unacum
