3126 5150
315 959 374 1026 IV.
400 959 515 1025 Lanato
530 959 705 1044 kircilynclr
719 959 867 1024 Palicano
885 967 964 1023 necti
973 958 1187 1044 f'o'lddc'rtokot
1203 963 1357 1045 tdrpyczo
1372 959 1440 1022 udo-

348 1068 681 1155 rccicyprdcc'lepiumc
701 1065 805 1132 Ochae
821 1077 928 1131 caster
943 1065 1119 1150 Bozadfic
1133 1071 1290 1132 cannara.
1318 1066 1411 1130 1273.

426 1279 600 1347 Ladizlaus
630 1281 695 1346 Dei
725 1279 837 1364 gracia
868 1279 1055 1366 Hungarie,
1087 1279 1274 1363 Dalmacie,
1304 1277 1440 1359 Croucic,

318 1389 440 1474 Rame,
465 1387 595 1472 Seruie,
623 1385 780 1474 Gallicis,
804 1387 1014 1475 Lodomerie,
1049 1387 1205 1454 Oumauie
1228 1385 1440 1469 Bulgarieque

320 1495 468 1562 omnibus
483 1493 604 1561 Christi
629 1493 779 1563 fidelibus
803 1502 972 1582 presentes
996 1496 1123 1563 litteras
1149 1491 1344 1579 inspecturis
1361 1491 1440 1558 salu·

320 1609 385 1667 tem
408 1603 441 1666 in
468 1601 585 1668 salutis
610 1601 776 1685 largitore.
803 1603 940 1686 Regalis
965 1601 1174 1672 sublimitatis
1200 1595 1440 1684 circumspeccio

321 1707 421 1796 officij
439 1708 491 1774 sui
505 1709 656 1774 meritum
671 1717 748 1777 tunc
764 1710 972 1796 prosequitur
988 1718 1021 1778 et
1035 1711 1187 1796 enylarat
1196 1761 1206 1796 ,
1230 1729 1304 1774 cum
1320 1725 1441 1774 suorum

320 1816 538 1882 subiectorum
555 1815 655 1883 corda
671 1819 823 1901 gratuitis
840 1818 1114 1886 remuneracionis
1128 1815 1283 1900 remedijs
1299 1811 1441 1882 consonet

321 1929 354 1987 et
370 1922 508 1988 extollit.
532 1922 673 1990 Proinde
689 1925 912 1992 uniuersorum
937 1925 1056 1992 noticie
1081 1924 1151 1992 fieri
1172 1925 1322 1990 volumus
1349 1920 1442 1986 mani·

322 2027 453 2112 festum,
478 2027 566 2110 quod
581 2029 735 2112 Magister
751 2031 860 2100 Ochus
879 2031 967 2098 filius
982 2031 1093 2098 Buead
1109 2029 1214 2096 fidelis
1232 2037 1341 2096 noster
1357 2045 1444 2110 expo·

323 2133 389 2198 suit
404 2133 498 2201 nobis
515 2133 681 2201 humiliter
706 2135 934 2224 supplicando,
960 2137 1135 2222 quodcum
1152 2137 1302 2203 dominus
1319 2134 1446 2219 Stepha-

321 2260 383 2307 nus
400 2240 633 2308 Serenissimus
650 2243 878 2327 Hungarorum
899 2247 980 2329 Rex,
1007 2253 1103 2330 pater
1128 2252 1236 2313 noster
1260 2241 1445 2310 karissimus

322 2345 509 2415 felicissime
530 2347 767 2416 recordacionis
792 2350 1086 2437 proiaudabilibus
1113 2349 1256 2417 eiusdem
1273 2347 1444 2432 obsequijs,

323 2476 386 2540 que
410 2452 497 2521 idem
523 2457 557 2521 in
582 2455 785 2524 diuersorum
810 2466 991 2546 temporum
1017 2457 1186 2526 curriculis
1216 2455 1447 2525 feruentissime

322 2561 492 2628 fidelitatis
518 2561 626 2629 studio
652 2563 791 2630 viriliter
814 2564 981 2648 inpendit;
1012 2564 1176 2650 quandam
1202 2571 1320 2632 terram
1345 2561 1448 2629 Casiri

325 2669 529 2737 Zaladiensis
555 2669 707 2740 Pallruna
731 2679 952 2758 nuncupatam
977 2673 1037 2740 snb
1062 2672 1244 2739 testimonio
1266 2671 1447 2738 Conuentus

324 2778 513 2864 Monasterij
532 2779 644 2846 Sancti
659 2779 808 2866 Adryani
834 2781 876 2848 de
891 2781 974 2847 Zala
998 2801 1058 2866 per
1073 2781 1236 2848 hominem
1257 2799 1348 2847 suum
1365 2779 1447 2842 Pors

325 2885 456 2954 nomine
471 2887 558 2954 nullo
584 2889 819 2955 contradictore
844 2897 1021 2975 apparente
1046 2889 1150 2955 eidem
1169 2885 1332 2970 assignari
1355 2885 1447 2952 fecis·

326 3003 395 3079 set,
426 2993 577 3061 donando
602 3001 634 3061 et
658 2996 855 3064 conferendo
882 2997 945 3064 sibi
974 2998 1016 3064 de
1041 2996 1178 3082 speciali
1202 3015 1263 3062 sua
1287 2993 1400 3076 gracia
1415 3010 1450 3056 ac

326 3104 459 3186 fauore;
477 3095 547 3186 ipse
564 3103 721 3187 Magister
730 3103 841 3171 Ochuu
856 3105 1065 3191 priuilegium
1081 3103 1220 3189 predicti
1235 3102 1338 3187 patris
1354 3097 1452 3164 nostri

326 3229 422 3294 super
438 3209 624 3276 huiusmodi
641 3209 820 3278 collacione
845 3231 906 3278 sua
922 3212 1068 3278 obtinere
1084 3210 1294 3292 nequiuisset,
1322 3227 1359 3272 eo
1378 3204 1452 3287 quia
1537 3247 1538 3300 3

328 3317 436 3382 medio
462 3325 606 3401 tempore
631 3317 793 3403 predictus
819 3317 1012 3385 karissimus
1036 3325 1129 3403 pater
1155 3323 1264 3384 noster
1279 3313 1349 3380 Ade
1365 3313 1452 3379 detri-
1537 3309 1538 3356 t

330 3431 408 3506 tum,
436 3423 621 3509 prohdolor,
637 3427 846 3509 persoluens,
883 3425 926 3490 ad
960 3425 1134 3491 Dominum
1167 3421 1452 3506 transmigrassem
1537 3423 1538 3492 l

328 3535 443 3614 petens
470 3550 490 3595 a
517 3529 610 3596 nobis
636 3529 807 3615 diligenter
832 3539 864 3596 et
889 3537 1032 3616 attente,
1058 3530 1144 3615 quod
1169 3549 1228 3596 nos
1246 3528 1454 3595 donacionem

330 3635 499 3702 karissimi
525 3639 627 3721 patris
653 3639 753 3705 nostri
778 3639 1002 3724 prehabitam,
1031 3637 1065 3704 in
1090 3639 1193 3723 ipsius
1213 3657 1387 3724 personam
1411 3634 1455 3698 fa·
1537 3663 1538 3704 r

330 3751 418 3810 ctam
434 3750 539 3810 ratam
561 3746 736 3831 habentes,
762 3746 825 3812 sibi
851 3767 947 3831 super
971 3743 1058 3812 hanc
1084 3745 1228 3812 conferre
1253 3744 1457 3831 priuilegium
1537 3761 1538 3840 3

332 3852 551 3935 dignaremur.
586 3854 654 3921 Nos
670 3854 852 3938 siquidem,
878 3853 933 3937 qni
958 3873 999 3918 ex
1015 3853 1158 3938 suscepti
1174 3855 1276 3918 nostri
1293 3851 1458 3937 regiminis

334 3959 440 4026 officio
466 3961 667 4044 singulorum
692 3961 809 4028 merita
833 3959 926 4028 oculo
952 3960 1085 4045 pietatis
1110 3957 1215 4026 metiri
1236 3979 1299 4026 non
1315 3957 1458 4023 inmerito
1537 3965 1538 4046 3

338 4075 492 4152 tenemur,
516 4064 692 4134 fidelitates
719 4075 751 4134 et
769 4067 911 4136 seruicia
927 4065 1072 4134 eiusdem
1092 4066 1240 4150 Magistri
1257 4064 1377 4152 Ochuz,
1402 4084 1460 4148 que

334 4175 388 4240 uel
405 4193 485 4256 quas
502 4174 620 4243 nostris
639 4181 670 4242 et
685 4175 822 4261 predicti
836 4174 1004 4242 karissimi
1024 4175 1127 4258 patris
1145 4176 1247 4241 nostri
1263 4172 1459 4257 temporibus

334 4280 474 4348 fideliter
490 4282 644 4367 exercuit,
661 4281 867 4368 recensendo,
885 4285 918 4350 in
936 4286 1272 4366 recompensacionem
1289 4278 1461 4346 eorundem
1537 4263 1538 4306 ³

335 4389 565 4473 seruiciorum,
589 4388 666 4458 licet
690 4397 722 4458 et
746 4389 961 4476 peramplius
987 4389 1147 4456 eidemin
1164 4387 1340 4455 maioribus
1357 4384 1462 4472 proui-

335 4497 412 4564 dere
446 4495 669 4581 intendamus,
703 4504 813 4564 tamen
846 4495 889 4562 ad
913 4515 1048 4581 presens
1079 4502 1197 4562 terram
1222 4495 1367 4561 Palcuna
1393 4511 1464 4559 cum
