3138 5164
815 297 964 392 Q..

320 486 466 558 dationis
482 487 608 554 titulum
625 495 797 554 mereatur.
814 489 974 566 Quocirca
989 486 1185 556 fraternitati
1200 497 1254 556 tue
1279 511 1339 576 per
1364 489 1449 576 Apu·-

321 593 436 660 stolica
451 594 572 678 scripta
585 592 787 677 mandamus,
804 599 962 676 quatenus
977 593 1023 661 ad
1039 594 1210 661 Civitatem
1226 597 1403 682 predictam
1413 605 1444 663 te

320 700 533 786 personaliter
558 700 739 787 conferens,
763 701 970 790 Potestatem,
996 701 1165 790 Antianes,
1191 703 1400 770 Consiliarics
1415 713 1444 770 et

321 805 495 872 Commune
511 804 657 893 prelatos
674 827 713 872 ex
741 813 832 892 parte
862 814 973 874 nostra
1003 828 1136 876 moneas
1167 816 1198 876 et
1227 811 1376 896 inducas,
1407 801 1459 877 ut'

322 911 408 978 inira
423 913 604 998 predictum
614 914 783 994 terminum
811 915 991 980 huiusmodi
1001 915 1140 1000 monitis,
1156 917 1320 1003 precibus,
1331 918 1442 984 exhor·

321 1019 498 1086 tationibus
515 1027 548 1086 et
562 1020 728 1089 mandatis
743 1021 863 1088 uostris
877 1021 1039 1087 humiliter
1054 1027 1087 1088 et
1111 1023 1287 1088 efficaciter
1311 1024 1440 1090 obedire

320 1135 500 1210 procurent.
517 1127 670 1210 Alioquin
687 1118 805 1194 extunc
821 1129 854 1192 in
869 1129 1076 1214 Potestatem,
1094 1129 1252 1196 Antianos
1277 1136 1311 1196 et
1338 1131 1444 1198 Consi·

320 1231 435 1299 liarios
450 1232 622 1321 predictos,
639 1241 672 1300 ct
696 1236 852 1302 officiales
877 1255 998 1316 eorum,
1025 1243 1057 1301 et
1081 1237 1163 1303 alios
1190 1237 1362 1323 quoslibet,
1388 1258 1447 1322 per

322 1360 404 1424 quos
429 1339 552 1408 civitas
584 1342 705 1424 regitur
730 1341 927 1430 supradicta,
954 1345 1295 1411 excommunicationis
1321 1353 1445 1411 seuten-

322 1445 399 1514 tiam
415 1449 630 1532 promulgare,
648 1449 833 1532 dictumque
849 1451 1056 1538 Potestatem,
1072 1470 1111 1516 ae
1126 1471 1182 1517 eos
1198 1451 1294 1517 etiam
1313 1471 1441 1536 prorsus

322 1556 484 1624 inhabiles
499 1554 633 1622 reddere
649 1557 692 1622 ad
706 1555 883 1640 dignitates
898 1559 1059 1623 seculares
1076 1564 1113 1622 et·
1122 1557 1231 1622 officia
1255 1559 1400 1642 quelibet
1413 1565 1444 1622 et

322 1663 470 1750 honores,
487 1671 518 1729 et
533 1663 665 1750 insuper
680 1663 889 1751 Potestctem,
904 1663 1074 1751 Antianos,
1085 1664 1296 1731 Conciliarios
1311 1672 1344 1730 et
1353 1665 1443 1730 Gom·

199 1781 202 1788 “
323 1790 418 1838 mune
434 1771 595 1857 predictos
611 1771 805 1854 generaliter
820 1775 852 1837 et
867 1771 1054 1858 specialiter
1068 1771 1176 1838 feudis
1200 1771 1360 1856 omnibus,
1386 1791 1446 1856 que

322 1899 344 1944 a
359 1878 604 1962 quibuscunque
620 1877 776 1945 Ecclesiis
792 1882 825 1943 et
839 1879 1046 1963 Monasterijs
1071 1898 1111 1944 ac
1134 1879 1280 1963 personis
1297 1878 1449 1945 ecclesia-

323 1984 414 2052 sticia
429 1985 627 2053 secularibus
642 1985 696 2054 vel
707 1985 868 2068 religiosis
883 1991 1004 2072 tenent,
1016 1987 1227 2053 cummuniter
1237 1987 1290 2052 rel
1306 1984 1448 2069 divisim,

324 2090 494 2158 Givitatem
529 2111 655 2175 quoque
679 2089 858 2178 predictum
880 2090 985 2158 Studii
1016 2091 1184 2174 dignitate,
1208 2091 1389 2177 privilegiis
1413 2103 1445 2158 et

323 2197 533 2282 indulgentiis
549 2198 708 2286 omuibus,
723 2198 804 2284 ipsis
820 2203 852 2263 et
867 2199 971 2264 eidem
988 2197 1119 2264 Civitati
1133 2218 1230 2284 super
1245 2199 1361 2266 Studio
1376 2201 1448 2284 ipso

323 2304 365 2372 ab
374 2303 562 2391 Apostolica
571 2302 656 2372 Sede
673 2305 845 2391 concessis,
856 2323 980 2371 necnon
990 2311 1023 2370 et
1042 2305 1231 2388 Potesturia,
1250 2303 1443 2387 (lapitanea-

324 2419 370 2500 tu,
395 2412 571 2478 honoreac
585 2410 745 2494 dignitate
761 2411 907 2495 qualibet
921 2413 1070 2497 seculari,
1095 2413 1143 2478 ita
1167 2410 1255 2494 quod
1278 2412 1389 2478 nullus
1412 2411 1445 2476 iu

205 2535 208 2542 ’
323 2520 426 2607 ipsius
451 2518 601 2585 Civitatis
626 2518 834 2600 Potestatem,
863 2518 1073 2604 capitaneum
1099 2539 1158 2587 seu
1181 2519 1363 2606 Rectorem,
1388 2525 1443 2584 aut

324 2623 496 2692 Consulem
512 2628 562 2692 vel
578 2625 749 2692 officialem
759 2627 864 2712 possit
871 2626 949 2710 eligi
964 2629 1014 2693 vel
1025 2625 1155 2708 assumi,
1172 2623 1241 2692 sive
1256 2621 1441 2708 adaliqucd

323 2733 357 2800 in
373 2752 413 2800 ea
428 2731 571 2798 odicium
588 2733 820 2816 exercendum,
837 2740 869 2799 et
883 2733 913 2800 si
928 2732 1002 2816 quis
1018 2731 1154 2817 aliquod
1169 2751 1210 2798 er
1219 2729 1286 2798 illis
1301 2732 1443 2818 recipere

323 2838 461 2906 tortasse
485 2825 776 2927 presumpserit,eo
800 2839 1075 2927 ipsosententiam
1099 2835 1440 2905 excommnuicationis

322 2946 476 3030 incurrat,
491 2967 552 3013 uec
566 2947 670 3031 possit
684 2947 820 3015 ulterius
836 2946 879 3014 ad
894 2949 1027 3015 alterius
1043 2945 1192 3030 Civitatis
1206 2945 1260 3012 vel
1275 2944 1341 3012 loci
1366 2944 1445 3026 regi-

323 3071 397 3119 men
413 3053 637 3136 exequendum
653 3054 785 3140 assumi,
810 3055 942 3140 privare
965 3054 1096 3121 omnino
1122 3051 1311 3118 auctoritate
1335 3057 1444 3138 nostra

322 3179 486 3248 procures.
503 3161 679 3228 Universos
693 3179 821 3244 quoque
835 3148 1008 3245 Magistros
1024 3167 1056 3226 et
1070 3161 1212 3228 scolares
1237 3158 1448 3242 alienigenas-

324 3261 520 3334 decivitate
535 3267 681 3353 predicta
697 3288 828 3354 prorsus
844 3269 1003 3353 expellere
1018 3288 1082 3334 non
1098 3271 1284 3353 postponas,
1294 3265 1342 3331 ita
1357 3265 1441 3349 quod

323 3372 368 3438 ad
384 3391 454 3438 eam
470 3375 593 3458 absque
608 3373 743 3460 speciail
760 3373 854 3441 Sedis
870 3373 1016 3461 predicte
1031 3373 1164 3441 licentia
1179 3371 1371 3454 nullatenus
1394 3392 1440 3438 re

324 3486 501 3565 vertantur,
516 3487 550 3546 et
565 3480 593 3545 si
619 3499 714 3548 secus
739 3487 933 3568 attemptare
958 3479 1223 3566 presumpserint,
1247 3483 1281 3544 et
1304 3477 1448 3544 obtentis-

321 3585 488 3653 ueneficiis
504 3587 634 3653 omuino
649 3587 827 3674 priventur,
845 3592 877 3653 et
906 3585 1083 3653 redduntur
1113 3585 1273 3653 inhabiles
1304 3583 1348 3651 ad
1379 3585 1445 3650 alia

323 3691 509 3780 obtinenda,
527 3699 559 3759 et
574 3695 657 3761 alias
672 3695 770 3762 etiam
784 3703 820 3761 tu
835 3701 947 3761 contra
971 3693 1134 3781 predictos
1159 3691 1367 3777 Potestatem,
1385 3693 1447 3756 An·

323 3798 440 3887 tianos,
457 3797 668 3868 consiliarios
685 3809 717 3867 ct
732 3801 906 3868 Commune
920 3799 1112 3866 Paduanum
1128 3807 1161 3866 et
1179 3797 1352 3865 Civitatem
1377 3819 1446 3865 cau·

324 3905 399 3973 dam
414 3905 625 3992 spiritualiter
641 3913 673 3974 et
688 3907 917 3993 temporaliter,
933 3913 1028 3991 prout
1043 3905 1120 3972 facti
1135 3905 1278 3990 qualitas
1293 3909 1449 3987 suggeret

324 4019 357 4079 et
370 4011 491 4092 videris
507 4011 668 4100 expedire,
686 4013 862 4100 procedas,
882 4013 1140 4081 ¹contradictores
1155 4031 1213 4097 per
1229 4029 1384 4078 censuras
1400 4030 1447 4076 ec·

324 4117 537 4202 elesiaaticas,
562 4117 783 4206 appellatione
816 4119 1033 4206 postposuitas
1059 4115 1303 4203 compescendo.
1328 4117 1449 4183 Datum

322 4229 425 4294 Reate
440 4223 593 4292 kalendis
602 4223 758 4314 Octobris,
774 4227 985 4294 Pontificatus
1000 4225 1098 4292 nostri
1115 4225 1209 4288 Anno
1224 4222 1341 4306 primo.

324 4422 460 4486 (Theiuer,
478 4423 577 4474 Vetera
597 4423 772 4474 Monumeuta
782 4421 923 4476 slavorum
933 4421 1150 4476 Meridioualium
1162 4421 1300 4472 historiam
1311 4417 1452 4471 illustrau-

405 4508 411 4522 “
755 4516 793 4562 tia
802 4513 823 4562 1.
838 4513 892 4564 roe.
914 4515 974 4562 106.
989 4513 1018 4576 l.)

776 4637 988 4644 m*-
