3118 5158
113 1007 162 1072 Aa
178 1011 364 1094 eaeteryume'
380 1011 541 1096 kdptolan
565 1011 665 1096 citiljo
691 1010 826 1076 1266-ki
839 1011 1139 1096 ,bizooyedqleoeitt
1162 1013 1246 1096 hoyy
1334 1069 1349 1090 ,

114 1117 356 1182 Horat-Puaooa
381 1117 607 1203 aemzetotybeli
631 1118 723 1182 Peter
737 1123 768 1184 e'e
784 1119 889 1183 Dezeo
907 1119 1042 1186 commea
1056 1122 1087 1182 o'e
1101 1120 1246 1183 ezooreze'·

214 1225 294 1290 doit
310 1226 381 1291 louet
396 1225 465 1292 toto
471 1227 591 1312 joeadq
609 1226 741 1292 maarai
754 1223 1036 1311 embolyoztattak.
1054 1227 1151 1291 1274.
1297 1231 1299 1234 ’

385 1399 415 1466 Α
578 1402 605 1468 Β
768 1401 793 1468 G
954 1401 984 1468 D

226 1577 405 1662 Gregorius
421 1580 609 1666 Prepoeituo
633 1585 666 1646 et
681 1577 868 1664 Capitulum
884 1579 1032 1648 Eooleeie
1048 1579 1245 1664 strigonien·

119 1688 167 1754 eie
192 1688 343 1756 omnibus
369 1686 488 1755 Christi
514 1687 665 1755 fidelibus
695 1693 865 1774 presentes
891 1687 1018 1754 litterae
1047 1688 1245 1774 inspecturis

117 1795 311 1863 salutemiu
325 1795 476 1863 Domino.
499 1794 551 1861 Ad
569 1794 790 1862 uniuersorum
815 1793 971 1861 notioiam
987 1801 1101 1862 tenore
1115 1815 1245 1880 presen-

117 1905 202 1970 eium
229 1905 378 1970 nolumus
403 1903 593 1989 peruenire,
620 1903 705 1986 quod
731 1901 940 1988 priuilegium
964 1902 1085 1970 nobilio
1111 1901 1173 1968 viri
1189 1899 1246 1969 (io

116 2009 207 2078 mitis
222 2009 387 2095 Desiderij
413 2010 474 2094 filij
501 2011 667 2093 quondam
683 2013 773 2078 Hunt
789 2009 933 2098 Comitia
958 2010 1048 2078 ouius
1068 2008 1159 2076 aliud
1175 2031 1246 2096 par,

116 2115 204 2200 quod
229 2135 331 2202 pones
356 2136 392 2184 ee
416 2116 586 2202 habuerat,
611 2117 765 2184 amissum
792 2137 863 2185 ease
888 2119 981 2203 dixit,
1005 2116 1188 2184 inuenimuu
1212 2117 1246 2183 in

116 2230 234 2292 nostre
264 2243 394 2291 camera
418 2227 479 2292 nub
504 2225 691 2293 authentico
725 2233 758 2292 et
784 2246 860 2294 uero
886 2225 1147 2310 sigillonem,
1183 2245 1246 2290 non

116 2351 239 2418 rasum,
264 2353 330 2398 non
356 2321 585 2420 cancellatum,
608 2354 668 2400 neo
693 2332 726 2399 in
753 2332 866 2417 alique
890 2334 940 2402 eui
966 2341 1060 2419 parte
1080 2332 1245 2416 nioiatum,

116 2438 288 2505 eontineno
307 2439 392 2507 hune
406 2447 548 2506 tenorem
566 2463 573 2505 :

229 2546 405 2630 Gregorius
422 2547 593 2632 Prepoitus
610 2555 642 2614 et
652 2548 837 2633 Capitulum
852 2545 999 2615 Eooleoie
1015 2545 1247 2630 Strigonieneie

117 2657 181 2722 etb.
200 2652 412 2740 (kivetkenik
438 2677 476 2722 az
501 2656 693 2738 eentergami
719 2655 947 2742 ktptalannak
974 2655 1110 2724 meo-ki
1136 2655 1247 2721 okmt-

116 2783 197 2848 nya,
225 2761 308 2827 mint
334 2761 617 2849 gyfljtemonytink
644 2763 732 2828 VIII.
758 2763 875 2847 vagyie
903 2763 1097 2832 amteodik
1124 2761 1247 2850 fonaru

116 2869 178 2938 III.
197 2869 374 2935 koteteben
395 2865 534 2956 151.1.).

228 2975 315 3054 Quia
331 2997 408 3043 uero
425 2975 541 3045 Gomon
566 2978 760 3071 Desideriuo
787 2977 877 3044 aliud
903 2997 962 3064 pur
985 2976 1165 3044 huiusmodi
1184 2977 1248 3062 pri-

114 3084 234 3170 uilegij
251 3083 322 3165 eui,
348 3084 434 3168 quod
451 3103 548 3169 penae
575 3085 803 3169 rehabuerit,
826 3085 981 3151 amissum
998 3105 1072 3152 enee
1088 3084 1170 3150 dixit
1180 3135 1189 3169 ,
1213 3091 1248 3148 ut

115 3191 345 3279 premisimue;
370 3211 429 3258 nos
455 3192 498 3258 ad
522 3193 715 3279 petieIonem
741 3193 829 3279 eiua,
853 3214 925 3260 oum
951 3193 1064 3260 eadem
1090 3191 1176 3259 iusta
1191 3193 1243 3276 eit,

114 3299 180 3364 hoo
195 3297 404 3383 priuilegium
430 3299 605 3366 seeundum
621 3301 671 3366 eui
690 3299 860 3384 originalis
876 3306 1019 3366 tenorem
1042 3306 1247 3383 prenotatum

116 3388 274 3454 duximus
291 3387 523 3474 innouandum,
542 3387 694 3455 saoiendo
710 3391 815 3476 ipsum
832 3389 935 3474 sigilli
952 3389 1054 3456 nostri
1071 3389 1248 3456 munimine

114 3495 274 3563 roborari.
306 3495 426 3561 Datum
451 3514 538 3561 anno
564 3495 693 3562 Domini
718 3495 893 3564 millesimo
921 3493 1096 3562 OC⁰LXX⁰
1116 3503 1247 3582 ¹quarto,

115 3603 221 3670 ternio
237 3603 401 3670 kalendae
420 3601 629 3687 Septembris.

116 3783 256 3847 (Eredetie
273 3780 452 3848 biirhlrtytm
472 3798 489 3834 a
511 3799 545 3836 m.
568 3783 594 3833 b·
616 3779 710 3848 Nytry
724 3780 817 3834 euaiffl
837 3785 975 3850 bagonyai
988 3779 1181 3842 levtliiurtben,
1202 3781 1249 3832 ko-

439 3872 511 3923 ztlte
523 3871 610 3923 velem
624 3889 658 3922 m.
672 3873 698 3923 b.
711 3868 805 3938 Nyiry
818 3871 934 3940 Albert.)
