3146 5166
665 295 819 403 „Ei-l.-

175 492 228 555 eet
239 486 282 554 de
297 487 409 556 Insula
426 485 570 554 Budsnsi
595 487 629 554 in
645 487 761 556 eadem
777 487 918 560 Domino
934 489 1053 576 iugiter
1070 489 1304 560 famulantibus

172 595 323 681 collatas,
340 617 443 682 nuper
458 617 531 664 oum
547 597 582 662 in
598 596 745 681 Symigio
762 597 938 665 fuissemus
971 601 1157 685 constitute,
1190 601 1299 666 abstu-

173 701 326 770 lissemus
357 705 400 772 ab
418 702 559 788 eisdem,
587 710 697 768 tamen
730 703 807 786 quia
831 702 893 773 hoo
910 705 944 770 in
970 702 1176 790 dispendium
1197 706 1305 772 anime

176 815 287 880 nostre
304 810 421 878 senisse
449 809 651 896 uidebamur,
666 811 780 877 habita
798 812 896 896 plena
924 819 956 879 et
986 813 1114 880 meliori
1146 812 1304 880 delibera·

174 917 268 985 cione
285 919 391 986 cordis
406 918 517 1004 nostri,
536 919 636 986 uillas
661 919 903 1002 prenominatus
935 921 976 986 ob
991 918 1168 986 remedium
1199 921 1306 987 anime

173 1031 285 1091 nostre
300 1045 341 1092 ex
357 1025 582 1095 munitioenoia
607 1025 766 1112 Reginali,
792 1047 863 1092 eum
879 1028 1029 1093 omnibus
1060 1026 1256 1094 utilitatibus
1273 1035 1306 1094 et

174 1133 385 1218 pertinenoijs
413 1134 591 1202 earundem
616 1133 786 1217 uniuersis,
806 1135 1000 1200 austeritate
1016 1134 1218 1219 presencium
1235 1155 1305 1218 pre-

174 1239 244 1306 fate
274 1240 431 1327 Eoelesie,
463 1248 495 1307 et
525 1241 720 1308 dominabus
752 1259 792 1307 aa
817 1242 982 1308 sororibus
998 1241 1120 1308 eisdem
1136 1243 1304 1308 restituen-

175 1346 238 1414 das
253 1355 286 1414 et
302 1347 486 1416 reddendas
517 1349 677 1434 duximus,
689 1367 753 1428 ,neo
778 1369 841 1416 non
858 1349 1065 1432 restituimus,
1098 1346 1305 1438 reddidimus,

177 1461 209 1520 et
224 1455 389 1524 reddimus
405 1463 559 1541 perpetuo
583 1457 652 1522 iure
667 1456 891 1543 possidendas,
908 1462 1003 1540 prout
1020 1455 1140 1522 eisdem
1156 1455 1305 1541 primitus

175 1561 373 1629 dinoscimur
388 1565 571 1630 contulisse.
588 1565 709 1630 Datum
725 1563 879 1648 Strigonij
909 1569 1024 1647 quarto
1042 1562 1096 1628 die
1113 1561 1304 1630 Conuersio-

175 1671 228 1736 nis
244 1668 357 1737 Sancti
373 1670 468 1738 Pauli
483 1671 638 1756 Apostoli,
654 1691 739 1738 anno
755 1671 884 1738 Domini
901 1667 1020 1737 ΜῦΟΟ0
1036 1671 1258 1754 nonagesimo.

174 1883 319 1950 (Eredetie
333 1884 504 1952 bdrbdrtyln,
518 1901 535 1937 a
547 1884 624 1938 brltdl
639 1884 693 1938 oda
705 1893 828 1952 nyomott
840 1885 934 1953 peeadt
955 1887 1095 1944 elresaett,
1110 1901 1133 1968 a¹
1150 1885 1234 1936 budai
1259 1885 1303 1934 kir

599 1977 721 2028 kamarai
744 1973 935 2042 levdltdrban.)

661 2279 845 2288 ...m-...-

174 3066 323 3132 mooe
337 3067 441 3153 iffiubb
456 3066 667 3152 kirdlpodnak
682 3091 753 3132 ezerr
768 3068 969 3132 vbozoadctrr
984 3069 1142 3152 tdrpyazd
1165 3067 1301 3150 dnnepd

547 3175 613 3259 lpse
627 3174 827 3260 kiadedorya.
845 3173 945 3254 1290,

291 3385 459 3454 Elisabeth
474 3387 536 3453 Dei
551 3387 665 3470 greoia
680 3389 809 3470 Regina
824 3385 992 3470 Hungarie
1009 3383 1171 3450 uniuersis
1181 3379 1302 3447 Christi

177 3492 333 3560 fidelibus
349 3501 533 3578 presentem
549 3495 705 3579 paginam
721 3494 921 3562 intuentibus
938 3493 1076 3572 salutern
1103 3491 1138 3555 in
1164 3491 1306 3556 omnium

175 3601 354 3668 saluatore.
370 3601 432 3666 Pia
447 3607 593 3668 uotorum
609 3600 754 3668 subsidia
771 3601 923 3682 gratuitis
943 3598 1095 3665 desorata
1112 3596 1300 3664 muneribus

176 3708 290 3776 stabili
305 3707 457 3774 firmitate
474 3708 593 3776 debent
602 3727 673 3774 esse
684 3707 834 3792 subnixa,
851 3711 886 3773 ut
901 3704 1046 3771 militans
1062 3703 1123 3769 Dei
1139 3702 1303 3786 Eooiesia,

177 3833 237 3900 per
248 3833 344 3896 quam
356 3815 459 3897 Reges
469 3822 617 3900 regnant,
628 3835 686 3900 per
695 3814 884 3899 Prinoipum
904 3831 1018 3879 manus
1043 3810 1211 3894 largifluas
1229 3829 1306 3892 aug-

177 3920 317 3988 mentari
327 3921 449 4004 ualeat,
459 3927 490 3990 et
501 3921 783 4003 munificenoijsex
793 3926 887 4004 parte
898 3917 1071 3986 eorundem
1082 3917 1223 4002 optentis
1234 3935 1307 4000 pos·

178 4027 349 4114 sitpmerito
358 4026 662 4096 deeorari.Proinde
671 4028 892 4095 vniuersorum
902 4024 1105 4110 presencium
1114 4025 1307 4089 futurorum-

177 4154 243 4219 que
253 4133 374 4200 notioie
384 4134 498 4201 harum
508 4135 592 4202 serie
602 4135 751 4201 uolumus
760 4133 830 4200 fieri
839 4129 1145 4218 manifestum,quod
1155 4150 1226 4195 oum
1234 4133 1308 4213 post

179 4243 374 4311 Generalem
400 4241 699 4326 congregacionem
719 4241 823 4308 tooius
833 4241 936 4326 Regni
946 4238 1050 4307 nostri
1066 4238 1098 4304 in
1115 4238 1206 4302 Fuen
1222 4253 1307 4300 anno

179 4349 312 4416 Domini
328 4347 504 4415 millesimo
521 4347 742 4416 dueentesimo
768 4348 968 4432 oetogesimo
985 4365 1070 4412 nono
1090 4343 1174 4408 eirea
1190 4341 1306 4407 festum

175 4449 273 4522 Beati
289 4454 453 4524 lobannis
469 4455 614 4541 Baptista
631 4455 838 4540 celebratam,
856 4453 897 4520 de
913 4452 1049 4519 oonsilio
1063 4449 1184 4517 domini
1194 4445 1307 4513 Ladiz·

179 4563 226 4630 lai
243 4562 380 4632 illustris
395 4563 494 4647 Regis
513 4561 677 4644 Huugarie
694 4561 856 4630 oonsortis
882 4559 984 4628 nostri
1000 4557 1179 4646 karissimi,
1197 4555 1305 4624 Preie-
