3126 5150
510 325 670 434 *pa-

49 549 155 600 uessore
178 537 290 599 nostro
299 580 309 616 ,
337 527 424 596 idem
440 529 532 597 Elias
556 549 655 615 super
670 529 744 614 ipsa
769 546 869 596 eausa
887 527 1046 596 satisfecit
1061 529 1156 598 nobis

50 649 75 706 et
87 639 196 723 ioseph
221 635 422 723 sopradioto.
444 635 614 721 obligauit
630 637 733 703 eeiam
754 655 789 705 se
804 636 890 704 idem
906 636 1039 724 Joseph,
1065 635 1154 721 quod

49 751 71 816 si
84 767 225 835 processu
253 747 408 830 temporis
434 746 541 832 ipsum
559 745 667 812 Etiam
684 747 825 815 traheret
848 747 882 812 in
898 765 1048 829 oausam3
1072 743 1156 811 iudi·

49 858 118 922 oium
133 857 224 922 unius
241 873 351 922 maroe
377 855 503 922 soluere
528 860 691 923 teneretur
707 875 805 940 super
821 854 908 921 iaoto
924 853 1156 939 prenominato.

48 964 149 1030 Datum
172 963 204 1028 in
229 962 406 1029 Dominioa
430 963 649 1031 Reminisoere
674 984 760 1030 auno
783 962 915 1029 Domini
938 958 1157 1028 ΜὋΟοΙιΧΧο
1270 977 1283 1004 s

49 1071 144 1136 teroio.

132 1225 179 1298 (m
191 1195 292 1283 enodati
305 1227 374 1282 utin
386 1231 483 1282 hana
496 1227 613 1298 Ninum,
631 1231 748 1297 Magyar
768 1229 832 1282 Sion
845 1230 896 1280 111.
910 1230 968 1280 nor.
981 1230 1044 1282 222.
1056 1227 1086 1294 l.)

489 1507 704 1520 *—

569 1854 625 1921 27.

51 2049 98 2116 IV.
113 2052 224 2118 [α’-θεῖά
237 2051 414 2137 utretynat
423 2072 587 2136 paronam
612 2073 650 2114 az
665 2053 732 2135 apri
749 2050 971 2137 kdptoionhoz,
985 2050 1068 2134 troqy
1083 2069 1163 2113 azou

51 2160 164 2243 szolpcik
188 2161 219 2225 ta
243 2159 406 2245 ezolqdloir
420 2161 508 2223 neoei
531 2160 621 2222 iaciat
637 2158 779 2243 jeleuteot
804 2169 923 2243 tepyeu,
948 2156 1028 2221 leikai
1045 2154 1162 2219 Midou

144 2267 336 2332 Amoldnak
343 2267 396 2348 fla
411 2266 533 2333 Pontou
548 2265 674 2330 bdrruuk
689 2265 813 2329 eludott.
840 2266 937 2330 1273.
953 2264 1055 2328 knut.

144 2477 319 2546 Ladizians
335 2479 397 2544 Dei
413 2478 527 2562 grauia
542 2479 612 2544 Rex
628 2475 796 2559 Hungarie
813 2475 965 2567 fidelibus
985 2474 1051 2542 suis
1068 2472 1162 2557 Capi·

51 2584 108 2648 tulo
130 2585 269 2652 Albensi
300 2585 438 2653 salutem
473 2591 506 2650 et
538 2583 695 2668 graciam.
738 2583 980 2666 Scripseramus
1011 2579 1162 2664 Capituio

52 2689 199 2777 igrieusi,
223 2699 260 2757 ut
276 2711 375 2756 unum
401 2712 442 2757 ex
457 2690 504 2758 eis
520 2690 685 2756 mitterent
711 2689 923 2776 fidedignum,·
950 2688 1004 2773 qui
1019 2687 1115 2754 soiret
1131 2690 1164 2750 ot

52 2798 216 2879 requireret
230 2799 365 2866 nomina
390 2817 558 2864 seruorum
575 2803 608 2862 et
622 2795 827 2882 ancillarum,
845 2813 926 2877 quos
952 2801 983 2860 et
999 2812 1080 2876 quas
1095 2791 1163 2876 Ny-

52 2902 148 2970 oolaus
164 2903 253 2970 tilius
269 2902 404 2970 Arnoidi
427 2905 520 2970 iuxta
535 2902 769 2970 continenciam
790 2901 970 2966 litterarum
986 2907 1164 2966 uestrarum

52 3007 159 3076 Ponioh
175 3011 269 3076 Bano
286 3011 373 3077 fideli
389 3015 498 3078 nostro
517 3011 550 3076 iu
566 3027 649 3094 paee
664 3006 858 3090 reliquisset.
881 3004 944 3083 Qui
961 3001 1164 3089 postmodum

51 3116 129 3182 nobis
145 3117 392 3203 resoripseruut,
419 3115 506 3198 quod
531 3121 662 3200 recepto
679 3113 863 3180 huiusmodi
881 3121 989 3178 nostro
1011 3108 1163 3176 mundato

52 3241 129 3286 suum
142 3223 309 3290 misissent
325 3221 486 3290 hominem
503 3221 714 3304 iidodignum,
735 3240 842 3286 coram
859 3239 922 3302 quo
939 3218 1025 3284 idem
1042 3216 1162 3282 Ponioh
1261 3243 1264 3249 ·

52 3325 146 3395 Banns
171 3329 344 3396 statuisset
368 3329 535 3410 octoginta
556 3334 589 3394 et
604 3329 668 3394 duo
695 3328 805 3412 sepita
830 3344 994 3392 seruorum
1019 3329 1051 3389 et
1066 3323 1166 3390 aneil-

52 3429 160 3519 larum,
196 3435 255 3518 qui
280 3435 432 3502 dixerunt
456 3455 492 3502 se
518 3435 619 3502 fuisse
645 3432 815 3500 deuolutos
846 3431 1019 3515 adipsum
1044 3429 1167 3498 Ponioh

52 3539 165 3606 Beuum
193 3545 237 3608 ab
254 3543 327 3627 ipso
343 3543 489 3626 Nyooiao
513 3541 581 3608 filio
597 3539 744 3623 Arnoldi,
769 3557 903 3622 quorum
920 3536 1053 3604 nomina
1068 3538 1102 3604 in
1118 3539 1170 3602 lit·

53 3645 119 3713 teris
138 3648 288 3716 eiusdem
306 3647 449 3733 Capituli
475 3646 582 3732 eapite
607 3645 709 3729 sigilli
734 3645 836 3712 nostri
861 3644 1059 3726 consignatis
1078 3644 1168 3711 uide-

54 3754 119 3820 bitis
136 3756 307 3822 contineri.
333 3753 441 3836 Quare
457 3753 609 3821 fidelitati
626 3759 735 3820 vestre
754 3752 948 3816 mandantes
964 3749 1168 3836 precipimus,

53 3869 201 3941 quatenus
227 3861 361 3928 nomina
392 3859 567 3928 eorundem
593 3879 759 3926 seruorum
787 3863 819 3924 ei
842 3857 1037 3924 ancillarum
1063 3861 1170 3922 uestro

52 3968 215 4053 priuilegio
234 3967 345 4034 uelitis
361 3967 514 4050 inserere,
540 3987 612 4034 eum
638 3986 659 4032 a
676 3965 769 4032 nobis
786 3963 820 4029 id
836 3963 934 4031 fuerit
950 3963 1166 4047 impetratum.

52 4074 160 4144 Datum
177 4077 212 4142 in
230 4075 308 4141 Pest
322 4073 404 4142 feria
419 4081 512 4141 sexta
528 4065 602 4160 post
615 4079 749 4141 ootauas
765 4074 880 4139 Pasoe.

52 4237 78 4294 {A
91 4232 327 4289 monumnenta
350 4211 539 4302 kiptaiunnak
565 4236 675 4288 latt-ki
688 4231 833 4287 turatino}
854 4235 922 4284 mint
935 4229 1016 4282 altob
1030 4232 1063 4282 ot
1087 4247 1121 4280 sn.
1137 4243 1171 4292 aa

233 4341 250 4376 a
270 4322 371 4376 io'melt.
385 4324 499 4390 horcneg
512 4321 660 4391 Batthyaini
675 4321 765 4374 aeairtd
779 4317 987 4387 levtlririoan.)

505 4523 717 4541 m
