3080 5160
556 298 712 423 aa„

79 509 148 584 tare.
163 497 284 586 Datum
300 516 388 604 apud
403 517 522 586 Urbem
539 519 686 588 Veterem
704 513 746 586 ΙΙ.
763 505 839 586 idus
854 499 962 586 Martii
978 501 1192 586 Pontificatus

78 627 174 694 nostri
191 648 275 696 anno
292 629 404 712 primo.

78 841 205 908 (Theiner
216 821 349 910 rigostou,
364 844 464 896 Vetera
473 845 650 896 Monumenta
658 844 800 896 slavorum
812 845 1033 898 llsridicnalium
1047 847 1195 898 Historiam

499 935 669 988 illustrantia
682 938 724 992 98,
738 935 768 1002 l.)

528 1260 738 1271 ..ι-...ἠύ

600 1803 678 1872 239.

73 2011 132 2088 IV.
168 2021 302 2088 Mcirtua
320 2024 415 2108 pcipe
441 2021 581 2108 Mbatyr
606 2020 746 2088 eottcrcc'
768 2019 962 2102 taccaotor,
982 2021 1017 2086 ki
1032 2020 1204 2086 actitari-i

270 2130 415 2196 trsekaelt
424 2132 675 2218 postcldltatott,
693 2134 884 2217 maperdetti.
912 2133 1009 2198 1282.

188 2363 345 2431 Martinus
360 2363 538 2453 Episcopus
554 2385 667 2433 servus
684 2385 850 2434 servorum
867 2364 931 2432 Dei
946 2359 1126 2432 venerabili
1136 2359 1200 2425 lra-

73 2471 115 2537 tri
141 2470 299 2538 Michaeli
321 2472 573 2558 Arcbiepisccpc
597 2472 819 2558 Antibarecsi‚
836 2472 976 2540 salutem
993 2478 1024 2536 et
1039 2467 1199 2554 Apostoli-

72 2601 149 2646 cam
165 2579 436 2648 benedictionem.
453 2583 504 2648 Ex
520 2589 668 2666 suscepte
684 2583 851 2648 servitutis
867 2580 978 2648 officio
988 2576 1206 2648 sollicitudine

71 2689 251 2776 pulsamur
266 2687 422 2777 assidiua,
448 2696 484 2755 ut
499 2689 666 2758 Ecclesiae
683 2689 912 2774 spiritualibus
928 2696 959 2756 et
975 2687 1206 2774 temporalibus

71 2795 258 2864 commodis
277 2817 463 2883 augeamus,
481 2805 513 2864 et
529 2819 640 2864 aarum
655 2787 795 2866 maxime
811 2819 871 2886 per
891 2799 999 2866 debite
1015 2797 1209 2882 provisionis

69 2905 294 2973 ministerium
319 2905 569 2973 necessitatibus
594 2905 801 2974 consulamus
824 2907 1009 2994 salubriter,
1026 2926 1087 2991 que
1104 2905 1209 2972 dinos-

70 3021 200 3082 cuntur
217 3017 356 3102 pastoris
368 3017 485 3082 solatio
502 3015 661 3082 destitute.
678 3016 810 3083 Dudum
827 3013 996 3103 siquidem,
1013 3035 1083 3080 cum
1095 3015 1129 3081 in
1144 3015 1209 3080 Ac·

68 3125 239 3191 tibarensi
268 3125 417 3194 Ecclesia
433 3145 490 3213 per
515 3125 633 3194 obitum
659 3127 743 3193 bone
763 3127 918 3195 memorie
933 3127 971 3194 Τ.
986 3125 1210 3192 Antibarensis

68 3233 327 3319 Archiepiscopi
344 3241 480 3300 vacante
495 3236 638 3318 pastoris
654 3233 793 3302 diversis
810 3236 1009 3320 temporibus
1035 3232 1209 3298 electiones

68 3343 219 3410 inissent
235 3343 414 3411 successive
424 3342 464 3409 de
475 3345 554 3428 ipsis
571 3345 671 3412 variis
687 3343 883 3428 multiplices
901 3341 1072 3427 celebrate,
1082 3341 1211 3406 tandem

68 3450 249 3516 nonnullis
260 3451 423 3517 analectis
434 3449 616 3517 huiusmodi
627 3457 705 3520 ante
716 3449 970 3518 confirmationis
981 3447 1211 3536 snperhocob-

70 3565 210 3626 tentum
227 3557 416 3624 beneficium
432 3559 517 3628 viam
527 3561 677 3627 vniverse
692 3560 797 3627 carnis
807 3558 1128 3647 ingressis,}rcliquis
1138 3579 1213 3625 vero

70 3665 344 3734 renuntiantibus
360 3664 432 3754 iuri,
444 3667 470 3733 si
482 3667 568 3751 quod
585 3677 657 3735 erat
673 3669 719 3735 eis
735 3687 776 3734 ex
802 3667 1015 3735 electionibus
1030 3665 1215 3733 huiusmodi

70 3773 288 3858 acquisitum,
299 3772 481 3860 Capitulum
493 3775 640 3843 Ecclesia
650 3777 794 3863 predicte
804 3797 864 3862 prc
874 3776 975 3843 futuri
986 3775 1213 3842 substitutione

67 3881 257 3969 pontificis,
273 3880 399 3948 vocatio
416 3881 572 3967 omnibus,
588 3885 645 3967 qui
664 3885 846 3970 voluerunt,
865 3884 1044 3952 debuerunt
1059 3889 1090 3948 ct
1105 3889 1215 3968 potue·

65 3995 148 4058 runt
165 3987 337 4057 commode
351 3989 514 4076 interesse,
532 3990 586 4057 die
602 3992 647 4058 ad
663 3992 724 4059 hcc
750 3992 873 4079 prefixa
888 3992 923 4058 in
940 3992 1089 4076 Capitulo
1115 3991 1216 4076 ipsius

66 4099 230 4166 Ecclesie
240 4100 468 4165 convenientes
480 4102 514 4166 in
530 4121 640 4188 unum,
652 4122 691 4168 ac
701 4101 832 4168 tandem
848 4100 891 4169 ad
908 4101 1097 4168 electionem
1107 4099 1216 4168 huius-

67 4208 164 4274 modi
186 4205 348 4292 perviam
365 4208 584 4294 compromissi
606 4211 783 4296 procedere
799 4211 978 4294 capientes,
996 4208 1074 4276 Zete
1098 4229 1137 4274 ac
1152 4209 1218 4276 Na·

65 4314 346 4383 thaliOancnicis
358 4315 614 4401 ipsiusllcclesie
624 4317 819 4403 providendi
830 4315 1144 4398 eavicedepastcre
1155 4313 1219 4400 ipsi

66 4423 232 4491 Ecclesia
248 4433 477 4492 concesseruut
493 4427 691 4497 unanimiter
701 4431 895 4514 potestatem
908 4449 916 4510 ς
931 4423 1158 4520 promittentes
1182 4423 1218 4489 it

64 4533 194 4599 lumin
210 4531 496 4619 Archiepisccpum
506 4535 659 4622 recipere,
673 4555 767 4619 quem
777 4534 841 4619 ipsi
852 4534 1006 4600 ducerent
1017 4531 1216 4616 eligendum.

65 4642 137 4722 Qui
155 4641 347 4710 huiusmodi
363 4649 522 4730 potestate
546 4653 688 4734 recepta,
707 4643 893 4712 secedentes
912 4644 948 4711 in
965 4649 1099 4729 partem,
1118 4648 1149 4710 et
1165 4641 1218 4712 de·
