3124 5158
332 1125 359 1198 1
361 1125 397 1194 V.
423 1129 540 1195 Madd
561 1125 671 1212 kirtly
696 1125 788 1192 Ereto
806 1125 949 1194 comertdl
960 1125 1046 1194 lover
1060 1129 1166 1208 ceula,
1180 1152 1202 1192 a
1216 1128 1335 1194 carator
1348 1129 1453 1206 leidae·

469 1237 565 1324 teaciy
582 1233 732 1300 Nemetlti
747 1233 901 1322 helyadqet
917 1235 1109 1324 inseriddlja
1124 1235 1208 1302 edei.
1225 1235 1320 1300 1281.

440 1431 615 1500 ladislaus
644 1431 705 1500 Dei
737 1431 852 1517 gracia
882 1431 1068 1518 Huugarie,
1101 1433 1279 1518 Dalmacie‚
1311 1433 1452 1518 (treacle,

334 1543 452 1626 Reme,
474 1539 606 1624 Seruio,
628 1537 787 1626 Gallicis,
808 1540 1019 1629 bodomerie,
1053 1539 1206 1608 Oumauie
1236 1541 1454 1626 bulgarieque

335 1649 405 1716 Rex
430 1647 577 1716 omuibus
602 1645 723 1716 Christi
747 1647 898 1715 fidelibus
923 1657 1089 1734 presentes
1113 1649 1239 1716 litteras
1263 1647 1454 1734 inspecturis

336 1756 473 1824 salutem
489 1755 523 1822 in
539 1755 680 1822 omnium
696 1755 868 1822 saluatore.
884 1754 1165 1826 Admisersorum
1176 1756 1331 1824 noticiam
1346 1763 1454 1826 tenore

335 1863 537 1950 presencium
552 1863 702 1932 volumus
717 1864 894 1950 peruenire,
913 1867 999 1950 quod
1015 1885 1088 1934 curn
1103 1887 1163 1934 uos
1178 1865 1343 1950 quendam
1362 1885 1452 1951 equus

337 1969 422 2061 (lgy)
437 1973 526 2040 rubri
541 1971 659 2040 coloris
675 1993 697 2038 a
712 1971 836 2040 Oomito
851 1975 957 2042 Erdev
973 1975 1092 2042 dilecto
1108 1981 1141 2042 et
1155 1973 1244 2042 fideli
1260 1981 1383 2060 nostro,
1402 1993 1452 2040 ue

336 2087 402 2149 stre
425 2081 527 2166 Regie
551 2081 745 2150 Oelsitudini
770 2089 1010 2170 congruentem,
1035 2103 1093 2170 pro
1109 2083 1258 2151 ducentis
1272 2085 1394 2151 marcis
1408 2102 1454 2146 ur·

337 2190 427 2275 genti
457 2209 755 2276 comparassemus,
787 2199 820 2257 et
850 2210 891 2257 ea
915 2193 988 2260 uice
1018 2199 1149 2278 propter
1180 2193 1318 2279 pecunie
1350 2195 1453 2259 nosue

336 2293 496 2363 delectum
514 2298 617 2383 ipsam
634 2317 793 2366 summam
809 2299 946 2384 pecunie
967 2299 1029 2366 sibi
1044 2319 1107 2366 uou
1123 2301 1343 2385 potuissemus
1360 2298 1453 2366 adiu·

335 2403 444 2488 plere;
470 2405 674 2491 presentibus
701 2404 882 2473 Beronibus
908 2407 1036 2490 nostris,
1065 2407 1160 2474 Petro
1187 2407 1342 2476 uidelicet
1357 2408 1452 2490 blagi-

337 2519 407 2579 stro
422 2513 685 2582 Tawarnicorum
702 2523 892 2596 nostrorum,
904 2511 906 2516 ’
917 2516 1066 2584 Jobanue
1089 2515 1205 2585 latice
1220 2517 1318 2584 (luris
1349 2523 1453 2585 nostre

342 2621 468 2688 Gemite
492 2622 673 2710 Borsicnsi,
714 2623 879 2690 Demetrio
920 2624 1042 2691 Oomitc
1073 2625 1284 2710 Posonieusi,
1325 2633 1360 2692 et
1389 2627 1455 2694 loa-

335 2747 398 2796 uea
422 2729 545 2798 Gemite
560 2729 724 2816 Nitrieusi,
753 2729 881 2798 dilectis
898 2737 930 2798 et
959 2731 1109 2800 fidelibus
1133 2735 1264 2815 uostris,
1291 2727 1452 2816 quandam

335 2837 448 2904 uillam
478 2845 621 2906 nostram
652 2839 784 2926 Nempti
815 2847 974 2926 vocatam,
1001 2841 1045 2908 ad
1068 2841 1216 2927 predium
1241 2848 1387 2910 nostrum
1417 2841 1455 2907 de

336 2945 447 3012 Zolum
462 2947 684 3033 pertinentem,
702 2947 744 3014 de
757 2947 869 3016 eodem
885 2946 998 3034 predio
1013 2956 1122 3016 nostro
1142 2957 1312 3036 exceptam
1329 2949 1455 3036 penitus

339 3059 372 3120 et
387 3060 583 3141 exemptam,
610 3075 682 3123 cum
708 3055 856 3123 omuibus
881 3055 1074 3124 utilitatibus
1100 3063 1131 3124 et
1154 3057 1368 3142 pertinenciis
1394 3057 1455 3125 suis

337 3163 506 3250 universis,
530 3163 593 3248 ipsi
619 3161 736 3230 (inmiti
763 3163 885 3240 birdeu,
908 3183 967 3250 pro
991 3163 1142 3251 predictis
1169 3165 1318 3233 ducentis
1342 3167 1455 3233 marcis

336 3290 393 3354 pro
420 3274 564 3356 tempore
588 3271 738 3341 duximus
764 3273 983 3358 obligandam.
1008 3273 1059 3341 Ita
1083 3273 1244 3362 videlicet,
1271 3275 1360 3360 quod
1377 3275 1455 3342 idem

336 3377 451 3444 Comes
467 3377 575 3446 Erdeu
591 3387 794 3466 prenotatam
810 3382 922 3449 villam
956 3383 1086 3470 Ncmpti
1103 3383 1279 3470 possidere,
1297 3390 1410 3452 tauere
1425 3391 1456 3448 et

336 3491 512 3572 prouentus
536 3487 678 3556 eiusdem
704 3489 902 3558 admodum
928 3490 1126 3558 hereditarie
1158 3491 1376 3579 possessionis
1401 3509 1455 3557 suc

337 3594 504 3682 percipere
530 3595 660 3691 valeat3
686 3597 789 3666 donec
813 3599 883 3686 ipse
909 3599 1045 3682 ducente
1069 3619 1176 3668 maroe
1202 3621 1261 3688 per
1279 3619 1341 3668 uos
1356 3598 1456 3668 eidem

337 3704 457 3772 luerint
472 3703 619 3790 plenarie
634 3705 807 3792 persoluto.
832 3707 871 3774 Iu
891 3707 980 3776 cuius
997 3708 1043 3775 rei
1059 3708 1248 3776 memoriam
1264 3707 1456 3776 firmitatem·

337 3831 402 3900 que
417 3819 604 3900 perpetuam
621 3822 789 3900 presentes
804 3813 909 3883 eidem
927 3817 1146 3884 concessimus
1156 3816 1457 3903 litterasdupplicis

337 3921 440 4007 sigilli
454 3924 559 3990 uostri
574 3923 752 3990 munimine
769 3925 950 3994 roboratae.
975 3925 1097 3993 Datum
1113 3944 1171 4012 por
1185 3945 1302 3992 manus
1329 3923 1457 3992 discreti

335 4027 399 4098 riri
421 4028 569 4116 Magistri
593 4030 737 4099 Aobouis
759 4033 836 4100 aulo
860 4038 968 4101 nostre
992 4033 1071 4101 Vice
1087 4030 1278 4119 Cauoedarij
1296 4029 1408 4100 dilecti
1423 4037 1455 4099 et

337 4139 445 4210 tidelis
468 4140 573 4206 uestri
597 4159 684 4208 anno
708 4137 830 4209 domini
854 4141 899 4211 lt
924 4139 990 4210 00⁰
1014 4140 1237 4228 octuagesimo
1261 4141 1376 4230 primo.
1401 4139 1457 4209 XL

336 4247 499 4317 kalendas
515 4247 608 4335 blaij,
623 4247 729 4335 Regni
744 4254 853 4317 autem
870 4249 971 4318 nostri
986 4269 1072 4318 auno
1088 4255 1215 4319 octauo.

339 4427 391 4496 (Aa
404 4429 503 4482 eredeti
515 4425 582 4482 utdu
603 4431 699 4482 Kuaua
720 4425 831 4482 Ndudor
846 4432 961 4498 Magym
977 4431 1042 4485 Sion
1053 4431 1105 4486 IIL
1118 4432 1176 4486 kua
1187 4433 1250 4485 tet.
1267 4431 1370 4487 1.v.o.
1383 4425 1457 4496 boja

678 4519 744 4574 (lod.
754 4519 828 4586 Dipl.
841 4519 875 4573 V.
888 4520 944 4573 labt.
958 4521 983 4574 8.
998 4537 1020 4572 r.
1032 4522 1075 4572 aa.
1088 4520 1120 4588 1.)
