3146 5166
874 840 950 906 371.

353 1033 390 1124 3)
402 1037 512 1104 Jakac
527 1039 668 1123 spalatoc‘
677 1049 810 1122 caperest
826 1041 856 1102 o
871 1039 1076 1124 eppikpo'poi
1090 1036 1246 1103 locutios
1256 1037 1390 1102 beronae
1405 1037 1488 1123 lifo-
1565 1127 1566 1142 χ

349 1149 431 1232 paca
447 1169 468 1210 a
483 1143 613 1210 Ferenca
629 1155 739 1208 master
754 1146 836 1210 allel
851 1145 989 1210 haesitat
1006 1145 1255 1230 bizonyectplevtl
1270 1147 1360 1210 allen.
1382 1144 1485 1208 1289.
1565 1175 1566 1190 π

458 1341 602 1408 Jacobus
617 1337 874 1407 Archidiaconus
885 1339 1089 1423 spalatensis
1102 1341 1222 1406 domini
1240 1339 1374 1408 Nicolai
1391 1339 1486 1424 Pape
1565 1399 1566 1406 ,

352 1447 466 1526 Quarti
496 1447 604 1514 Judex
621 1447 791 1530 delegatus
823 1447 893 1514 siue
919 1456 1071 1516 executor
1104 1449 1137 1512 in
1163 1447 1334 1530 questione
1354 1446 1487 1512 Sibeni·
1565 1465 1566 1482 ¹

351 1554 440 1621 censi
456 1561 488 1620 et
503 1554 716 1638 Traguriensi
733 1554 874 1621 discreto
890 1557 959 1622 viro
985 1555 1114 1621 domino
1130 1554 1286 1637 Magistro
1303 1555 1489 1620 Francisco
1565 1583 1566 1586 ¹

350 1661 487 1730 Notario
503 1662 652 1730 Ciuitatis
668 1663 875 1746 Spalatensis
892 1663 1032 1729 salntem
1049 1662 1248 1743 inDomino.
1265 1661 1344 1726 Cum
1362 1680 1427 1727 vos
1445 1660 1490 1727 ad
1565 1699 1566 1704 κ

351 1789 466 1853 preces
485 1777 518 1836 et
543 1769 731 1835 mandatum
749 1778 893 1836 nostrum
917 1769 1139 1838 confecissetis
1165 1769 1229 1834 duo
1260 1769 1491 1835 instrumenta
1565 1771 1566 1818 3

351 1876 385 1942 in
402 1877 572 1960 questione
588 1873 737 1960 predicta
752 1877 954 1945 Sibenieensi
965 1885 997 1943 et
1012 1875 1267 1962 Tragurinensi3
1286 1894 1349 1958 que
1364 1875 1491 1942 instru-

352 1991 463 2050 menta
479 2005 545 2050 non
561 1991 636 2052 sunt
652 1991 774 2064 nostra,
804 1985 870 2051 imo
886 1987 1030 2052 Romane
1046 1985 1192 2052 Ecclesia
1208 1991 1241 2050 et
1256 1981 1381 2050 Summi
1396 1983 1490 2049 Pon·

353 2089 448 2158 titicis
464 2091 638 2175 prelibati;
665 2099 697 2157 et
713 2091 772 2158 illa
789 2099 865 2158 suut
890 2093 988 2178 culpa
1012 2093 1111 2160 vestri
1128 2111 1193 2157 non
1212 2091 1374 2156 modicum
1391 2091 1493 2158 dele·
1565 2143 1566 2164 r

354 2198 449 2284 atina,
467 2205 499 2264 et
514 2197 636 2266 nullius
647 2199 780 2283 valoris,
793 2219 854 2264 nec
864 2201 1013 2267 confecta
1023 2200 1199 2268 secundnm
1210 2205 1356 2264 nostrum
1373 2217 1493 2264 exem·
1565 2251 1566 2282 p

352 2305 461 2390 plum;
479 2305 600 2388 dequo
616 2305 755 2391 possetis
771 2304 915 2390 grauiter
931 2307 964 2372 in
980 2327 1150 2392 personam
1169 2303 1287 2392 puniri,
1305 2307 1337 2369 et
1354 2307 1493 2389 specia-

352 2410 427 2476 liter
442 2411 573 2494 qnando
588 2413 804 2480 instrumenta
828 2413 962 2499 papalia
993 2434 1058 2479 non
1088 2411 1257 2494 conficitis,
1274 2415 1309 2476 vt
1323 2414 1493 2478 tenemini
1565 2461 1566 2464 ,

354 2525 388 2583 et
404 2518 539 2586 debetis.
556 2519 657 2588 Vobis
689 2519 882 2588 auctoritate
892 2570 900 2604 ,
934 2541 999 2604 qua
1022 2520 1186 2604 fungimur
1207 2516 1373 2584 adomino
1388 2517 1497 2604 Papa

353 2624 509 2712 predicto,
528 2628 726 2713 precipimus
746 2633 779 2693 et
795 2627 855 2694 sub
880 2627 1229 2694 excommunicacionis
1245 2645 1329 2712 pena
1346 2625 1494 2693 manda·

354 2753 443 2818 mus;
459 2753 554 2817 quam
579 2754 698 2819 penam
714 2756 772 2802 vos
797 2735 947 2800 volumus
972 2734 1135 2801 incurrere
1161 2734 1231 2819 ipso
1256 2733 1342 2800 facto
1353 2785 1362 2818 ,
1379 2733 1416 2798 si
1435 2755 1494 2800 no-

354 2843 453 2905 strum
469 2841 668 2927 mandatum,
687 2839 773 2923 quod
789 2861 853 2908 non
873 2841 1044 2926 oredimus,
1061 2840 1273 2925 neglexeritis
1284 2839 1498 2923 adimplere:

356 2952 517 3028 quatenus
532 2947 678 3032 predicta
694 2948 906 3016 instrumenta
921 2949 1097 3015 secundum
1117 2949 1308 3032 exemplum,
1326 2947 1422 3030 quod
1439 2970 1499 3013 ro·

355 3053 407 3118 bis
423 3053 579 3121 mittimus
595 3056 805 3141 perlatorem
831 3057 1056 3144 presencium,
1073 3055 1221 3143 ponendo
1247 3059 1365 3136 testes,
1399 3055 1499 3121 diem

355 3161 461 3227 locum
478 3167 510 3227 et
525 3167 711 3249 preceptum
738 3170 898 3230 oretemus
923 3183 982 3250 per
997 3183 1057 3231 nos
1089 3163 1213 3230 factum
1228 3161 1339 3228 Electo
1357 3160 1499 3228 Sibeni-

356 3269 445 3333 censi
462 3275 494 3334 et
508 3269 668 3356 Episcopo
685 3271 900 3354 Tragurionsi
921 3271 1093 3356 predictis;
1122 3279 1154 3337 et
1171 3273 1311 3356 ipsorum
1350 3288 1499 3356 respon-

356 3375 462 3441 siones
478 3374 563 3442 infra
577 3385 714 3460 quatuor
730 3379 801 3445 dies
817 3399 838 3445 a
854 3381 1097 3464 presentacione
1107 3376 1306 3464 presencium
1323 3377 1501 3445 conficere

358 3487 391 3546 et
407 3481 578 3550 emendare
595 3486 722 3569 curetis,
734 3493 765 3551 et
776 3505 816 3551 ea
832 3485 930 3552 latori
946 3484 1147 3570 presencium
1159 3482 1253 3548 detis.
1270 3480 1365 3558 Quod
1380 3505 1502 3553 exem·
1565 3509 1566 3520 ¹

356 3589 445 3672 plum
464 3597 513 3656 est
539 3592 704 3678 clausum,
730 3597 840 3659 nostro
866 3601 899 3657 et
915 3613 1056 3658 meorum
1080 3588 1284 3657 coniudicum
1300 3589 1501 3674 sigillatum
1565 3659 1566 3668 ,

357 3695 485 3779 sigillis.
503 3697 544 3761 Et
560 3717 600 3761 ne
616 3699 804 3785 moremini,
825 3699 853 3764 si
868 3698 930 3784 ipsi
946 3699 1039 3765 vobis
1056 3717 1119 3763 non
1135 3695 1291 3778 scribunt;
1322 3699 1410 3778 quia
1427 3721 1502 3767 non
1565 3757 1566 3786 ζ

357 3809 503 3888 possunt,
520 3824 579 3869 neo
595 3806 730 3890 debent;
761 3807 838 3889 quia
864 3807 905 3871 ab
922 3805 1003 3890 ipsis
1034 3826 1098 3870 non
1115 3803 1272 3870 habuistis
1302 3805 1448 3886 aliquid
1466 3810 1501 3873 in

357 3909 531 3994 mandatis,
548 3910 612 3975 nisi
628 3911 828 3978 solummodo
855 3933 875 3977 a
900 3912 1001 3978 nobis.
1030 3911 1114 3977 Etsi
1141 3910 1319 3996 predictum
1339 3919 1504 3980 nostrum
1565 3947 1566 3998 3

359 4017 551 4084 mandatum
568 4019 781 4100 neglexeritis
806 4019 952 4084 totaliter
977 4017 1165 4102 adimplere,
1182 4036 1239 4081 vos
1256 4023 1364 4082 certos
1383 4019 1506 4086 reddi·
1565 4007 1566 4048 ³

358 4145 431 4192 mus
449 4131 482 4190 et
496 4143 649 4210 securos,
666 4124 753 4206 quod
778 4147 837 4192 nos
864 4149 929 4194 vna
954 4145 1025 4191 oum
1053 4113 1273 4190 ooniudicibus
1289 4127 1421 4192 nostris
1442 4149 1506 4196 vos

358 4231 553 4298 intendimus
571 4251 709 4314 arguere
726 4239 758 4297 et
774 4253 930 4300 accusare
958 4232 998 4298 de
1013 4232 1108 4316 falso,
1140 4250 1246 4296 coram
1277 4229 1409 4312 quode
1427 4233 1508 4302 iure

359 4336 530 4424 dehemus3
547 4345 579 4403 et
595 4358 651 4423 per
668 4339 902 4406 consessionem
934 4347 1075 4405 vestram
1091 4338 1157 4403 iam
1173 4338 1291 4403 factam
1308 4333 1344 4400 in
1357 4337 1508 4420 judicio

360 4463 469 4510 coram
486 4443 611 4510 notario
629 4453 661 4510 et
676 4448 812 4513 testibus
823 4447 960 4512 infinitis
971 4445 1091 4530 optime
1108 4452 1251 4511 nostram
1267 4443 1509 4518 intencionem
1565 4451 1566 4494 ³
