3140 5150
676 329 739 398 139

626 419 785 430 ι-ι--ι-ι-ι

798 439 802 455 Ι

135 530 248 612 partes
265 524 512 612 arbitrantibus,
538 545 672 611 quorum
696 527 831 598 arbitrio
856 529 929 616 ipse
943 535 1053 616 partes
1069 549 1105 596 se
1121 531 1268 597 commit-

138 639 246 701 tentes
271 634 315 700 ad
330 636 430 702 talem
457 635 594 704 formam
610 635 702 722 pacis
726 655 784 704 seu
809 637 983 706 concordis
999 637 1148 706 unionem
1172 637 1268 706 deue-

136 743 288 809 nissent:
311 738 399 824 qnod
414 741 571 830 Bikchey,
588 743 704 830 Pasca,
725 743 839 831 Anias,
864 744 1020 813 Nicolaus
1036 751 1070 814 et
1083 743 1268 831 Stephanus

136 851 300 935 prenotati
316 851 433 936 sopitis
448 850 597 920 omnibns
613 851 720 920 causis
736 853 901 920 annotatis
918 859 950 920 et
965 853 1098 938 sedatis,
1107 873 1147 921 ac
1163 853 1268 920 eciam

136 958 269 1026 racione
285 965 402 1042 quarte
417 977 552 1026 uxorum
569 960 671 1028 hiatie
686 964 718 1026 et
734 960 913 1049 Benedicti,
934 981 1079 1029 sororum
1093 961 1182 1028 Luco
1197 978 1268 1047 pre-

139 1065 230 1150 dicti,
257 1066 448 1135 dimiserunt
465 1074 497 1136 et
521 1067 725 1154 reliquerunt
749 1076 958 1138 memoratam
978 1075 1103 1140 terram.
1120 1071 1269 1157 supradi-

139 1172 200 1240 ctis
216 1173 354 1258 Andros,
382 1175 530 1258 Nicolao,
555 1176 654 1243 Matio
671 1183 702 1243 et
717 1175 894 1244 Benedicta
911 1196 951 1244 ac
965 1176 1140 1244 heredibus
1157 1197 1268 1245 eorum

138 1283 209 1349 iure
223 1288 379 1368 perpetuo
396 1283 530 1370 pacifice
550 1284 803 1372 possidendam,
827 1306 885 1372 per
911 1287 1095 1372 quempiam
1111 1284 1269 1353 heredum

139 1409 273 1458 suorum
298 1413 354 1461 seu
371 1399 582 1478 cognatorum
608 1395 677 1462 siue
704 1401 933 1464 extraneorum
949 1395 1156 1478 aliquatenus
1173 1391 1268 1482 (uon)

137 1499 360 1585 repetendam.
393 1503 588 1587 obligantes
613 1524 649 1572 se
674 1503 835 1589 sepedicti
851 1505 1010 1592 Bikchoy,
1026 1507 1141 1585 Pasca,
1155 1501 1269 1585 Anias,

137 1606 295 1676 Nicotaus
311 1615 344 1676 et
359 1608 553 1698 Stephanus,
580 1633 620 1680 ac
635 1630 765 1680 suornm
788 1611 936 1700 heredes,
961 1611 1047 1697 quod
1062 1612 1104 1678 ah
1122 1609 1269 1678 omnibus

138 1721 328 1800 prenotatos
353 1715 527 1804 Andream,
552 1719 737 1805 Nicolaum,
753 1720 910 1789 Mathiam
936 1727 968 1786 et
983 1717 1195 1788 Benedictum
1219 1738 1269 1784 ra·

139 1823 232 1889 cione
248 1824 335 1892 dicte
360 1832 443 1893 terre
459 1828 643 1914 molestare,
661 1829 816 1915 impetere
836 1836 868 1896 et
883 1827 1063 1914 inquietare
1078 1826 1267 1912 nitentibus,

139 1938 278 2016 excepta
303 1933 468 2018 porcione,
499 1955 561 2017 que
585 1935 715 2004 racione
739 1943 854 2021 quarte
879 1919 1038 2004 dictarum
1063 1935 1268 2004 dominarum

138 2038 185 2106 eis
203 2037 340 2125 cederet,
364 2040 467 2124 ipsius
483 2048 516 2108 et
530 2042 673 2127 ipsorum
693 2043 829 2112 heredes
845 2050 1031 2112 tenerentur
1046 2043 1151 2110 modis
1167 2046 1268 2108 omni-

137 2148 199 2213 bns
225 2145 401 2216 defendere
437 2155 470 2214 et
493 2133 648 2236 expedire
681 2151 826 2238 proprijs
850 2152 1018 2220 laboribus
1050 2157 1083 2220 et
1108 2149 1269 2237 expensis.

140 2255 247 2321 Metus
272 2260 383 2322 antem
408 2264 440 2324 et
464 2256 693 2328 distinctiones
718 2265 803 2326 terre
829 2265 998 2346 prenotate
1022 2264 1133 2344 partes
1159 2259 1271 2326 taliter

139 2370 373 2447 expresserunt
390 2389 398 2430 ε
423 2365 530 2432 Primo
549 2366 734 2452 incipiendo
758 2386 779 2432 a
795 2367 1000 2436 meridionali
1015 2367 1156 2436 fenestra
1170 2385 1271 2452 supra

138 2471 246 2537 altare
271 2472 411 2540 ecclesie
435 2473 556 2540 Sancto
580 2474 681 2541 Mario
705 2474 739 2541 in
762 2477 836 2560 ipsa
859 2474 940 2543 villa
965 2475 1115 2563 Bikohey
1139 2475 1212 2561 site,
1237 2480 1285 2539 et·

136 2579 263 2646 directe
287 2600 346 2665 per
370 2581 510 2648 hostium
536 2581 683 2650 exeundo
708 2582 860 2668 dirigitur
884 2601 998 2650 uersus
1025 2583 1160 2669 plagam
1186 2581 1268 2648 occi-

138 2687 307 2755 dentalem
339 2687 384 2754 ad
413 2695 533 2756 terram
558 2689 699 2778 Nicolay
728 2690 788 2776 tilij
813 2691 953 2778 Bochou,
981 2697 1013 2756 et
1037 2690 1082 2757 ibi
1109 2697 1183 2757 sunt
1207 2689 1270 2755 due

137 2801 244 2878 mete;
279 2795 398 2862 abhinc
426 2797 624 2866 transeundo
655 2799 761 2884 ipsam
791 2806 912 2866 terram
936 2799 1077 2884 Nicolay
1108 2796 1199 2864 uadit
1225 2795 1271 2863 ad

138 2924 238 2970 ruam
253 2903 341 2972 viam
351 2958 361 2992 ,
386 2911 418 2971 et
435 2906 595 2990 peruiam
612 2908 717 2973 eundo
742 2907 889 2992 procedit
905 2907 1028 2975 directe
1047 2906 1090 2972 ad
1106 2904 1270 2990 quoddam

138 3013 318 3100 pomerium
335 3013 435 3098 uulgo
459 3018 612 3102 mephath
627 3021 798 3104 vocatum;
823 3023 855 3083 et
868 3015 1049 3101 pomerium
1073 3011 1269 3080 hanseundo

138 3141 197 3208 per
213 3122 375 3199 medium,
400 3123 492 3192 vadit
516 3122 560 3188 ad
585 3124 750 3207 quandam
774 3125 881 3210 viam,
906 3130 938 3189 et
963 3143 1003 3188 ex
1019 3128 1156 3206 utraque
1176 3125 1272 3207 parte

139 3231 192 3296 vie
210 3237 260 3296 eat
284 3250 350 3297 vua
365 3235 469 3315 mete;
494 3231 570 3297 indo
595 3253 653 3317 per
677 3231 812 3298 eandem
828 3233 914 3299 viam
940 3229 1032 3298 vadit
1048 3227 1193 3296 metatim
1211 3246 1271 3312 per

139 3338 283 3423 uallem,
319 3359 382 3423 que
407 3339 494 3423 wlgo
519 3345 656 3406 uocatur
680 3341 930 3427 haruathfauplt5
962 3343 994 3404 et
1019 3337 1125 3422 ipsam
1149 3334 1269 3402 vallem

141 3447 340 3514 transeundo
351 3445 472 3514 directe
483 3447 576 3514 iuxta
592 3454 719 3534 terram,
735 3468 798 3533 qne
814 3449 900 3531 wlgc
917 3453 1053 3515 vocatur
1068 3444 1268 3531 bcraathfeu,

141 3563 216 3622 sunt
232 3562 299 3621 tres
315 3563 421 3639 mete;
445 3553 562 3621 abhinc
586 3555 678 3623 uadit
703 3574 817 3622 uersus
842 3555 955 3622 villam
971 3556 1073 3642 Pang,
1092 3561 1124 3621 et
1139 3571 1269 3639 parum-

140 3686 200 3750 per
225 3661 334 3747 tangit
357 3667 476 3728 terram
501 3661 660 3748 Stephani
685 3660 743 3746 filij
763 3661 915 3746 Omodey,
941 3667 974 3727 et
999 3662 1046 3729 ibi
1071 3660 1270 3728 terminatur.

141 3773 223 3840 Item
240 3769 424 3856 aprediota
449 3769 594 3838 fenestra
619 3767 804 3854 incipiendo
821 3789 932 3836 versus
957 3767 1091 3854 plagam
1115 3768 1272 3835 orientem

142 3878 229 3970 (lgy)
249 3878 343 3944 vadit
368 3897 428 3964 per
452 3884 578 3964 portam
606 3877 693 3944 curie
715 3877 866 3964 Martini,
892 3884 924 3943 et
939 3876 1061 3944 directe
1085 3875 1129 3942 ad
1142 3879 1272 3958 portam

142 3989 205 4055 orti
223 3985 381 4074 eiusdem,
399 3993 430 4053 et
446 3987 492 4054 ibi
509 3991 585 4052 sunt
604 3984 668 4052 due
684 3991 788 4071 mete;
813 3985 932 4052 deinde
947 3981 1038 4050 vadit
1052 3983 1096 4050 ad
1112 3980 1271 4065 quendam
1314 4050 1317 4058 ¹

141 4097 260 4180 lacum,
277 4101 310 4160 et
326 4094 373 4160 ibi
389 4096 430 4160 ab
446 4091 593 4161 inferiori
608 4097 703 4180 parte
718 4094 809 4159 lacus
826 4093 919 4160 iuxta
934 4112 1030 4158 vnum
1047 4089 1181 4158 salicem
1197 4094 1274 4154 sunt

142 4204 205 4270 due
221 4209 327 4287 mete;
353 4200 470 4270 dehinc
495 4201 585 4268 vadit
611 4207 643 4268 ct
667 4201 787 4267 transit
812 4199 975 4284 quendam
997 4197 1130 4265 fluuium
1153 4196 1273 4280 Fiuzeg

141 4318 293 4380 vocatum
303 4360 312 4395 ,
339 4317 372 4378 et
387 4309 433 4376 ibi
448 4310 541 4378 iuxta
564 4316 694 4396 portum
719 4309 864 4376 eiusdem
890 4307 980 4392 flunij
998 4311 1075 4373 sunt
1090 4305 1153 4372 due
1169 4309 1272 4388 mete;

143 4419 263 4489 abinde
279 4417 373 4485 vadit
388 4418 431 4485 ud
447 4437 567 4501 aquam
583 4419 698 4503 Tapeu
714 4422 883 4502 uocatam,
909 4421 941 4482 et
956 4411 1098 4481 nondum
1114 4411 1273 4480 veniendo

143 4529 185 4596 ad
201 4549 321 4612 aquam
347 4533 422 4593 sunt
447 4525 510 4593 due
526 4532 628 4612 mete,
645 4526 737 4594 iuxta
762 4522 900 4592 eandem
926 4523 1029 4590 eciam
1054 4541 1174 4606 aquam
1199 4525 1275 4588 sunt

143 4638 268 4705 abietes
284 4635 372 4722 wlgo
388 4641 503 4703 vocate
519 4634 684 4722 kearuofa,
700 4639 733 4700 et
747 4631 793 4699 ibi
809 4635 858 4699 est
873 4628 937 4715 via,
954 4649 1016 4715 qne
1032 4630 1150 4699 transit
1166 4629 1271 4716 ipsam
