3124 5158
652 855 725 924 178.

123 1058 174 1125 Aa
190 1059 258 1144 cyri
273 1057 496 1143 kdptclucnck
511 1055 780 1141 biaonysdpleoelc
788 1103 799 1136 ,
823 1059 905 1143 boqy
920 1055 1041 1124 Mistea·
1056 1055 1159 1123 Jcnor
1175 1057 1255 1122 Iulis-

124 1165 219 1231 heheu
235 1167 303 1231 leod
319 1164 465 1249 biacnyoa
480 1161 589 1249 fb'ldet
608 1165 690 1229 Iunco
699 1213 710 1246 ,
735 1161 849 1230 Punico
865 1164 988 1246 fidncia
1000 1165 1129 1233 eludctt.
1154 1167 1253 1234 1279.
1329 1239 1333 1244 ,

239 1359 396 1428 Omnibus
422 1359 541 1428 Christi
556 1357 708 1429 fidelibus
723 1365 790 1428 tam
806 1360 1010 1447 presentibus
1026 1381 1124 1448 quam
1140 1361 1256 1430 futuris

125 1488 262 1555 presens
289 1467 442 1553 scriptum
469 1467 663 1555 inspecturis
696 1468 882 1552 Capitulum
908 1468 1056 1537 Ecclesia
1086 1468 1255 1552 Agriensis

126 1577 268 1643 salutem
299 1575 331 1641 in
358 1575 501 1642 omnium
528 1576 703 1644 saluatore.
728 1575 780 1642 Ad
799 1576 1023 1646 uniuersorum
1039 1575 1196 1644 noticiam
1213 1585 1256 1644 te·

125 1705 204 1753 nore
219 1682 427 1770 presencium
443 1683 592 1751 volumus
606 1683 795 1770 peruenire;
811 1685 898 1767 quod
914 1685 1031 1752 Petrus
1041 1683 1257 1753 tiliusdchan·

125 1793 177 1859 nis
203 1791 243 1858 de
268 1791 385 1878 Myshe
410 1812 476 1858 rna
492 1811 563 1858 cum
581 1791 738 1876 Gregorio
760 1791 914 1874 filiosuo,
939 1799 972 1860 et
987 1793 1156 1862 Emericus
1171 1791 1258 1860 filius

125 1899 245 1966 Pouha
276 1899 536 1982 consanguineus
568 1900 713 1968 eiusdem
739 1899 780 1966 dc
805 1899 939 1985 eadem,
964 1907 1001 1967 ut
1017 1901 1189 1985 dicebant,
1215 1898 1258 1965 ad

126 2013 273 2076 nostram
305 2007 523 2093 personaliter
549 2007 743 2076 accedentes
774 2008 994 2096 presenciam,
1018 1995 1259 2096 proposuerunt

127 2114 305 2200 vinauoce,
328 2113 415 2199 quod
441 2115 607 2198 quandam
623 2115 818 2200 particulam
843 2121 928 2183 terre
953 2116 995 2182 de
1010 2121 1098 2183 terra
1113 2117 1257 2202 ipsorum

128 2221 324 2289 hereditaria
348 2222 466 2309 Myshe
489 2230 609 2292 vocata
627 2221 669 2290 ud
689 2243 781 2292 usum
797 2223 892 2291 unius
908 2223 1010 2291 aratri
1035 2223 1258 2310 sufficientem,

129 2352 149 2396 a
165 2335 260 2414 parte
276 2329 537 2416 septemtrionali
553 2331 732 2416 iacentem,
756 2333 853 2400 metis
878 2330 1020 2414 vndique
1034 2331 1209 2398 limitatam
1227 2335 1260 2396 et

129 2437 323 2525 distinctam,
347 2438 476 2505 Zaheus
492 2438 556 2506 lilio
573 2439 700 2506 (theme
716 2440 758 2507 de
774 2439 888 2506 eadem
903 2439 1041 2526 Myshe,
1064 2441 1149 2505 sicut
1165 2437 1257 2521 dixit,

131 2565 253 2631 genero
287 2565 355 2634 sno,
390 2565 497 2613 coram
529 2547 622 2614 nobis
647 2549 866 2632 personaliter
893 2547 1089 2632 constituto,
1128 2553 1261 2632 propter

129 2655 284 2720 unionem
299 2655 535 2740 proximitatis,
560 2656 686 2722 duabus
711 2655 829 2722 mareis
845 2656 985 2742 receptis
1001 2655 1044 2722 ab
1061 2655 1185 2737 codem,
1207 2653 1260 2719 de·

130 2760 256 2830 dissent
288 2769 321 2828 et
355 2761 569 2830 contulissent
600 2759 663 2828 sibi
687 2768 721 2828 et
745 2761 813 2829 suis
839 2760 1013 2830 heredibus
1043 2759 1262 2845 heredumque

130 2868 372 2938 successoribus
402 2876 556 2954 perpetuo
589 2871 660 2935 inre
685 2867 938 2954 possidendam
964 2868 1148 2953 obligantes
1173 2887 1210 2934 se
1227 2871 1261 2932 et

131 2997 210 3045 suos
226 2975 373 3062 heredes,
401 2977 443 3041 ah
469 2976 617 3043 omnibus
641 2977 748 3060 ipsum
764 2975 893 3044 Zahens
911 2995 951 3044 ac
965 2975 1102 3044 heredes
1118 2974 1261 3044 eiusdem

129 3085 265 3152 racione
289 3084 435 3170 predicte
459 3084 620 3168 partieule
635 3090 720 3150 terre
736 3083 912 3152 molestare
927 3084 1132 3168 nittentihus,
1153 3082 1261 3150 desen-

131 3193 213 3260 dere
246 3197 278 3258 et
309 3190 462 3276 expedire
488 3191 629 3275 proprijs
655 3190 822 3259 laboribus
848 3199 880 3258 et
906 3191 1066 3277 expensis.
1091 3192 1133 3258 Et
1149 3189 1262 3258 Gncbe

132 3299 221 3367 filins
238 3296 394 3364 Zathmar
409 3299 668 3383 consanguineus
685 3299 839 3386 ipsorum,
860 3305 1099 3368 commetaneus
1115 3297 1261 3366 eiusdem

131 3415 229 3490 terre,
254 3411 289 3471 ut
304 3403 406 3492 dixit,
428 3425 487 3490 pro
507 3424 543 3471 se
563 3411 595 3472 et
610 3425 668 3490 pro
686 3403 781 3491 Opoy
797 3425 836 3472 ae
851 3405 1009 3473 Michaele
1024 3405 1180 3473 fratribus
1195 3403 1263 3471 suis

132 3533 248 3582 coram
274 3511 368 3579 nobis
393 3517 506 3580 astans
516 3561 526 3598 ,
565 3511 641 3580 huic
667 3512 841 3580 collacicni
867 3533 1058 3582 consensum
1084 3511 1213 3598 prebuit
1229 3516 1262 3577 et

133 3638 316 3690 assensum.
356 3617 456 3685 Cuius
479 3619 586 3686 ,eciam
611 3617 773 3704 particule
792 3627 897 3705 terre,
930 3619 1015 3688 sicut
1038 3618 1139 3705 ijdem
1156 3638 1263 3686 coram

132 3727 231 3796 nohis
248 3727 435 3812 recitarunt,
455 3732 538 3794 mete
554 3727 664 3795 taliter
681 3727 921 3812 distinguntur:
945 3725 1117 3811 Egreditur
1133 3727 1264 3812 aplnga

132 3833 289 3902 orientali
305 3835 398 3902 iuxta
414 3835 575 3918 quendam
591 3833 723 3901 fluuium
737 3833 873 3920 Gungus
890 3834 1112 3902 vocatumsub
1123 3831 1264 3918 quadarn

130 3942 257 4028 salice,
283 3949 316 4007 et
340 3962 397 4025 per
416 3940 571 4008 directam
586 3941 709 4008 lineam
735 3963 756 4008 a
781 3949 875 4028 parte
900 3937 1156 4028 septemtrionali
1172 3942 1266 4009 iuxta

132 4047 311 4116 ecclesiam
328 4048 441 4116 Sancti
456 4047 623 4116 Benedicti
646 4047 765 4116 transit
783 4068 885 4134 usque
901 4048 943 4116 ad
958 4048 1209 4134 Boduntelnhy,
1233 4055 1267 4115 et

129 4157 181 4223 ibi
197 4155 401 4224 terminatur.
423 4157 463 4221 In
477 4157 570 4226 cuius
587 4156 633 4222 rei
649 4156 869 4224 testimonium
886 4155 929 4222 ad
945 4154 1138 4225 instanciam
1156 4156 1265 4242 predi-

128 4271 260 4332 ctorum
276 4271 428 4349 ponentes
445 4263 640 4332 contulimus
658 4262 759 4349 sigilli
773 4263 874 4331 nostri
891 4255 1070 4331 munimine
1085 4263 1264 4334 roboratas.

128 4374 346 4442 Presentibus
369 4379 478 4441 tamen
503 4371 660 4456 hlagistrc
686 4370 850 4440 Anthonio
876 4372 1037 4456 Caulone,
1076 4369 1188 4438 Mikuu
1205 4367 1265 4436 Ou-

125 4479 247 4569 stodo,
273 4486 307 4546 et
330 4477 409 4562 alijs
435 4478 564 4566 multis,
590 4499 675 4547 anno
701 4479 832 4548 Domini
847 4479 1021 4547 millesimo
1046 4475 1266 4545 ducentesimo

126 4585 384 4675 septuagesimo
400 4607 494 4656 nono.
518 4587 689 4674 Regnante
705 4587 860 4656 Ladinlao
887 4586 1014 4654 illustri
1030 4585 1118 4670 Rege
1134 4583 1265 4666 Hungn·

1040 4691 1106 4758 17·
