3080 5160
514 257 701 403 ‘uu

56 499 165 586 diuus
176 499 307 567 litteras
324 495 358 564 in
374 494 547 585 mandatis,
565 503 600 566 nt
616 497 772 583 inquisita
795 517 892 586 super
921 499 980 566 boo
999 499 1189 588 ‹litigantius

54 606 203 693 veritate,
212 607 244 676 si
253 626 320 675 rem
335 603 500 674 invenires
513 605 561 674 ita
576 625 658 692 essa
677 602 797 676 dictum
813 603 999 674 Gelvanum
1015 609 1058 676 ab
1075 607 1189 676 cilicio

53 712 277 798 beneficioque
300 711 524 800 suspenderes,
549 711 648 784 ctiam
673 712 702 781 si
719 711 763 780 ud
778 712 1059 782 enumerationem
1074 711 1189 801 lipsius

54 839 242 908 processum
268 819 422 888 autera
443 839 501 906 per
524 837 758 906 quemcunque,
775 840 815 888 uc
830 819 968 888 eundem
985 821 1034 888 sic
1048 839 1190 910 suspen-¹

56 945 125 996 sum
136 924 181 994 ad
190 924 344 994 nosinira
358 931 597 1012 competentem
611 925 792 1012 arluinum,
807 944 903 1011 quem
919 923 983 994 sibi
998 926 1186 1012 prolisores,

58 1034 251 1120 destinares,
265 1031 324 1120 pru
340 1031 462 1100 meritis
479 1038 700 1118 recepturum,
717 1030 813 1100 nobis
829 1029 1068 1119 nichilominus,
1094 1033 1184 1117 quio-

55 1139 132 1225 quid
151 1159 250 1226 snper
275 1139 337 1206 hoc
366 1145 399 1206 te
414 1138 524 1208 lacere
554 1157 594 1206 ac
619 1136 766 1206 iuvenire
780 1137 994 1226 contingeret,
1010 1156 1137 1206 necnon
1153 1143 1187 1206 et
1256 1223 1259 1230 Ι

56 1247 143 1316 diem
168 1244 355 1316 lnuiusrncdl
379 1243 579 1332 prcilxionis,
597 1250 630 1312 et
644 1244 792 1332 formum,
808 1264 869 1332 per
884 1249 958 1314 tuas
973 1245 1101 1314 litteras
1116 1262 1188 1330 pre·

55 1353 214 1426 unarum
224 1353 404 1420 litterarum
413 1351 472 1420 tibi
487 1369 584 1439 super
599 1349 660 1419 hoc
675 1349 870 1421 directarum
887 1349 1004 1418 seriem
1020 1351 1185 1420 contineu-

54 1467 103 1532 tes
119 1460 262 1530 fideliter
277 1457 480 1548 exponendo.
496 1457 548 1525 'Pu
557 1457 669 1541 itaque
685 1457 800 1526 rolens
817 1456 1008 1552 mandatnm
1022 1455 1188 1545 Apostoli·¹

56 1587 127 1636 cnm
153 1571 340 1637 reverenter
363 1565 492 1652 exequi,
515 1571 550 1632 ut
574 1563 706 1652 teneris,
723 1563 859 1634 eundem
877 1562 1063 1632 dalvannm
1079 1585 1188 1634 ceram

54 1673 290 1744 tesuctoritate
306 1680 418 1742 nostra
431 1671 574 1760 legitime
590 1674 693 1740 citare
714 1671 844 1755 onrmti,
858 1671 909 1738 ius
925 1690 1030 1757 sunm,
1049 1672 1077 1740 si
1093 1673 1182 1757 qnod

56 1783 177 1854 habere
203 1803 240 1853 se
264 1778 567 1868 crederetplenins
589 1787 803 1863 ostensurum,
821 1777 926 1846 eidem
952 1778 1187 1850 nichilominus

57 1890 245 1974 intimando,
272 1889 359 1974 quod
383 1888 486 1978 ipsius
511 1887 690 1974 corporalis
714 1887 865 1956 absentia
889 1907 954 1954 non
979 1886 1129 1954 obeunte
1151 1887 1185 1954 in

56 1995 266 2082 inquisitione
276 1998 420 2084 predicta
435 1996 573 2066 termino
589 1994 652 2064 sibi
669 1995 790 2081 prolixo
806 1993 998 2084 procederes
1009 1993 1184 2062 secundum

56 2107 238 2175 normarum
263 2103 502 2174 continenciam
526 2103 731 2194 litterarum
748 2103 842 2188 eique
858 2101 1056 2187 iniungendo
1084 2098 1187 2168 distri-
1310 2137 1320 2148 -

58 2211 153 2298 etius,
163 2217 201 2284 ut
212 2214 239 2279 si
252 2232 334 2298 quas
344 2213 471 2281 litteras
487 2231 587 2300 snper
603 2211 808 2280 absolutione
820 2211 924 2299 ipsius
937 2211 979 2278 ab
996 2207 1120 2278 Ordine
1134 2227 1184 2276 su·

58 2315 369 2404 pradictolortaseis
385 2318 529 2405 haberet,
544 2317 621 2385 illas
638 2317 695 2386 tibi
714 2313 899 2386 ostenderet
915 2319 947 2384 in
964 2315 1099 2384 terminu
1115 2333 1187 2400 pre·

58 2423 171 2496 libato.
189 2423 333 2512 Cumque
351 2432 540 2512 procurator
556 2424 703 2494 eiusdem
728 2424 869 2494 Gulvsni
894 2443 1004 2492 coram
1025 2429 1056 2490 te
1072 2424 1106 2490 in
1122 2429 1184 2489 ter·

57 2529 143 2605 uiuo
174 2533 409 2620 comparuisset
439 2531 564 2620 ecdem,
592 2551 707 2600 rocem
722 2532 798 2600 licet
818 2530 937 2600 frivole
952 2530 1187 2618 appellationis

58 2637 183 2708 emisit:
200 2644 237 2706 at
260 2645 295 2706 tu
322 2638 457 2708 eundem
484 2639 668 2710 Galsannm
683 2645 837 2726 reputans
854 2659 919 2706 non
935 2637 1096 2708 immerito
1112 2657 1186 2704 con·

58 2731 230 2832 tumacem,
241 2763 438 2832 quamquam
464 2744 584 2814 iactum
610 2745 793 2814 huiusmodi
809 2745 868 2812 tibi
885 2747 1047 2815 notorium
1064 2745 1187 2814 ridere·

57 2859 115 2941 tur,
132 2873 232 2940 snper
258 2872 297 2919 eo
321 2853 414 2921 iuxta
430 2851 576 2922 mandati
591 2853 695 2920 nostri
710 2858 854 2920 tenorem
870 2853 1008 2922 fideliter
1023 2853 1189 2950 inquirere
1240 2873 1250 2888 ⁸

57 2959 220 3038 studuisti.
246 2961 288 3028 lit
308 2958 385 3044 quia
401 2957 554 3028 invenisti
570 2978 627 3046 per
643 2958 884 3044 inquisitionem
900 2958 1094 3042 huiusmodi,
1113 2979 1185 3046 pre·

59 3066 181 3138 dictum
208 3067 393 3140 Galraunm
417 3065 567 3154 llugietri
591 3069 644 3136 vel
668 3065 791 3136 Prioris
816 3067 867 3136 sui
892 3067 1107 3136 Prouincialis
1122 3089 1188 3136 nou

59 3176 194 3246 obtenta
201 3174 345 3261 licentia,
356 3181 422 3242 tam
439 3193 538 3262 super
554 3173 737 3242 huiusmodi
752 3174 911 3244 electione
926 3196 984 3242 seu
1001 3176 1184 3262 provisione

60 3279 99 3350 tie
113 3282 188 3369 ipsc
204 3289 404 3372 presumpta,
420 3301 517 3368 quam
533 3289 568 3350 ut
581 3281 615 3348 in
632 3281 775 3350 eiusdem
793 3282 1027 3350 Scardouensis
1038 3281 1185 3352 Ecclesia

61 3389 101 3456 ab
121 3407 161 3456 so
186 3393 307 3458 temam
325 3395 491 3475 occupate,
507 3397 752 3458 consecraretur
769 3388 976 3475 Episcopum,
994 3391 1188 3478 presumptis

62 3513 121 3563 one
131 3495 310 3562 temeraria
325 3495 544 3579 consentisse;
560 3494 724 3581 prelatum
741 3495 924 3563 Galacum
940 3495 1032 3564 iuxta
1050 3496 1187 3566 formans

62 3601 207 3692 mandati
217 3600 398 3691 Apostolici
407 3601 467 3668 tibi
476 3599 555 3694 letti
564 3601 606 3692 ab
616 3602 725 3670 edicio
736 3603 958 3688 beneficioque
973 3604 1185 3692 suspendens,

61 3707 167 3793 ipsum
186 3709 235 3778 sic
261 3727 451 3796 suspensum
468 3707 511 3776 ad
526 3707 642 3778 sedem
658 3711 880 3796 Apostolicam
898 3710 1047 3795 citavisti,
1063 3711 1186 3798 profixo

64 3816 124 3883 sibi
148 3825 236 3884 certo
251 3817 469 3903 peremptorio
497 3819 642 3906 termino,
659 3839 723 3903 quc
740 3839 848 3886 coram
865 3819 957 3888 nobis
974 3818 1190 3904 personaliter

65 3929 265 4009 compareret
274 3925 466 4010 promeritis
475 3931 678 4013 recepturus5
697 3932 730 3993 et
738 3925 967 3994 nichilominus
979 3925 1188 4010 prolixionem

66 4029 165 4117 ipsius
181 4032 310 4099 termini
320 4039 388 4098 tam
398 4033 432 4098 in
443 4030 670 4119 tnaladrensi,
686 4033 813 4120 prefato
831 4041 1040 4120 procuratore
1056 4053 1188 4120 proson-

67 4145 106 4224 te,
129 4141 227 4224 qnam
242 4139 277 4205 in
293 4145 348 4207 tue
364 4139 514 4208 Diocesis
531 4139 698 4222 Ecclesiis,
715 4159 786 4207 cnm
803 4142 971 4228 adipsum
1005 4142 1189 4211 Gelranum

67 4265 106 4312 cx
119 4246 206 4313 iusto
223 4249 309 4312 metu
325 4247 458 4314 nuntius
469 4246 590 4332 aliquis
606 4247 763 4315 accedere
778 4269 842 4314 non
859 4249 1004 4334 auderet,
1023 4249 1188 4335 publicari

69 4351 180 4440 iecisti,
205 4357 300 4439 prout
324 4352 383 4422 lneo
404 4353 514 4422 omnia
537 4355 727 4423 transmisse
741 4356 835 4424 nobis
851 4363 906 4423 tuo
921 4357 1029 4423 littere
1044 4355 1188 4422 contiue-

67 4459 153 4526 tant
176 4457 241 4527 Sed
266 4458 432 4548 predictus
457 4460 626 4531 Gulranue
642 4461 686 4530 sd
700 4460 918 4532 inobedientis
933 4463 1046 4531 vitium
1062 4483 1097 4531 se
1113 4483 1189 4529 cuu-

68 4571 202 4656 vertens,
212 4585 402 4652 comparere
412 4587 519 4637 coram
529 4567 623 4637 uobis
632 4569 838 4653 aliquatenus
856 4589 922 4638 non
939 4569 1075 4658 curavit,
1091 4569 1188 4638 etiam
