3118 5158
606 242 767 340 ja-

119 436 164 500 tis
180 409 292 499 nostre
309 432 484 500 karissime
500 432 624 500 Gemite
641 433 855 518 symigiensi,
873 432 1000 498 Dedalo
1017 432 1143 497 Oomite
1159 432 1253 498 Zala-

3 567 4 580 ¹
121 540 238 622 diensi,
266 539 417 606 Jolranne
433 537 555 605 Comite
572 539 806 624 supruniensi,
833 539 987 622 Gregorio
1009 535 1132 604 Gemite
1148 539 1254 604 Castri

118 647 252 734 Ferrei,
290 647 449 715 Michaele
475 647 599 715 Gemite
624 647 799 732 Nitriensi,
826 654 858 712 et
882 645 959 712 aliis
984 665 1080 729 quarn
1106 644 1254 731 pluribus

120 755 301 822 Comitatus
315 757 420 840 Regni
436 755 621 823 tenentibus
637 763 669 821 et
684 755 831 821 honores.

124 936 271 1000 (Eredetie‚
291 936 405 1001 melyrdl
427 952 445 987 a
456 935 550 1002 penset
572 941 660 996 rorte,
673 933 875 1000 feneres—sdrga
888 935 916 988 es
930 935 989 986 sold
1002 935 1127 987 esintron
1140 935 1216 1000 fdgg,
1237 950 1254 984 a

122 1027 211 1091 Rumy
225 1023 320 1077 esaltd
343 1023 540 1086 reverentem,
565 1023 698 1076 masolata
719 1041 737 1076 a
761 1040 874 1092 magyar
886 1026 1030 1080 aksdemia
1044 1023 1159 1077 herirati
1175 1025 1255 1092 gytlj·

591 1112 792 1182 temdnydben.)

668 1635 724 1702 37.

129 1832 185 1900 Ν.
210 1833 329 1898 mano
354 1801 463 1919 estorp
498 1833 618 1898 rutero
643 1835 674 1898 u
700 1833 814 1898 mazzo
844 1835 991 1900 rotante
1016 1834 1136 1901 rutro
1160 1859 1258 1901 como

120 1941 266 2022 finemve,
283 1937 507 2026 secession,
526 1943 635 2027 moyn
651 1941 769 2006 rosto
784 1941 896 2006 Merra
924 1943 1074 2026 otrotynt
1095 1943 1177 2008 near
1201 1945 1258 2009 oo

282 2050 471 2135 jogtolunol
487 2050 635 2114 eloettnek
651 2051 757 2131 moad,
781 2051 974 2137 omsmatip‘o.
1001 2055 1097 2117 1274.

239 2241 416 2311 Ladinlaus
447 2243 510 2310 Dei
540 2245 654 2329 grania
684 2245 872 2332 Hungarie,
900 2247 1087 2330 Dalmaeie,
1112 2247 1257 2328 Groneie,

128 2353 253 2437 Rame,
276 2352 410 2438 Sarnis,
434 2353 594 2436 Gallieie,
617 2353 827 2440 Lodomerie,
852 2355 1016 2438 Cumanis,
1042 2354 1259 2437 Bulgurieque

128 2459 202 2524 Rex
231 2461 380 2526 omnibns
400 2457 519 2527 Christi
546 2457 695 2557 fidelibus
723 2469 888 2546 presentes
913 2461 1039 2528 litteras
1063 2461 1261 2544 inspecturis

128 2567 272 2632 salutern
297 2568 330 2632 in
356 2569 496 2634 omnium
522 2569 694 2635 saluatore.
724 2569 814 2637 Lioet
837 2570 972 2653 Regalis
997 2572 1104 2655 pietas
1130 2589 1260 2633 manum

129 2675 318 2740 mnnifioam
343 2676 509 2760 porrigere
534 2677 651 2742 debeat
675 2679 846 2762 vnlnersis,
873 2679 948 2744 illos
972 2683 1080 2743 tamen
1098 2677 1259 2762 prinoipe-

128 2784 209 2849 liori
227 2782 325 2850 debet
339 2784 490 2868 prosequi
516 2803 649 2849 munere
665 2790 696 2849 et
711 2784 835 2866 fauore,
852 2803 988 2866 quorum
1004 2791 1138 2870 experta
1153 2784 1261 2869 probi-

129 2901 186 2956 tas
205 2889 408 2988 landataUest
430 2889 464 2954 in
480 2891 646 2974 prosperis
671 2897 704 2956 et
719 2889 878 2969 aduersis,
902 2898 936 2958 rt
951 2891 1008 2974 alij
1026 2912 1136 2958 eorurn
1152 2911 1259 2956 exem-

129 2997 198 3081 plis
215 2997 347 3062 inuitati
371 2993 414 3061 ad
429 2995 592 3063 fidelitatis
611 3018 711 3082 opera
730 2998 845 3065 foroius
866 3000 1094 3064 aooendantur.
1118 2999 1258 3066 Proinde

130 3107 177 3172 ad
193 3105 418 3171 vninersorum
443 3112 510 3171 tam
535 3104 738 3190 presencium
763 3126 861 3189 quam
887 3115 1089 3190 posterorum
1109 3104 1260 3172 noticiam

128 3213 253 3278 harum
279 3212 363 3280 serie
388 3213 536 3278 volumus
552 3213 730 3298 peruenire,
755 3213 840 3296 quod
868 3214 1070 3281 attendentes
1090 3212 1261 3279 fidelitates

129 3327 164 3385 et
180 3319 352 3385 meritoria
367 3320 532 3403 obsequia,
554 3339 611 3384 seu
629 3320 824 3405 multiplices
848 3321 1025 3386 famulatus
1043 3319 1192 3403 magistri
1205 3319 1261 3386 Ni-

129 3429 221 3495 eelai
239 3426 298 3510 filij
318 3415 453 3491 Comitis
470 3426 598 3491 Nieolai
620 3423 726 3492 fidelis
742 3427 854 3511 nostri,
872 3447 934 3510 que
950 3427 1082 3493 domino
1098 3425 1265 3512 Stephano

128 3533 262 3600 Illustri
278 3532 362 3614 Regi
378 3530 554 3615 Hungarie,
579 3532 664 3616 patri
681 3539 790 3597 nostro
817 3533 989 3598 karissimo
1010 3532 1097 3598 elane
1113 3534 1262 3600 reeorda-

130 3641 241 3709 eionis
269 3637 417 3704 exhibuit
432 3645 465 3703 et
479 3638 655 3724 impendit3
682 3640 759 3720 quia
778 3659 849 3705 eum
867 3641 1056 3706 Boemorum
1072 3640 1149 3720 Rex,
1175 3638 1264 3724 prius

129 3751 242 3835 patris
259 3747 372 3829 nostri,
390 3753 421 3811 et
436 3745 640 3830 postmodum
655 3753 764 3810 noster
780 3745 929 3812 inimicus
948 3747 1109 3831 ospitalis.
1127 3747 1268 3810 oonfinia

130 3856 244 3942 Regni
261 3854 365 3920 nostri
380 3853 420 3920 de
440 3860 533 3938 parte
548 3852 741 3920 Posoniensi
767 3854 901 3918 introire
925 3854 1012 3919 velle
1038 3853 1210 3936 diceretur,
1236 3859 1268 3916 et

129 3967 176 4031 ad
194 3963 232 4028 id
248 3958 415 4028 selendum
432 3967 465 4024 et
481 3957 654 4024 videndum
670 3959 776 4043 ipsum
802 3961 993 4042 Magistrum
1012 3959 1179 4023 Nicolaum
1195 3957 1267 4043 ipse

129 4075 359 4159 paternoster
384 4087 458 4132 eum
483 4067 678 4150 quibusdam
704 4065 856 4132 fidelibus
880 4067 1049 4132 iuuenibus
1065 4063 1188 4131 Domus
1210 4083 1268 4130 sue

129 4175 386 4258 transmisisset,
411 4174 497 4240 idern
513 4173 668 4256 Magister
684 4173 849 4260 Nioolaus,
864 4183 900 4240 ut
915 4174 1011 4240 solita
1027 4191 1084 4238 sue
1099 4170 1269 4236 fidelitatis

128 4303 243 4373 opera
277 4281 479 4347 laudabilius
504 4285 687 4362 exerceret,
713 4299 825 4345 casum
853 4280 964 4346 mortis
988 4299 1053 4345 non
1078 4275 1268 4356 formidans,

127 4397 231 4464 velut
247 4391 301 4457 leo
317 4387 498 4472 intrepidus
523 4387 557 4450 in
581 4385 721 4450 medium
747 4387 886 4469 astantis
912 4387 996 4454 aoiei
1015 4387 1140 4451 irruens
1158 4402 1269 4465 quem-

129 4505 218 4570 dam
238 4498 372 4563 militem
388 4495 491 4580 ipsius
507 4490 604 4575 Regis
619 4494 811 4588 Boemorum
831 4493 1019 4577 eaptiuauit.
1044 4494 1177 4575 Insuper
1194 4506 1266 4552 eum
