3124 5158
838 333 996 436 Q„

352 526 507 596 Mauricio
523 527 594 595 sine
612 527 692 598 iuris
711 527 892 614 preindioio
918 528 1020 597 alieni
1045 528 1287 616 possidendam.
1314 529 1455 597 Datnnir

352 636 518 704 Kamarun
535 641 649 719 quarto
664 634 719 704 die
734 637 846 704 Sancti
867 637 996 705 Nicolai
1011 637 1214 707 confessoris.

361 816 485 868 Eredetie
513 811 693 882 cornicata,
724 816 853 882 mslynek
884 815 979 871 hitirs
1004 825 1126 886 nyomott
1150 817 1271 886 pscsttie
1291 817 1451 882 elvesaatt‚r

656 905 740 956 bucini
761 905 812 956 kir.
837 907 961 959 leomansi
982 906 1176 975 levsltirban.)

810 1157 1021 1170 *—

822 1571 824 1574 -
881 1527 956 1598 188.

352 1729 382 1796 Α
407 1733 585 1818 koporrroloi
600 1731 792 1797 konoeatnelc
817 1731 1079 1817 bizonysdpleoele
1088 1781 1098 1812 ,
1123 1733 1206 1818 kopp
1225 1731 1352 1798 Farkae
1371 1739 1461 1833 mesto

353 1839 534 1905 Heoriknok
551 1839 603 1922 fio
629 1842 660 1905 έε
686 1841 792 1905 Dinon
807 1851 915 1905 mester
931 1841 1109 1936 Istodnnak
1116 1841 1169 1922 fia
1185 1839 1460 1926 ogyeaetieose'ptiket

581 1947 813 2032 hordiadposan
832 1948 1005 2012 etinrtzttt.
1031 1949 1128 2013 1279.
1146 1948 1250 2012 korttl.

321 2191 326 2204 .
459 2144 527 2210 Nos
552 2142 652 2208 frater
676 2143 706 2210 J.
733 2142 845 2209 Abbas
862 2149 895 2208 et
911 2143 1097 2209 conuentus
1114 2143 1155 2208 de
1171 2140 1349 2229 Copnrnuk
1363 2142 1463 2208 danus

351 2271 409 2339 pro
426 2249 598 2334 memoria,
622 2248 708 2334 quod
734 2249 890 2332 Magister
914 2249 1091 2317 Marcasins
1106 2249 1190 2317 filias
1206 2249 1339 2318 Henrici
1355 2253 1394 2317 ab
1409 2269 1465 2314 nna

352 2367 463 2445 parte,
487 2357 646 2442 Magister
670 2355 848 2443 Dyonisins
873 2356 959 2422 filius
985 2356 1031 2422 St.
1053 2377 1093 2422 ex
1113 2357 1237 2441 altera,
1261 2377 1371 2424 coram
1386 2355 1465 2423 nohis

350 2459 566 2551 personaliter
591 2463 756 2532 constituti
782 2462 922 2531 confessi
949 2471 1024 2530 sunt
1040 2484 1136 2550 super
1152 2463 1274 2553 duello,
1290 2464 1377 2549 quod
1391 2464 1465 2530 idem

351 2573 509 2655 Magister
539 2572 715 2639 Faroasius
744 2573 837 2638 iuxta
863 2571 1099 2640 continenciam
1127 2573 1309 2639 litterarum
1333 2569 1467 2656 Magistri

351 2678 512 2748 Joirannis
534 2678 591 2765 filij
618 2679 659 2744 Η.
687 2679 771 2745 Bani
797 2679 830 2745 in
856 2678 980 2746 octaris
1004 2679 1097 2747 Beati
1118 2673 1232 2748 Jacobi
1247 2678 1394 2766 Apostoli
1409 2697 1467 2764 pro

351 2786 438 2854 xime
463 2785 608 2855 venturis
632 2785 776 2853 habebat
795 2793 906 2852 contra
924 2786 1119 2871 Dyonisium
1137 2785 1355 2873 antedictum,
1378 2784 1466 2854 medi·

351 2893 482 2960 antibus
498 2893 606 2978 probis
622 2890 710 2980 viris,
730 2900 880 2960 reuocato
890 2891 962 2978 ipso
982 2893 1101 2979 duello,
1118 2894 1230 2960 taliter
1245 2895 1465 2974 concordasse;

351 2999 436 3084 quod
467 2998 551 3066 feria
575 3005 672 3067 sexta
696 3002 848 3085 proxima
873 3007 947 3084 post
974 2999 1154 3084 quindenas
1179 3003 1279 3069 Beato
1295 3002 1467 3085 Margarete

350 3107 486 3191 virginis
506 3106 592 3173 idem
613 3108 794 3194 Dyonisius
811 3107 909 3175 debet
925 3109 1003 3176 dare
1019 3116 1051 3176 et
1067 3110 1196 3176 soluere
1207 3107 1312 3176 cidem
1322 3109 1468 3192 Magistro

350 3215 506 3282 Faroasio
532 3235 628 3282 unam
655 3215 781 3300 peciam
807 3218 909 3302 panni
936 3217 978 3283 de
1003 3213 1148 3302 dorni(c)
1174 3236 1285 3282 coram
1306 3215 1415 3298 nobis;
1443 3218 1472 3278 ct

350 3324 455 3408 ipsam
473 3325 673 3390 solucionem
698 3344 761 3389 non
787 3341 859 3391 cum
884 3323 1013 3406 litteris·
1028 3323 1152 3410 Regis,
1191 3343 1252 3389 nec
1282 3323 1403 3407 Regine
1420 3327 1472 3386 aut

350 3431 513 3498 Baronum
538 3431 659 3516 poterit
686 3433 882 3516 prorogare,
908 3437 942 3497 nt
967 3431 1133 3498 assumsit.
1158 3431 1296 3515 Insuper
1322 3431 1424 3498 taliter
1440 3449 1473 3495 se

350 3535 535 3624 obligando,
561 3538 647 3619 qnod
673 3537 700 3604 si
720 3557 863 3621 pannum
879 3537 1148 3625 predictnmipso
1165 3535 1219 3606 die
1236 3545 1302 3606 non
1318 3534 1474 3606 errauerit

351 3645 449 3733 dare,
472 3650 529 3710 ant
552 3645 698 3731 soluere,
723 3652 888 3727 tamquam
914 3645 949 3712 in
969 3645 1078 3714 duello
1096 3646 1308 3713 succumbens
1323 3643 1474 3711 habeatnr

350 3753 477 3837 penitus
491 3771 550 3837 pro
568 3741 894 3839 conuicto;'in‹iioem
912 3739 1145 3841 antemiparte's
1161 3753 1339 3838 placabunt
1350 3753 1382 3819 in
1393 3771 1473 3818 com·

349 3858 448 3926 mnni.
472 3857 592 3926 Datum
612 3863 705 3924 sexta
720 3858 805 3930 feria
820 3859 969 3945 proxima
989 3865 1069 3926 'ante
1089 3858 1206 3927 festum
1220 3859 1325 3925 'Beato
1341 3857 1472 3944 virginis

349 3967 542 4050 Margarete.
794 3979 818 4038 ξ’.
941 3975 944 3980 ’
1098 4031 1102 4037 .
1289 3977 1293 3984 ’
1324 3977 1329 3984 ’
1378 3973 1383 4040 ’.

398 4117 402 4128 ·
455 4074 575 4143 Ktoot:
599 4075 662 4142 Pro
678 4074 838 4159 Dyonisio
856 4074 987 4144 filio'St.
1014 4075 1344 4162 contra'Ma'gistrum
1360 4074 1472 4140 Faroa·

349 4180 433 4249 sinm
459 4179 502 4248 sd
528 4188 655 4249 sextam
671 4181 789 4248 feriam
803 4182 987 4270 proximam
1001 4189 1077 4270 post
1094 4183 1330 4251 festum-Beate
1343 4176 1472 4263 virginis

349 4287 545 4373 Margarete.
1260 4318 1261 4325 κ

487 4445 624 4512 (Ersdotie
643 4444 815 4514 biirhrirtytm
835 4464 852 4499 a
865 4449 1012 4516 Kisfalndy
1027 4447 1121 4503 ceriti
1133 4447 1339 4515 leviitsiribsn.)
1380 4505 1383 4512 7
