3146 5166
272 1037 302 1105 A
312 1044 472 1127 pozscnyi
486 1039 712 1124 tcpmtauuat
726 1039 1004 1125 bizonyocpbvete,
1024 1039 1107 1124 kopp
1122 1038 1267 1105 Korcbcr'
1280 1039 1397 1105 deald

272 1149 499 1234 adponetjdoal
514 1144 743 1234 Aqlcntbtbcl,
760 1145 906 1212 Korcbui
925 1145 1056 1210 Sdndor
1071 1147 1258 1232 daceyydcel,
1274 1143 1396 1210 titbtrs

446 1257 478 1318 ds
484 1254 790 1340 jaqyajdnde'kaira
808 1258 899 1317 mcc
913 1253 1116 1338 cchzkedett.
1137 1253 1235 1316 1289.

379 1446 546 1515 Vniuersis
563 1445 684 1514 Christi
701 1445 851 1514 fidelibus
877 1453 1044 1531 presentes
1060 1449 1186 1515 litteras
1202 1446 1399 1531 inspecturis

272 1554 458 1641 Capitulum
474 1553 620 1622 Ecclesie
629 1553 839 1622 Poscnionsis
854 1554 994 1622 salutem
1009 1555 1042 1620 iu
1058 1554 1175 1622 salutis
1191 1557 1331 1622 auctore.
1344 1551 1399 1618 Ad

272 1663 492 1730 uniuersorum
509 1661 663 1728 noticiam
682 1667 795 1729 tenore
817 1662 1020 1747 presencium
1044 1664 1192 1729 volumus
1217 1659 1399 1745 peruenire,

271 1769 356 1854 quod
371 1767 539 1836 constituti
555 1789 663 1835 coram
687 1769 782 1836 nobis
807 1768 1025 1854 personaliter
1048 1768 1203 1834 Tolueius
1237 1766 1320 1834 iilius
1336 1765 1398 1832 ‘le

272 1895 339 1960 cus,
357 1881 390 1940 et
405 1873 471 1940 filia
502 1872 646 1940 ciusdem
665 1872 814 1957 Aglonth
839 1873 980 1958 nomine,
997 1873 1113 1940 relicta
1128 1872 1309 1939 Alexandri
1336 1870 1398 1956 illij

271 1983 362 2052 Sauli
377 1982 419 2048 de
434 1981 560 2050 Gorcba
576 2001 649 2049 cum
665 1980 791 2048 duabus
807 1979 985 2065 puruioulis
1003 1982 1133 2048 filiabus
1150 1981 1217 2048 suis
1227 1981 1410 2053 Elisabeth*

185 2169 188 2174 Δ
271 2096 304 2158 et
318 2093 504 2176 Margareta
518 2091 644 2157 vocatis
661 2089 703 2156 ab
720 2109 785 2157 una
801 2095 905 2175 parte,
923 2097 956 2156 et
981 2088 1157 2158 Ladizlaus
1183 2090 1270 2157 iilius
1295 2092 1395 2161 Sauli

270 2199 368 2266 irater
383 2197 520 2284 predicti
536 2197 713 2265 Alexandri
738 2217 796 2282 pro
813 2210 849 2265 s'e
864 2204 896 2265 et
920 2217 980 2284 pro
1006 2197 1082 2282 blijs
1107 2197 1178 2265 suis
1205 2198 1336 2267 Obelleo
1366 2207 1402 2268 et

269 2303 417 2374 Jcbanne
432 2306 474 2372 ab
488 2305 604 2387 altera,
620 2312 697 2372 sunt
711 2304 853 2373 confessi
869 2303 946 2372 uiua
971 2325 1052 2372 uoce
1061 2357 1070 2390 ,
1095 2304 1181 2390 quod
1204 2308 1283 2374 licet
1305 2315 1402 2376 mota

270 2413 369 2482 fuerit
384 2412 522 2480 materia
537 2412 718 2497 questionis
734 2413 817 2480 inter
833 2412 922 2498 ipsos
935 2431 1034 2497 super
1049 2411 1124 2479 dote
1140 2419 1171 2480 et
1187 2413 1282 2482 rebus
1298 2435 1401 2501 para·

270 2519 452 2589 tarnalibus
469 2520 614 2606 predicte
630 2520 761 2587 domine
776 2519 931 2607 siglouth,
947 2525 980 2588 et
994 2525 1111 2603 quarta
1131 2527 1226 2604 parte
1242 2529 1402 2607 paterna-

269 2649 341 2698 rum
355 2627 598 2714 possessiouum
608 2626 771 2714 predictas
781 2627 867 2694 filias
877 2626 1023 2694 eiusdem
1033 2625 1161 2694 domiue
1177 2629 1402 2716 contingente,

269 2738 380 2821 sicque
395 2736 451 2804 diu
467 2734 578 2804 ordine
593 2733 763 2803 iudiciario
778 2735 929 2802 altercati
945 2733 1102 2818 luissent5
1118 2732 1251 2801 tandem
1267 2735 1403 2805 adulti·

271 2863 358 2911 mum
368 2843 585 2912 mediantibus
596 2841 708 2928 probis
718 2842 799 2911 viris
809 2842 919 2909 taliter
929 2841 1200 2909 concordassent:
1211 2842 1297 2926 quod
1308 2842 1402 2914 idern

270 2951 448 3020 tabulam
466 2971 524 3037 pro
540 2948 614 3018 dote
631 2959 663 3018 et
678 2950 846 3034 dotaliciJs
860 2969 901 3017 ac
916 2947 1012 3016 rebus
1029 2947 1295 3034 paraisrnalibus
1321 2971 1400 3037 pra·

269 3059 354 3126 dicte
370 3057 508 3144 domine,
526 3063 559 3124 et
574 3063 688 3142 quarta
705 3061 796 3142 parte
811 3054 952 3125 tiliarum
968 3053 1113 3123 eiusdem
1123 3054 1258 3124 deberet
1266 3059 1404 3128 soluere

270 3185 328 3234 sex
343 3185 491 3247 marcas;
508 3183 590 3248 quas
606 3163 736 3248 quidem
754 3181 812 3231 seu
827 3181 956 3229 mareas
966 3161 1067 3246 ijdem
1077 3161 1242 3250 Tolueius,
1259 3163 1401 3233 domina

267 3273 412 3357 Aglontb
427 3271 496 3338 filia
524 3291 595 3353 sun,
611 3291 670 3357 pro
693 3289 729 3338 se
745 3277 777 3338 et
794 3291 852 3354 pro
868 3268 994 3338 duabus
1011 3269 1139 3337 filiabus
1164 3270 1232 3338 suis
1246 3273 1398 3356 supradi-

269 3379 329 3447 ctis
346 3379 484 3448 confessi
500 3387 576 3448 suut
594 3379 636 3447 ab
646 3379 719 3464 ipso
734 3378 890 3446 Ladiulac
904 3399 940 3446 so
949 3377 1114 3463 recepisse
1129 3377 1275 3463 plenarie
1290 3386 1323 3445 et
1338 3381 1402 3447 ba·

165 3511 167 3515 ’
268 3487 363 3574 bere;
379 3494 411 3554 et
425 3489 473 3556 sic
489 3488 595 3574 ipsum
610 3487 801 3554 Ladiulaum
817 3491 850 3554 et
865 3485 949 3552 lilios
975 3505 1050 3553 sucs
1077 3483 1246 3552 Obellcum
1274 3493 1307 3554 et
1338 3488 1401 3555 Jo-

268 3593 407 3662 banuem
424 3596 466 3661 de
482 3593 557 3661 dote
572 3601 604 3660 ct
619 3591 784 3679 dotalicijs
798 3613 838 3661 ac
853 3593 951 3659 rebus
966 3589 1226 3676 paralarnelibus
1250 3588 1402 3676 predicte

269 3700 408 3787 domine,
426 3705 458 3768 et
472 3706 589 3783 quarta
605 3706 698 3786 parte
712 3699 852 3767 filiarum
883 3697 1028 3766 eiusdem
1057 3698 1129 3782 ipse
1159 3699 1332 3765 'l'oluerius
1368 3707 1404 3767 et

267 3809 413 3898 predicta
428 3807 560 3876 domina
574 3807 699 3892 Aglont
713 3806 925 3874 reddiderunt
939 3805 973 3870 in
989 3805 1090 3872 nostri
1108 3807 1279 3890 presencia
1303 3808 1400 3891 poni-

268 3925 320 3984 tus
337 3913 524 4002 expeditum
541 3913 726 3998 obligantes
758 3933 794 3980 se
816 3913 902 3997 quod
927 3912 1112 3997 quicunque
1135 3930 1292 3996 processu
1317 3919 1401 3980 tern-

267 4044 381 4112 porum
397 4025 504 4110 ipsum
521 4020 711 4088 Ladialaum
726 4027 783 4086 aut
806 4020 891 4086 filios
908 4039 983 4086 suos
999 4009 1160 4105 predicios
1175 4017 1347 4086 Obellenm
1366 4029 1402 4088 et

267 4130 450 4201 Jcbsnnem
466 4130 599 4198 racione
615 4129 701 4196 dotis
718 4135 750 4196 et
763 4149 868 4195 rerum
885 4126 1146 4214 paralarnalium
1171 4124 1398 4210 predictarum

268 4257 309 4307 ac
324 4245 441 4324 quarta
455 4245 549 4324 parte
565 4237 706 4306 noluerit
720 4237 865 4323 inpetere
892 4237 944 4303 uel
968 4254 1109 4318 uexare;
1136 4239 1253 4300 extunc
1279 4231 1401 4302 eadem

269 4345 401 4414 domina
416 4353 447 4413 et
463 4345 626 4432 predictus
652 4341 824 4411 Toluerius
854 4341 1047 4408 tenebuntur
1064 4360 1118 4406 eos
1145 4339 1298 4425 expedire
1322 4361 1402 4426 pro-

270 4453 351 4538 prijs
367 4451 534 4520 laboribus
551 4458 583 4518 et
600 4451 761 4538 expensis.
773 4451 812 4518 ln
828 4451 920 4518 ouius
939 4449 986 4519 rei
1012 4448 1200 4516 memoriam
1225 4454 1400 4533 presentes
