3080 5160
580 345 734 448 ,oae-

101 543 192 633 dam;
219 549 252 614 et
275 544 381 634 ipsum
406 545 450 614 sd
465 544 595 632 plenem
611 543 772 633 recepisse
787 545 957 633 pecuniam
974 543 1016 611 nb
1032 541 1153 612 eisdem
1168 561 1216 612 re·
1267 545 1269 550 '

102 656 248 724 eitarnnt.
273 656 315 722 Et
338 655 398 724 hoc
419 655 618 743 interposito,
644 653 783 742 quodsi
808 656 877 722 ullo
903 675 1053 740 umquam
1074 661 1217 738 tempore

99 764 228 834 racione
252 765 377 850 pretate
400 773 486 834 terre
499 784 558 851 per
578 765 759 852 quempiam
775 767 913 831 materia
929 764 1064 832 oriretur
1080 761 1217 846 questio·

98 873 166 958 nis;
191 873 278 941 idem
304 874 418 940 Comes
438 872 617 940 Corrardus
634 893 706 940 cnm
722 873 801 958 fitijs
817 873 884 940 suis
901 881 934 940 et
950 873 1019 940 suis
1036 868 1215 954 heredibus,

97 978 312 1064 heredumque
327 980 566 1048 successoribus
583 975 735 1064 expedire
751 985 937 1046 tenerentur
960 977 1102 1064 proprijs
1126 979 1215 1047 labo·

96 1087 181 1154 ribus
196 1093 230 1154 et
244 1086 407 1170 expensis.
424 1085 556 1154 Preiate
573 1085 683 1169 itaque
707 1085 892 1154 uendicioni
918 1094 950 1154 et
974 1085 1133 1174 empcioni
1157 1087 1217 1154 Pe·

96 1201 172 1280 trus,
200 1195 389 1279 Gregorius,
410 1194 590 1262 Anthemius
608 1201 641 1260 et
656 1194 744 1278 Saap
760 1195 885 1262 nobiles
901 1194 942 1261 de
957 1215 1077 1279 genere
1092 1195 1166 1280 Ber,
1184 1203 1216 1262 et

97 1302 310 1370 Wenccnoius
335 1302 375 1368 de
400 1303 534 1388 Meroth,
559 1323 598 1368 ao
622 1302 782 1370 Martinus
808 1303 895 1370 filius
918 1302 1026 1390 Egidij
1045 1303 1216 1371 decadem

95 1411 223 1478 nomine
246 1411 458 1480 commetnnei
482 1411 713 1498 comparando,
740 1431 930 1480 consensum
955 1414 1153 1498 prebuerunt
1184 1417 1217 1476 et

95 1539 272 1588 assensum.
299 1519 338 1587 In
363 1520 454 1588 cuius
481 1539 539 1606 roy
565 1523 751 1588 memoriam
777 1527 944 1610 presentes
964 1522 1007 1588 ad
1022 1522 1215 1607 peticionem

96 1627 229 1695 Comitis
245 1627 396 1696 (tetrardi
412 1635 445 1696 ot
460 1628 597 1695 tiliorum
623 1648 761 1714 suorum,
779 1627 903 1714 nosne,
922 1629 1074 1696 Damiani
1092 1636 1123 1696 et
1139 1632 1215 1716 alijs

97 1734 246 1802 dedimus
270 1734 397 1802 litteras
421 1734 522 1820 sigilli
549 1736 651 1802 nostri
686 1736 859 1804 munimine
884 1737 1062 1804 roboratas.
1094 1736 1214 1804 Datum

95 1865 182 1912 anne
196 1843 329 1916 Domini
344 1845 388 1912 Μο
403 1845 467 1912 00⁰
483 1844 679 1929 octogesimo
695 1845 806 1930 primo.

93 2059 234 2131 (Eredotie
247 2059 418 2129 bdrhtrtydm
430 2075 448 2112 a
467 2061 527 2114 ndld
549 2061 775 2127 seiyemnsindron
799 2061 907 2131 tuggon
928 2060 1020 2131 peosdt
1040 2063 1216 2131 elvennett3s

411 2153 495 2206 buoni
508 2153 557 2206 kir.
571 2153 692 2205 kamurni
706 2152 898 2224 leudinum.)

549 2461 760 2476 m„

90 3145 123 3216 A
150 3151 250 3236 eriphi
273 3149 469 3218 konnentnek
483 3151 754 3236 dizonyadplecelo,
772 3150 856 3236 hopy
872 3149 1024 3216 Paldstac‘
1038 3147 1153 3216 Attene
1167 3171 1216 3214 ro

145 3261 232 3326 koua
247 3257 436 3340 Germanus,
454 3261 539 3325 Loca
546 3261 666 3342 fiducie
682 3261 869 3345 meqdlotdae't
885 3259 1172 3348 drtiltdefdldjenelo

383 3371 609 3456 dtmyede'adved
627 3368 814 3456 ecpeeztolte.
833 3371 929 3435 1281.

202 3586 270 3653 Nos
286 3585 470 3670 Ladynlaus
485 3586 672 3670 Propositus
688 3592 719 3650 et
736 3586 919 3652 Conuentus
935 3587 1070 3652 fratrum
1086 3584 1235 3654 Ordinis·

86 3689 437 3761 Premenstratensium
449 3689 488 3760 de
499 3693 588 3777 Saag
614 3693 765 3761 memorie
780 3694 1040 3762 commendantes
1056 3695 1215 3778 significa·

88 3823 163 3868 mus
179 3795 350 3879 universis,
367 3801 538 3885 quodcum
553 3801 678 3868 Albeus
695 3801 781 3868 filius
797 3801 933 3869 Iwanka
949 3800 988 3866 de
1000 3803 1132 3869 Palasth
1146 3793 1217 3870 cnm

87 3909 288 3994 quibusdam
315 3909 383 3978 suis
403 3910 624 3996 complicibus,
641 3907 773 3976 humani
790 3911 918 3994 generis
935 3911 1125 3977 insidiatore
1141 3925 1214 3978 sva·

87 4017 202 4099 dente,
229 4019 426 4085 Germanum
452 4017 553 4084 filium
570 4019 670 4084 Lewa
686 4019 727 4084 dc
755 4017 867 4084 eadem
894 4018 1137 4100 interfecissent,
1163 4021 1216 4086 hio

87 4127 181 4192 idem
198 4126 321 4194 Albaue
337 4147 396 4212 pro
411 4125 517 4212 seipso
534 4147 573 4194 ao
590 4126 799 4212 expedicione
814 4147 875 4194 sua
890 4127 931 4195 de
946 4133 1049 4194 morte
1059 4129 1215 4194 Germani

87 4233 232 4320 predicti
258 4253 373 4301 nonem
398 4255 525 4303 marcae
544 4235 673 4320 argenti
688 4237 781 4302 iuxta
797 4235 965 4303 arbitrium
981 4237 1124 4304 virorum
1140 4258 1213 4324 pro·

86 4343 205 4410 berum
228 4344 326 4411 Larua
341 4340 536 4430 supradicto,
554 4344 713 4430 Dyonisio
741 4343 880 4429 Gorgen,
898 4343 1012 4410 Doneh
1028 4352 1060 4410 et
1075 4346 1210 4430 Pethke,

89 4451 171 4534 fitijs
187 4451 256 4518 suis
271 4471 380 4518 coram
394 4451 487 4520 nobis
504 4453 630 4520 soluere
642 4451 829 4538 debuisset;
851 4453 1031 4539 sepedictus
1048 4451 1168 4520 Albeue
1185 4455 1218 4519 in

86 4560 195 4628 nostri
225 4561 396 4646 presencia
427 4559 526 4628 soluit
557 4569 694 4646 quatuor
724 4581 851 4628 marcas
890 4562 997 4628 minus
1027 4560 1152 4630 fertone
1182 4562 1217 4630 in

85 4677 241 4762 prompta
256 4666 394 4761 pecunia
409 4668 509 4743 Lena
525 4676 558 4745 ot
573 4671 650 4763 filijs
668 4669 809 4754 eiusdem
826 4669 1039 4764 supradictis5
1056 4667 1218 4746 residuum
