3138 5164
827 313 986 417 Ab.

346 511 445 578 cedas
471 512 564 580 iuxta
589 509 806 597 predictarum
839 509 985 578 eiusdem
1005 509 1246 597 predecessoris
1271 513 1367 581 nostri
1389 533 1456 579 con·

339 618 510 686 tinentiam
534 618 726 684 litterarum.
751 618 872 683 Datum
888 618 990 684 Rome
1022 617 1109 702 apud
1125 617 1279 686 Sanctam
1308 619 1452 686 Sabinam

341 725 379 791 V.
395 724 470 792 idus
486 725 594 792 hiartii
612 724 822 793 Pontificatus
838 731 949 793 nostre
972 745 1061 792 anuo
1078 725 1192 811 primo.

343 923 471 988 (Theiucr
483 905 611 989 dgostom
624 921 724 975 Vetera
735 923 912 976 Monumentu
924 923 1067 976 Slarorum
1095 923 1315 975 Meridionslium
1328 922 1456 975 historiam

700 1013 869 1064 illustrantia
887 1012 911 1062 1.
920 1012 976 1064 hot.
999 1013 1057 1064 103.
1072 1012 1102 1079 l.)

796 1297 1009 1308 ..ψ-...κ

867 1725 942 1796 318.

339 1927 493 1992 Lodomdr
507 1925 694 2010 eraterpomc'
706 1926 793 1991 drach
807 1949 829 1988 a
852 1922 977 1990 Vuaeeu
996 1927 1084 1992 areale
1108 1927 1191 1991 altat
1208 1949 1248 1990 az
1275 1925 1453 2010 eaaterpcrui
1537 1889 1538 1896 ἵ

338 2035 547 2120 templomhun
557 2035 714 2118 alapitott
726 2034 824 2098 oltcirt
834 2055 873 2100 oz
883 2034 987 2098 ottoni
997 2034 1304 2121 b'rkooonoltsdqhoz
1314 2035 1453 2117 molo'ju.

858 2143 958 2206 1286.

445 2335 656 2405 hodomerius
686 2335 808 2405 Diuinn
839 2337 1052 2406 miseracione
1086 2335 1207 2404 Sancte
1233 2333 1451 2420 strigoniensis

337 2443 485 2512 Ecclesie
500 2443 783 2532 Archiepiscopus‚
810 2444 1020 2529 eiusdemque
1043 2444 1107 2511 loci
1133 2444 1247 2512 Comes
1274 2443 1451 2530 Perpetuus,

338 2549 498 2620 vnioerris
523 2551 642 2620 Christi
674 2552 822 2620 fidelibus
846 2559 1014 2640 presentes
1039 2553 1166 2619 litteras
1191 2551 1383 2637 inspecturis
1408 2570 1452 2616 sa·
1536 2565 1538 2572 ⁴

337 2659 438 2726 lutam
469 2659 504 2725 in
519 2665 629 2725 actore
648 2659 774 2727 salutis
804 2659 863 2726 Pie
888 2661 1006 2740 mentis
1031 2658 1252 2745 applectanda
1277 2659 1407 2725 deuouio
1422 2673 1453 2720 eo

337 2773 388 2832 est
417 2765 590 2849 benignius
622 2768 864 2856 prosequenda,
897 2786 961 2850 quo
986 2766 1145 2835 sancciori
1170 2765 1334 2851 proposito
1364 2765 1453 2830 talen·

338 2880 405 2939 tom
432 2895 453 2941 a
478 2873 621 2940 Domino
636 2875 858 2960 temporaliter
874 2881 1044 2960 acceptum
1060 2873 1093 2940 in
1113 2873 1227 2941 salutis
1252 2873 1453 2939 ministerium

336 3001 394 3066 pro
435 2981 615 3049 animamm
646 2981 790 3050 remedio
831 2982 1093 3066 commendatur,
1131 2987 1167 3046 ut
1202 2979 1359 3048 beneficio
1388 2987 1453 3045 tem

336 3089 444 3173 porali
483 3087 518 3153 in
558 3089 748 3175 spirituales
788 3109 865 3158 usus
908 3095 1098 3174 assumpto,
1139 3088 1280 3155 resoluto
1320 3104 1453 3173 corpore,

335 3196 497 3263 nutriatur
512 3197 641 3284 anima,
674 3195 827 3264 fomentis
851 3195 1077 3283 spiritualibus
1094 3194 1244 3264 delinita.
1275 3194 1402 3261 Dudum
1417 3193 1453 3259 si·

336 3300 468 3384 quidem
510 3303 707 3371 venerabilis
747 3310 841 3390 pater
869 3303 1055 3390 Stephanus
1096 3302 1276 3388 Episcopus
1306 3299 1454 3368 Preucsti·

334 3428 417 3495 uus,
442 3417 520 3477 tunc
549 3410 821 3499 Archiepiscopus
847 3412 966 3479 Sancte
992 3409 1223 3495 strigoniensis
1254 3409 1399 3476 Ecclesia
1418 3405 1454 3472 fe

333 3514 413 3583 licis.
437 3517 675 3586 recordacionis
705 3539 765 3605 pro
804 3518 950 3586 remedio
974 3517 1082 3584 anime
1120 3516 1302 3602 patrissui
1332 3514 1454 3582 comitis

334 3621 477 3711 Vrbaaij,
493 3624 585 3692 cuius
610 3643 731 3711 eorpus.
759 3626 846 3694 intra
875 3625 1033 3714 porticum
1067 3623 1205 3694 ecclesie
1231 3621 1454 3708 Strigoniensis

334 3729 488 3797 traditum
504 3733 613 3800 extitit
628 3735 801 3822 sepulture,
819 3735 905 3802 intra
930 3733 1130 3820 campanilia
1155 3751 1257 3820 supra
1283 3731 1404 3798 unllam
1427 3728 1455 3792 iu

333 3836 454 3907 honore
470 3841 570 3910 Beate
585 3841 684 3910 Lucio
700 3842 839 3926 uirginis
855 3842 998 3911 construi
1014 3842 1093 3910 lecit
1108 3842 1225 3925 altare,
1241 3839 1325 3906 illud
1351 3837 1450 3924 ponti·

337 3947 425 4016 henli
449 3949 629 4018 ministerio
654 3950 847 4039 dedicando,
862 3951 993 4020 collatis
1009 3949 1053 4018 ad
1078 3945 1294 4016 ministerium
1319 3945 1454 4013 eiusdem

332 4055 447 4124 aitaris
479 4064 512 4124 et
536 4057 733 4142 stipendium
758 4059 932 4145 presbiteri
957 4055 1189 4145 ministrantis,
1227 4075 1287 4141 pro
1320 4053 1455 4122 remedio

335 4161 442 4230 anime
465 4165 644 4252 patrissui,
671 4165 799 4234 duabus
824 4167 938 4253 vineis,
962 4167 1049 4233 intra
1074 4162 1268 4234 territorium
1295 4166 1456 4230 vinearum

334 4269 377 4337 de
391 4269 558 4360 Striginio,
574 4281 606 4340 et
620 4280 710 4342 terra
725 4273 852 4342 Vrkuta
883 4281 1003 4342 uocata
1017 4270 1104 4360 (igy)
1120 4291 1221 4358 prope
1251 4267 1455 4351 Strigonium,

333 4397 405 4445 cum
421 4378 569 4447 omuibus
584 4379 778 4449 utilitatibus
793 4381 871 4468 suis,
887 4382 982 4468 silua,
999 4379 1109 4448 senato
1135 4385 1168 4445 et
1192 4377 1312 4444 ceteris
1336 4393 1451 4460 appen-

335 4485 442 4573 dioijs,
458 4487 541 4555 sicot
557 4489 592 4555 in
607 4487 709 4575 ipsius
724 4490 896 4575 priuilegio
913 4488 1035 4557 exinde
1051 4485 1197 4558 conlecto
1213 4482 1341 4570 plenius
1360 4481 1453 4548 conti·

335 4598 448 4678 netur;
465 4601 502 4660 ut
516 4593 549 4659 in
564 4593 697 4662 leudem
713 4596 774 4662 Dei
790 4605 824 4666 ct
839 4597 976 4667 salutem
992 4597 1100 4664 anime
1116 4593 1219 4678 patris
1234 4591 1284 4660 sui
1294 4589 1328 4656 in
1345 4587 1454 4656 eodem
