3124 5158
574 323 733 425 Q

102 521 210 586 rtttem
234 515 368 604 Regiam
392 517 446 587 uel
470 517 660 606 Reginalem
683 517 837 606 expedire
861 537 925 585 non
949 521 1105 606 tenentur,
1123 518 1209 586 sicut

102 625 201 694 extitit
215 628 300 697 inter
322 636 433 716 partes
458 627 650 695 ordinatum.
667 629 750 695 Mete
766 633 872 694 autem
889 625 1032 694 eiusdem
1048 633 1130 694 terre
1140 628 1207 694 Mu-

100 755 201 822 uuros,
232 743 328 822 prout
356 739 389 803 in
420 736 593 821 priuilegio
625 733 753 802 domine
784 735 909 818 Regino
935 734 1038 802 Marie
1066 734 1208 821 predicto

100 843 304 933 inspeximus,
321 845 383 912 hoc
398 844 511 911 ordine
527 843 752 928 distinguntur,
768 841 854 927 quod
870 842 974 928 prima
988 843 1117 909 illarum
1132 845 1209 912 inei·

98 951 140 1036 pit
154 952 196 1019 ab
212 953 338 1020 oriente
352 953 444 1018 iuxta
459 957 578 1018 terram
594 952 671 1017 ville
687 952 786 1037 Tach,
804 955 835 1018 et
850 950 942 1016 iuxta
957 950 1049 1016 illam
1062 970 1133 1017 oum
1144 973 1209 1019 cer-

95 1059 132 1125 tis
156 1061 251 1127 metis
276 1059 417 1144 antiquis
441 1059 545 1127 tendit
570 1079 682 1126 uersus
707 1058 874 1125 meridiem
900 1079 1002 1143 usque
1027 1060 1070 1125 ad
1085 1066 1203 1128 terram

95 1169 225 1254 Epseeu,
250 1168 306 1235 ubi
336 1175 410 1235 sunt
435 1169 498 1234 due
524 1175 607 1234 mete
636 1170 830 1252 angulares,
866 1165 942 1233 inde
967 1165 1205 1234 iuxtaterram

96 1277 215 1360 Epoceu
244 1275 346 1358 tendit
369 1298 390 1343 a
414 1283 508 1361 parte
545 1275 747 1343 meridionali
779 1293 851 1341 cum
886 1277 981 1342 metis
1004 1275 1206 1359 interpositis

93 1401 191 1466 usque
215 1383 259 1449 ad
285 1389 402 1450 terram
417 1385 532 1471 Beroe,
549 1383 639 1450 iuxta
654 1403 751 1468 quam
767 1380 969 1468 procedendo
991 1403 1105 1450 uersus
1123 1385 1205 1450 occi·

93 1489 215 1557 dentem
241 1488 442 1574 contignatur
467 1496 551 1557 terre
568 1491 638 1572 Pel,
655 1488 746 1556 uadit
761 1507 873 1554 uersus
889 1489 1147 1574 septemtrionem
1165 1489 1207 1558 ad

91 1597 250 1682 quandam
281 1596 387 1685 uiam,
420 1606 452 1663 et
483 1599 572 1663 illam
604 1594 801 1663 transeundo
832 1597 980 1681 peruenit
1011 1595 1054 1662 ad
1083 1601 1205 1664 terram

92 1705 231 1792 Boyach,
258 1705 313 1772 ubi
339 1713 412 1772 sunt
438 1713 503 1770 tres
525 1711 609 1771 mete
625 1705 809 1790 angulares,
827 1709 858 1768 et
874 1703 966 1770 iuxta
980 1703 1070 1770 illam
1087 1711 1205 1772 terram

92 1813 218 1899 Boyoch
243 1831 314 1879 cnm
338 1811 434 1880 certis
460 1815 552 1880 metis
578 1812 778 1896 interpositis
805 1811 1097 1894 aseptemtrionali
1115 1821 1206 1898 parte

94 1921 259 1990 descendit
273 1921 390 1988 iterum
406 1921 449 1988 ad
466 1921 619 1987 orientem
636 1941 735 2004 usque
752 1919 793 1984 ad
810 1924 929 1985 terram
946 1919 1047 2006 Tach,
1064 1921 1117 1988 ubi
1133 1923 1206 2006 ipsa

91 2037 175 2098 terra
200 2031 352 2098 Munurcs
377 2051 399 2098 a
422 2035 507 2096 terra
534 2029 648 2096 Thach
673 2049 736 2094 non
764 2049 820 2114 per
835 2036 939 2095 metas
956 2037 1131 2117 separatur,
1147 2031 1205 2096 sed

92 2157 147 2222 per
172 2138 334 2223 quendam
361 2138 505 2225 limitem,
531 2139 585 2220 qni
609 2137 785 2222 uulgariter
809 2160 890 2225 τηεμ
916 2145 1061 2223 uocatur,
1087 2145 1204 2204 etcum

90 2247 160 2331 ipsc
177 2245 277 2312 limite
293 2247 377 2312 redit
392 2245 434 2312 ad
449 2248 587 2332 priorem
602 2253 730 2333 metam,
748 2252 781 2312 et
796 2245 844 2311 sic
869 2245 1069 2312 terminatur.
1095 2247 1204 2314 Aliam

91 2375 166 2422 uero
191 2362 311 2422 terram
336 2357 562 2440 supradictam,
581 2373 644 2437 que
661 2353 806 2421 Munkad
821 2361 966 2436 uocatur,
984 2354 1097 2422 Comes
1113 2356 1205 2423 Nico·

90 2465 170 2550 laus,
189 2483 262 2530 cum
279 2464 426 2530 omnibus
442 2463 635 2530 utilitatibus
661 2469 692 2529 et
709 2461 917 2549 pertineunijs
934 2464 1011 2551 suis,
1028 2463 1158 2549 reliquit
1174 2473 1206 2532 et

91 2573 248 2641 noncessit
273 2570 388 2639 Comiti
416 2571 592 2639 Benedicto
613 2579 644 2638 et
660 2571 761 2656 ipsius
777 2571 951 2639 heredibus
968 2573 1116 2640 similiter
1131 2595 1204 2660 pcr-

89 2687 184 2764 petuo
209 2677 459 2764 possidendam;
485 2679 569 2745 hanc
594 2675 812 2745 condicionem
829 2685 993 2765 etpenam
1009 2701 1157 2768 superse
1173 2690 1205 2750 et

89 2805 162 2853 snos
179 2785 316 2854 heredes
332 2789 591 2873 assumpmcndo,
609 2787 696 2873 quod
712 2789 740 2854 si
756 2787 827 2873 ipsc
843 2791 895 2855 uel
912 2789 961 2854 sui
978 2790 1037 2873 lilij
1050 2791 1203 2858 Comitem

89 2891 297 2960 Benedictum
313 2901 371 2961 cut
386 2895 455 2961 etus
472 2895 553 2960 filios
570 2915 590 2959 a
606 2894 700 2961 modo
716 2895 785 2961 ullo
797 2914 947 2980 umquam
958 2901 1098 2982 tempore
1108 2919 1205 2986 super

89 3001 236 3085 predicta
260 3008 347 3069 terra
371 3003 517 3068 Munkad
543 3003 744 3089 impeterent,
761 3003 814 3070 uel
830 3005 1035 3088 aliquatenus
1051 3007 1200 3074 molesta·

88 3118 159 3176 rent
174 3116 323 3196 pretextu
340 3112 411 3178 siue
426 3113 617 3178 auctoritate
633 3109 769 3195 predicti
785 3112 946 3199 priuilegij
965 3113 1085 3179 domini
1097 3114 1203 3198 Regis,

89 3217 172 3299 qnod
197 3217 270 3304 ipse
296 3218 409 3284 Comes
436 3219 613 3286 Nicholaus
629 3239 725 3304 super
741 3219 916 3286 collacione
931 3220 1086 3286 dicturum
1103 3228 1202 3287 terra·

88 3347 155 3393 rum
181 3325 244 3394 sibi
270 3316 466 3394 concessum¹
482 3328 583 3394 fuisse
608 3329 733 3406 asserit,
752 3335 788 3392 ut
804 3328 992 3414 promissum
1011 3336 1067 3414 est,
1085 3335 1203 3396 extunc

91 3441 210 3502 terram
225 3435 377 3502 lllunoros
395 3455 478 3501 nunc
495 3436 541 3500 eis
558 3435 704 3500 relictam
723 3433 873 3502 amittant
888 3435 958 3521 ipso
974 3437 1113 3520 factust
1130 3439 1203 3521 ipsa

88 3549 172 3610 terra
197 3539 239 3608 ad
265 3541 418 3610 Comitem
446 3542 652 3608 Benedictum
681 3551 713 3608 et
738 3563 812 3610 suos
841 3543 921 3610 filios
939 3545 1009 3611 siue
1025 3544 1203 3612 dificultate

89 3649 234 3734 qnalibet
248 3645 452 3734 reuoluatur3
471 3655 556 3715 terre
571 3649 717 3715 Mnnkad
734 3648 959 3718 nichilominus
970 3651 1056 3737 apud
1067 3652 1201 3718 eundem

89 3755 242 3825 Comitem
258 3755 469 3822 Benedictum
487 3763 519 3822 et
528 3777 603 3823 suos
614 3755 698 3822 filios
710 3757 843 3841 pacifico
852 3767 1046 3825 remanente.
1064 3761 1099 3824 Iu
1112 3761 1202 3827 cuius

87 3865 133 3930 rei
147 3865 368 3932 testimoninm
384 3864 426 3930 ad
442 3864 634 3950 peticionem
652 3864 797 3948 parcium
810 3873 975 3949 presentes
988 3871 1203 3934 concessimus

86 3971 208 4042 litteras
233 3971 333 4056 sigilli
351 3973 452 4040 nostri
478 3973 652 4038 munimine
679 3975 858 4040 roboratas.
875 3972 992 4038 Datum
1012 3993 1200 4058 permanes

86 4080 233 4166 Magistri
257 4080 339 4148 sixti
363 4079 511 4147 Ecclesie
536 4087 644 4145 nostro
671 4081 813 4148 Lectoris
831 4101 915 4146 anno
933 4083 1061 4146 Domini
1077 4083 1122 4148 Μο
1139 4085 1202 4152 CC⁰

88 4187 223 4257 nm
238 4189 342 4275 primo
358 4189 391 4254 in
408 4186 552 4254 calendis
569 4188 660 4271 Julij.

298 4335 326 4400 Α
516 4333 542 4398 Β
739 4333 763 4399 C
959 4333 988 4397 D

89 4493 225 4563 (Erodetic
239 4493 413 4564 blirhltrtydm
436 4497 547 4564 melyrlil
568 4497 720 4549 nttldutrds
742 4495 963 4561 selycmnsindron
985 4470 1144 4564 akrlptulun
1158 4515 1203 4574 pe·

293 4587 377 4664 csdtjc
390 4587 466 4664 sugg.
480 4588 592 4640 abudai
604 4587 655 4638 kin.
669 4587 789 4639 knmarni
804 4584 992 4658 levdltllrlrun.)

537 4737 750 4761 m
