3138 5164
624 325 784 424 *pr*

137 536 227 585 nere.
244 515 305 595 Qui
323 517 453 601 quidem
469 518 593 588 nobiles
617 521 712 586 trium
739 519 957 588 comitatuum
975 528 1005 586 et
1021 541 1133 590 omues
1149 521 1268 592 iratres

137 625 305 710 patrueles
321 624 441 711 prelati
459 625 590 692 Comitis
607 625 728 693 Thome
744 645 808 700 rna
823 646 906 694 voce
916 627 1168 714 respondissent,
1180 629 1268 714 quod

139 751 254 800 omnes
268 733 491 818 possessiones
507 731 651 820 predicte
677 733 741 818 ipsi
758 732 878 800 Comiti
906 735 1027 802 Thomu
1044 734 1109 801 lilio
1124 736 1265 827 Pangra·

139 839 182 924 cij
199 847 231 906 et
247 841 314 908 suis
329 839 519 926 parentibus
545 859 670 926 semper
697 841 939 926 pertinuissent,
957 849 989 907 et
1006 862 1091 908 nunc
1107 842 1267 925 pertinere

140 947 402 1036 dinoscerentur3
419 949 563 1034 exceptis
584 950 660 1036 alijs
671 950 817 1017 omnihus
835 950 1093 1034 possessionibus
1108 953 1265 1019 nobilium

140 1055 380 1141 predictorum,
409 1077 579 1141 quaecum
611 1057 766 1124 iratribus
791 1059 858 1126 suis
875 1060 1076 1143 patruelibus
1109 1059 1266 1143 predictis

140 1168 353 1232 communiter
369 1164 613 1232 dinoscerentur
637 1163 823 1249 possidere;
849 1175 945 1250 prout
969 1165 1002 1230 in
1029 1167 1147 1233 litteris
1163 1167 1265 1252 Regis

80 1295 88 1313 ‘
138 1275 220 1341 Bele
236 1273 342 1341 felicis
357 1272 596 1340 recordacionis
622 1272 701 1340 lassi
731 1274 869 1340 fuissent
888 1273 1078 1358 plenissime
1095 1275 1262 1342 contineri.

139 1382 214 1448 Nus
230 1383 331 1467 igitur
347 1383 430 1448 scita
445 1379 601 1464 inquisita
617 1379 736 1466 exinde
767 1381 953 1449 omnimoda
967 1381 1115 1468 veritate,
1147 1389 1181 1448 vt
1197 1401 1268 1468 pre·

138 1488 287 1573 mittitur,
303 1488 391 1573 quod
407 1507 519 1554 omnes
535 1488 681 1575 predicte
690 1489 911 1573 possessiones
929 1490 1046 1556 Oomiti
1062 1489 1186 1559 Thome
1201 1489 1268 1557 lilio

138 1595 315 1681 Pangracij
332 1593 496 1663 antedicto
528 1601 559 1662 et
574 1596 652 1680 filijs
669 1595 812 1663 eiusdem
830 1599 895 1663 siut
911 1597 1105 1664 hereditarie
1115 1649 1124 1683 ,
1158 1604 1191 1664 et
1206 1596 1268 1664 sibi

139 1703 203 1770 sali
219 1703 254 1770 in
270 1725 330 1772 vsu
345 1703 505 1772 tractuum
521 1705 691 1790 pertinere,
724 1705 829 1789 ipsum
848 1705 1005 1771 Comitem
1021 1703 1178 1772 Thomam
1195 1724 1268 1772 oum

139 1811 221 1901 filijs
237 1818 269 1880 et
279 1830 350 1879 eum
363 1812 510 1878 amnibus
519 1811 780 1896 possessionibus
791 1815 857 1880 suis
873 1813 1051 1898 prenotatis
1068 1810 1111 1880 ad
1127 1817 1269 1880 nostram

141 1920 325 2005 recepimus
341 1920 580 2006 proteccionem
597 1919 797 2004 specialem,
828 1928 1019 1989 reuocantes
1045 1941 1155 1989 omnes
1171 1917 1270 1988 doua-

141 2029 252 2096 cienea
284 2035 317 2094 et
342 2027 537 2094 tradiciones
567 2025 742 2094 earundem
769 2030 1033 2115 possessionum,
1067 2030 1096 2095 si
1114 2049 1195 2114 quas
1212 2047 1271 2096 nos

142 2135 295 2220 cuiquam
311 2136 512 2222 fecissemus,
528 2143 585 2201 aut
600 2137 702 2202 nostri
718 2136 966 2221 predecessores
983 2138 1089 2220 Reges
1106 2135 1270 2222 iecissent,

139 2245 352 2310 restituentes
369 2263 479 2310 omnes
495 2241 661 2328 predictas
688 2244 907 2326 possessiones
931 2245 964 2308 iu
991 2248 1059 2310 toto
1076 2247 1108 2309 et
1122 2242 1157 2308 in
1172 2250 1267 2328 parte

143 2371 218 2417 euru
233 2351 382 2417 omnibus
406 2349 601 2420 utilitatibus
618 2357 650 2415 et
681 2349 854 2435 piscaturis
880 2349 943 2416 sibi
969 2349 1182 2415 attinentibus
1199 2369 1268 2434 pre-

143 2455 232 2525 dicto
249 2457 367 2526 Comiti
390 2459 513 2526 Tharne
538 2463 570 2524 et
585 2458 661 2543 filijs
689 2459 757 2524 suis
783 2457 1015 2524 coheredibus
1041 2457 1185 2524 eiusdem
1203 2457 1271 2524 rni-

140 2566 247 2634 uersis
270 2571 427 2652 perpetua
458 2563 692 2650 possidendas;
726 2563 980 2648 pronunciantes
1005 2583 1117 2629 amnes
1141 2564 1269 2631 litteras

140 2680 272 2741 nostras
289 2679 321 2740 et
336 2679 517 2738 nostrorum
538 2671 804 2756 predecessorum
829 2672 953 2753 Regum
970 2689 1100 2754 cassas,
1131 2669 1270 2738 friuolas

140 2786 176 2847 et
190 2781 315 2865 inanes,
327 2782 353 2847 si
370 2800 452 2864 quas
468 2778 613 2846 forsitam
629 2780 750 2862 aliquis
767 2800 825 2864 per
843 2798 1066 2863 quamcunque
1083 2779 1270 2864 concepeic·

139 2910 220 2957 nem
237 2889 410 2956 verborum
425 2885 607 2971 potuissent
623 2886 779 2952 obtinere.
791 2885 861 2952 Hoc
876 2907 939 2952 non
954 2888 1172 2970 pretermisso,
1184 2887 1270 2968 quod

140 2994 243 3064 blake
258 2997 369 3062 Banus
387 3001 419 3061 et
450 2993 629 3076 Gregorius
653 2993 741 3060 filius
767 2994 852 3061 Elels
880 2994 1079 3078 assurgendo
1104 2992 1271 3060 incudem

140 3103 403 3187 congregacione
420 3100 588 3187 dixissent,
607 3099 693 3183 quod
708 3101 785 3184 quia
800 3100 862 3185 ipsi
879 3109 990 3168 essent
1006 3099 1124 3165 iratres
1140 3105 1271 3184 patrue-

139 3216 191 3280 les
209 3219 242 3278 et
265 3211 481 3297 proximiores
498 3209 531 3273 in
547 3207 634 3273 linea
659 3208 952 3292 consanguinitatis
977 3205 1039 3291 ipsi
1057 3205 1173 3271 Comiti
1190 3205 1272 3271 The

142 3339 215 3406 me;
230 3320 304 3387 ideo
318 3321 347 3385 si
364 3320 470 3403 ipsum
487 3317 535 3383 eis
559 3317 699 3402 premori
731 3315 931 3400 contingeret
956 3314 1026 3380 sine
1052 3313 1179 3394 herede,
1195 3319 1272 3379 tuuc

140 3427 370 3519 principaliter
385 3446 449 3493 non
473 3424 515 3491 ad
531 3425 614 3490 alios
632 3423 672 3490 de
697 3423 910 3508 generacione
939 3443 1009 3506 sua,
1042 3419 1101 3490 sed
1124 3419 1167 3486 ad
1183 3420 1272 3507 ipsos

144 3538 294 3627 predicte
319 3533 540 3622 possessiones
566 3529 831 3614 deuoluerentur;
865 3538 898 3598 et
924 3547 1137 3614 econuerso‚
1163 3527 1192 3594 si
1210 3527 1273 3614 ipsi

141 3643 272 3714 nobiles
288 3641 359 3710 sine
375 3638 493 3707 herede
509 3637 713 3724 decederent,
731 3638 1081 3723 omnes‘posscssiones
1097 3635 1270 3702 eorundem

142 3756 208 3841 ipsi
226 3751 347 3820 Comiti
362 3749 488 3815 'l'home
503 3753 535 3814 et
547 3746 622 3830 lilijs
639 3745 707 3812 suia
724 3746 874 3812 similiter
891 3744 1160 3826 deuoluerentur;
1177 3749 1272 3829 prout

144 3861 252 3930 eciam
267 3860 301 3926 iu
314 3856 432 3925 litteris
458 3853 602 3923 eiusdem
618 3854 697 3920 Bele
713 3852 811 3937 Regis
836 3851 1024 3936 plenissime
1049 3849 1274 3918 dinosceretur

144 3967 319 4039 contineri.
335 3965 377 4030 Et
392 3964 452 4031 boc
467 3961 567 4046 ijdem
588 3959 727 4047 predicti
743 3960 868 4028 nobiles
885 3959 926 4027 de
942 3956 1155 4042 generacione
1170 3955 1273 4042 ipsius

145 4075 282 4145 Comitis
297 4071 420 4142 Thema
444 4069 681 4152 affirmassent;
714 4069 807 4136 saluo
824 4087 863 4134 eo
874 4117 884 4152 ,
917 4065 1003 4149 quod
1028 4064 1136 4149 porcio
1161 4063 1273 4146 magni

142 4181 291 4270 Philippi
306 4179 364 4265 filij
382 4175 540 4260 Belenigh
555 4174 737 4258 interipsos
748 4173 893 4242 indiuisa
909 4171 1127 4255 remansisset,
1146 4177 1178 4238 et
1188 4189 1273 4236 eom-

142 4290 284 4361 munitet
299 4285 423 4353 fructus
439 4281 613 4352 earundem
629 4287 803 4369 uterentur,
821 4281 914 4350 iuxta
929 4279 1135 4348 condiciones
1150 4277 1185 4342 in
1199 4295 1271 4360 pre·

145 4399 242 4466 dietis
258 4395 374 4463 litteris
398 4393 498 4476 Regis
527 4389 607 4458 Bele
630 4395 809 4457 contentas.
841 4390 881 4457 Iu
897 4389 988 4460 euius
1021 4387 1068 4453 rei
1083 4381 1274 4452 memoriam

141 4506 397 4587 firmitatemque
421 4503 612 4586 perpetuam
637 4502 805 4583 presentes
829 4493 1049 4564 concessimus
1073 4489 1210 4579 duplicis
1233 4490 1274 4556 si-

145 4619 217 4707 gilli
242 4592 346 4689 nostri
374 4606 550 4678 munimine
577 4605 756 4676 roboratas.
788 4603 911 4675 Datum
934 4621 991 4696 per
1023 4619 1136 4671 manus
1162 4596 1274 4676 dilecti
