3126 5150
636 347 796 444 „le-

143 547 249 610 instar
266 539 485 608 misericordie
502 538 664 606 altissimi
681 537 877 622 domitoris,
904 536 960 619 qui
977 535 1053 602 dum
1070 537 1139 602 alta
1154 535 1282 622 prospi-

148 651 202 736 cit,
221 651 333 717 infima
358 669 421 714 non
442 645 635 729 contemnit3
660 645 737 712 dum
753 643 878 728 colligit
902 643 1027 710 nobiles
1049 644 1093 709 ad
1108 663 1144 709 se
1160 641 1282 724 uenire,

149 759 328 842 degeneres
354 775 419 821 non
435 762 575 821 recusat.
600 753 670 819 Hac
687 753 798 836 itaque
819 751 1082 819 consideracione
1100 748 1222 816 inducti
1239 746 1283 815 ad

149 866 376 931 vniucrsornm
392 869 458 926 tam
475 861 677 946 presencium
688 881 784 946 quam
802 860 982 926 futurorum
999 857 1155 926 noticiam
1170 860 1282 922 tenore

149 971 353 1058 presencium
385 971 533 1036 uolumus
560 969 732 1055 peruenire
742 1021 750 1053 ‚
784 969 871 1054 quod
897 988 958 1035 nos
989 966 1282 1051 circumspeccione

151 1078 292 1166 prouida
307 1077 512 1144 attendentes
529 1085 561 1142 et
577 1076 823 1144 considerantes
838 1075 1013 1142 fidelitates
1030 1073 1283 1140 etseruiciorum

148 1189 266 1253 ¹merita
284 1185 414 1252 Sandur
430 1191 462 1249 et
478 1185 540 1251 Gal
557 1185 697 1251 tiliorum
714 1185 796 1250 Bent
817 1184 858 1250 de
874 1182 956 1250 uilla
970 1183 1111 1249 Kerowa
1131 1181 1281 1267 jobagic·

150 1315 224 1359 num
242 1294 348 1360 Castri
367 1293 600 1375 Strigoniensis
621 1291 765 1357 fidelium
781 1298 964 1358 nostrorum
973 1341 983 1374 ‚
1010 1310 1073 1373 que
1089 1311 1109 1354 a
1126 1289 1281 1374 primeuis
1359 1311 1361 1314 ·

151 1399 378 1466 adolesceucie
395 1419 452 1465 sue
468 1399 669 1484 temporibus
694 1419 756 1466 auo
773 1405 882 1466 nostro
903 1406 935 1464 et
950 1401 1035 1483 patri
1050 1405 1161 1463 nostro
1178 1397 1277 1462 victo-

150 1506 334 1574 riosissimis
349 1507 516 1590 Hungarie
533 1507 676 1590 Regibus
693 1507 818 1592 piarum
834 1505 1108 1589 recordacionum,
1127 1525 1166 1570 ac
1181 1503 1276 1569 uobis

150 1613 278 1680 demum
305 1623 337 1679 et
353 1615 466 1697 Regno
492 1617 526 1679 in
544 1613 693 1679 omnibus
709 1615 812 1696 Regni
839 1613 1104 1698 expedicionibus
1130 1632 1201 1677 cum
1220 1611 1281 1677 fer-

151 1743 226 1788 uore
252 1720 417 1787 fidelitatis
445 1720 563 1787 eximie
588 1720 799 1788 laudabiliter
825 1721 1059 1806 inpenderunt,
1085 1739 1121 1784 se
1147 1727 1179 1785 et
1205 1739 1281 1786 snos

151 1849 208 1916 pro
225 1829 352 1895 Corone
369 1831 470 1914 Regie
497 1829 684 1896 defensione
711 1835 743 1896 et
758 1832 864 1914 Regni
891 1827 1059 1896 commodo
1087 1827 1195 1911 dubijs
1217 1826 1282 1894 for·

151 1945 228 2004 tune
253 1937 405 2018 casibus,
431 1946 462 2002 et
479 1937 580 2004 uariis
606 1937 826 2022 periculorum
851 1938 1000 2004 articulis
1026 1934 1189 2020 intrepide
1205 1936 1280 2000 snb-

151 2044 319 2110 mitteudo.
342 2045 381 2110 In
398 2046 726 2129 recompensacionem
753 2052 800 2110 tot
826 2052 857 2110 et
882 2050 1045 2110 tantorum
1072 2043 1280 2110 seruiciorum

151 2172 279 2218 snorum
305 2148 437 2218 easdem
463 2151 591 2217 Sandur
617 2159 648 2218 et
664 2152 728 2218 Gal
753 2172 774 2216 a
794 2151 1013 2235 jobagionatu
1034 2148 1139 2216 Castri
1160 2149 1281 2234 Strigo-

151 2258 271 2326 niensis
289 2278 359 2324 euni
377 2259 526 2325 omnibus
543 2259 638 2324 terrie
655 2260 722 2326 suis
738 2259 779 2325 de
796 2258 995 2325 liberalitate
1011 2257 1114 2340 Regia
1130 2257 1280 2324 duximus

152 2365 354 2449 eximendos,
381 2369 413 2430 et
429 2367 462 2430 in
479 2385 657 2449 nnmerum,
676 2372 781 2432 cetum
799 2385 856 2432 sen
873 2364 1048 2446 collegium
1066 2363 1281 2430 seruieneium

148 2473 324 2556 Regallum
349 2471 614 2556 transferendcs;
639 2473 803 2558 volentes,
832 2473 918 2555 qnod
945 2478 1011 2535 tam
1032 2471 1132 2554 ijdem
1151 2465 1281 2538 Sandan

151 2588 183 2650 et
200 2579 274 2666 Gal,
300 2576 647 2666 qoamsuorum(1'gy)
669 2578 806 2646 heredes
832 2578 1051 2660 heredumque
1077 2598 1281 2646 successores

148 2709 190 2754 ea
213 2687 382 2771 gaudeant
407 2693 440 2752 et
463 2687 614 2752 fruantur
638 2687 808 2774 libertate,
835 2708 900 2771 qua
925 2687 1024 2752 ceteri
1049 2688 1152 2770 Regni
1178 2687 1282 2752 nostri

149 2795 277 2861 nobiles
312 2795 492 2861 seruientes
520 2795 660 2878 Regales
695 2797 901 2879 gratulantur
934 2797 995 2862 sub
1022 2796 1145 2861 vexillo
1178 2797 1279 2878 Regio

150 2903 338 2968 militantes.
371 2901 414 2965 Vt
430 2900 529 2984 igitur
554 2922 687 2987 presens
713 2909 824 2970 nostra
846 2903 1013 2970 ordinacio
1039 2922 1097 2967 seu
1116 2905 1279 2971 concessio

149 3009 331 3076 liberaliter
356 3009 446 3072 lacta
473 3010 570 3074 rcbur
597 3015 750 3095 perpetue
773 3010 934 3077 firmitatis
961 3009 1122 3093 obtineat,
1148 3030 1206 3074 nec
1222 3033 1280 3096 per

149 3115 334 3200 qrrempiam
361 3115 395 3180 in
414 3115 541 3182 irritum
561 3121 666 3202 possit
691 3119 744 3184 vel
769 3119 886 3185 debeat
904 3118 1000 3201 lapsu
1016 3123 1195 3202 temporum
1223 3120 1280 3184 ali·

148 3233 308 3308 quatenus
324 3226 483 3308 reuocari,
495 3234 663 3311 presentes
685 3228 905 3293 concessimus
922 3227 1046 3291 litteras
1064 3227 1162 3308 sigilli
1178 3229 1280 3294 nostri

148 3333 290 3418 duplicis
306 3333 484 3400 munimine
510 3335 690 3400 roboratas.
715 3337 835 3400 Datum
852 3355 910 3419 per
926 3353 1040 3397 marrus
1059 3332 1205 3415 Magistri
1221 3335 1279 3401 Be·

148 3439 270 3506 nedicti
295 3440 486 3507 Orodiensis
514 3441 661 3508 Ecclesic
685 3442 854 3528 Prepesiti,
880 3439 954 3506 aule
975 3447 1085 3507 nostre
1102 3438 1278 3506 Viae-Can·

145 3547 407 3632 cellarijldilecti
434 3553 465 3614 et
481 3548 588 3615 fidelis
606 3550 709 3617 nostri
734 3571 821 3616 anno
838 3547 969 3617 Domini
985 3549 1094 3614 M⁰CC⁰
1110 3554 1279 3632 septuage-

148 3655 231 3722 simo
247 3657 360 3740 tercio,
379 3660 469 3722 sexto
495 3656 568 3724 idus
584 3659 674 3744 Julij,
699 3659 802 3742 Regni
820 3665 929 3724 autem
944 3658 1047 3724 nostri
1064 3677 1149 3722 anno
1164 3655 1278 3740 primo.

148 3763 295 3829 Vacante
321 3762 472 3829 Ecclesia
499 3763 734 3848 Strigoniensi;
769 3765 1011 3832 venerabilibus
1037 3764 1184 3848 patribus
1210 3764 1278 3828 Ste-

148 3871 259 3953 phano
276 3870 473 3937 Golccbensi
488 3878 521 3938 et
536 3871 685 3939 Johanne
700 3875 888 3958 Spalatensi
900 3871 1175 3958 Archiepiscopis3
1186 3873 1278 3936 Lam·

147 3983 240 4060 perto
258 3978 431 4062 Agriane,
457 3979 585 4045 Briccio
601 3979 831 4064 Chenadiensi,
856 3982 917 4048 Jcb
934 3978 1279 4066 Quinqueecclesicnsi‚

149 4085 301 4172 Philippo
316 4085 487 4154 Waciensi
514 4088 589 4154 aule
616 4086 746 4154 domine
771 4089 896 4173 Regine
920 4087 1094 4152 karissime
1119 4086 1279 4153 consortis

147 4201 255 4260 nostre
272 4192 478 4258 Cancellario
496 4195 619 4261 Oomite
635 4193 886 4280 Neugradiensi,
913 4196 1018 4260 Paulo
1033 4194 1278 4278 Wesprimieusi

145 4300 223 4364 aule
247 4306 358 4366 nostre
384 4301 609 4388 Cancellario‚
641 4303 831 4369 Lodomcrio
859 4302 1084 4388 Waradiensi,
1121 4305 1278 4388 Tymcteo

145 4407 374 4494 Zagrabiensi,
402 4409 558 4496 Dyonisio
585 4410 761 4492 Jauriensi,
789 4417 820 4477 et
835 4412 933 4478 Petro
949 4410 1186 4476 Transsiluono
1203 4410 1276 4494 llpi-

141 4515 434 4600 scopisEcolesias
447 4517 506 4582 Dei
523 4517 662 4584 feliciter
678 4519 947 4602 gubernantibus.
964 4518 1112 4586 Rolaudo
1128 4519 1277 4586 Palatino

138 4626 179 4688 et
205 4621 334 4710 Jndiccj
347 4623 570 4713 Cumanorum,
598 4626 733 4694 Herrico
755 4628 846 4694 Baro
871 4629 972 4694 totius
998 4627 1183 4710 Solanonie,
1212 4625 1277 4711 Ny·

1073 4731 1116 4800 2·
