3138 5164
601 319 760 415 23⁵-

111 512 279 599 Dompnio
296 508 460 595 Episcopo
472 505 665 574 Gatbsrensi
676 507 717 574 de
727 508 893 576 voluntate
903 529 943 576 ac
953 531 1089 578 assensu
1100 512 1256 579 ciusdem

110 617 259 688 Ecclesie
274 615 498 701 Patronorum,
511 633 569 700 pro
585 613 658 681 loco
667 615 823 703 ipsorum,
833 617 889 700 qui
901 616 985 684 alias
996 617 1030 682 in
1041 617 1176 684 ciuitate
1187 619 1247 684 tla-

110 725 258 792 tharensi
268 721 470 789 artissimum
480 721 584 786 locum
593 720 768 802 habebant,
778 721 959 790 liberaliter
971 723 1011 790 de
1019 743 1104 791 noro
1115 743 1241 791 conoes-

110 851 159 914 sa,
167 829 291 896 Divina
317 825 427 895 officia
442 827 653 908 celebrarent,
668 833 701 892 et
719 829 950 912 perquendam
969 849 1082 896 eorum
1110 829 1243 896 tratrem

112 938 328 1023 presbiterum
345 935 760 1018 missarum‘solempniain
771 935 895 1002 honere
906 935 968 1003 Dei
984 943 1016 1003 et
1032 937 1127 1003 Beati
1136 936 1245 1004 Domi·

109 1045 180 1110 nici
191 1041 387 1111 confessoris
395 1040 544 1130 lacerent
555 1040 724 1126 celebrari,
735 1039 901 1126 predictas
913 1042 1104 1129 Episcopus,
1115 1063 1244 1110 conver·

108 1171 166 1218 sus
176 1151 211 1216 in
221 1169 330 1216 arcum
342 1168 527 1234 perversum
539 1150 782 1214 contrafactum
793 1151 959 1234 proprium
969 1149 1138 1230 veniendo,
1154 1139 1253 1218 assos

109 1259 205 1325 ciatis
215 1258 276 1323 sibi
287 1256 481 1339 quibusdam
492 1254 689 1342 presbiteris,
699 1253 742 1318 sd
751 1255 924 1322 ecclesiam
934 1257 1037 1342 ipsam
1049 1263 1081 1324 et
1092 1276 1193 1340 usque
1203 1257 1246 1322 ad

108 1365 182 1430 eius
201 1365 315 1448 altere,
330 1383 396 1428 non
413 1363 536 1443 absque
555 1363 727 1428 multorum
745 1353 931 1444 astantium,
945 1362 999 1446 qui
1010 1363 1242 1431 illicconrene-

110 1477 186 1535 rant
196 1469 238 1534 ad
248 1468 444 1554 sollempnia
452 1467 636 1535 huiusmodi
657 1467 830 1551 audienda,
845 1468 1012 1555 scandolo,
1030 1469 1120 1536 rabie
1137 1469 1245 1537 hostili

112 1585 146 1643 et
172 1577 222 1640 ira
239 1575 418 1640 concitatus
452 1574 597 1660 accessit,
617 1585 650 1640 et
683 1577 851 1642 retrahens
868 1596 966 1641 manu
981 1577 1113 1662 propria
1138 1577 1245 1662 ipsum

110 1681 324 1770 presbiterum
340 1681 569 1766 celebrantem,
586 1701 658 1747 cum
675 1682 740 1748 iam
756 1681 940 1750 huiusmodi
959 1683 1158 1769 sollempniis
1190 1683 1235 1748 iu-

112 1791 254 1876 cepisset
269 1788 377 1853 dicere
392 1789 526 1854 Sursum
541 1787 658 1870 Oorda,
674 1788 766 1854 illum
783 1791 939 1873 sanguine
971 1790 1178 1872 cruentando,
1197 1807 1237 1854 ac

113 1894 318 1980 postmodum
334 1893 638 1959 dictumUrbanum
659 1895 801 1961 Priorem
817 1915 875 1980 per
890 1897 1056 1979 caputium
1073 1915 1165 1962 suum
1190 1915 1242 1962 ca·

114 2003 220 2088 piens,
237 2000 320 2064 adeo
335 2000 440 2081 ipsum
466 1999 659 2066 constrinxit
686 2001 810 2066 fortiter
834 2001 1043 2085 percutiendo
1070 2021 1152 2086 eum,
1177 2001 1243 2068 iam

114 2127 175 2195 per
190 2109 295 2194 ipsum
312 2105 509 2191 Episcopum
525 2114 720 2191 prostratum
739 2105 782 2170 ad
798 2115 927 2184 terrem,
945 2108 1100 2189 usquead
1116 2107 1242 2174 effusio·

114 2237 190 2282 nem
207 2212 378 2296 sanguinis
403 2212 520 2279 ictibus
545 2233 655 2297 pugno
687 2214 819 2298 pluries,
846 2215 933 2296 quod
958 2215 1063 2282 dictus
1088 2213 1240 2282 Urbenus
1344 2241 1346 2247 ¹

115 2321 286 2388 occasione
302 2318 486 2384 huiusmodi
502 2321 745 2403 percussionum
762 2321 792 2386 ei
807 2343 828 2387 a
845 2321 970 2405 prefato
997 2321 1159 2407 Episcopo
1184 2322 1244 2387 illc

116 2433 222 2491 tarum
239 2425 458 2492 infirmitatem
484 2425 667 2508 maximum,
685 2431 717 2492 et
742 2425 858 2492 deinde
884 2427 1034 2494 continue
1061 2428 1242 2512 egrotando

115 2537 252 2599 mortem
268 2530 411 2598 noscitur
425 2531 619 2614 incurrisser
636 2531 778 2614 reliquos
794 2533 912 2599 iratres
929 2533 1104 2600 afficiendo
1129 2535 1243 2600 verbe·

115 2639 207 2706 ribus
223 2645 255 2703 et
270 2637 509 2706 contumeliosis
524 2638 641 2706 verbis.
658 2639 728 2704 Nec
736 2638 804 2705 biis
821 2647 989 2707 contentus
1006 2641 1092 2708 idem
1108 2643 1240 2726 Episco-

117 2765 178 2831 pus
188 2745 383 2812 malamalis
393 2747 614 2829 accumulans,
630 2747 756 2813 emissis
772 2749 801 2813 is
817 2749 852 2813 in
862 2747 964 2814 altum
982 2749 1119 2816 vocibus
1135 2749 1256 2816 dicere·

115 2854 221 2936 cepit:
238 2852 376 2934 „Venite
391 2861 465 2937 post
484 2873 535 2918 me
550 2873 671 2938 omnes,
690 2862 721 2920 et
742 2856 910 2922 eiiciamus
925 2854 1044 2922 tratres
1063 2863 1156 2923 entra
1182 2861 1244 2922 ter·

115 2979 196 3044 ram,
207 2968 239 3024 et
249 2977 356 3025 eorum
366 2961 473 3026 locum
494 2960 621 3046 penitus
648 2960 979 3048 deleamus“;sicque
1001 2983 1070 3030 cum
1081 2963 1246 3049 predictus

116 3067 297 3153 Episcopus
313 3066 356 3131 ad
370 3067 478 3133 hostia
495 3067 629 3134 ecclesie
646 3067 756 3134 Sancti
773 3067 866 3134 Pauli
877 3067 1086 3136 catharensis
1095 3119 1105 3154 ,
1122 3070 1175 3135 ubi
1200 3069 1247 3135 di·

115 3181 240 3238 ctorum
253 3173 387 3241 fratrum
403 3175 491 3258 prior
505 3173 593 3240 locus
609 3173 755 3262 habetur,
780 3195 851 3242 cum
868 3174 1055 3261 presbiteris
1072 3173 1236 3258 aliquibus

116 3280 328 3364 pervenisset,
361 3300 433 3346 ase
462 3279 621 3346 modestia
653 3281 829 3367 episcopali
862 3283 989 3365 penitus
1005 3284 1159 3368 relegata,
1190 3281 1243 3347 ho·

118 3387 185 3452 stia
203 3388 276 3471 ipsa
292 3385 451 3452 violenter
477 3387 623 3473 aperuit,
655 3407 694 3452 ac
708 3395 822 3474 postea
852 3388 957 3455 hostio
989 3385 1154 3456 cuiusdam
1190 3387 1244 3452 do·

117 3513 190 3560 mus
206 3494 308 3577 ipsius
325 3491 386 3559 loci
403 3499 494 3559 extra
520 3493 692 3578 cardinem,
719 3492 822 3560 fracto
845 3493 1011 3580 repagulo,
1036 3501 1155 3560 temere
1179 3493 1244 3558 iam

118 3599 253 3686 deiecto,
268 3600 399 3664 fratrem
416 3599 569 3666 Sericum
585 3621 774 3668 conversum
790 3601 868 3667 dicti
884 3601 1024 3688 Ordinis,
1044 3601 1105 3666 Dei
1129 3599 1242 3665 timore

116 3706 292 3793 postposito
309 3713 342 3772 et
357 3725 475 3792 amore,
490 3707 639 3772 atiociter
655 3707 848 3794 verberavit,
865 3707 948 3776 alies
964 3707 1117 3792 predictis
1137 3705 1241 3771 fratri-

117 3811 178 3878 bus
194 3811 337 3896 dampna
353 3817 386 3878 et
400 3811 534 3880 iniurias
550 3833 615 3879 non
630 3813 945 3901 modicainferendo,
961 3821 1071 3880 contra
1082 3833 1137 3879 eos
1147 3811 1242 3880 lactis

117 3917 257 3986 diversis
272 3919 489 4016 processibus,
506 3927 539 3986 et
555 3927 675 3987 contra
685 3927 827 3988 tenorem
843 3919 1088 4007 privilegiorum
1113 3937 1241 3986 suorum

116 4025 374 4116 Apostolicorum
391 4027 526 4095 dirersis
551 4028 917 4095 excommunicationum
949 4024 1115 4094 sententiis
1131 4033 1243 4091 contra

115 4133 271 4201 iustitiam
302 4131 482 4201 fulminatis
513 4135 547 4200 in
571 4135 677 4200 anime
709 4155 766 4202 sue
797 4133 973 4218 periculum
984 4186 994 4222 ,
1028 4141 1060 4199 et
1084 4131 1242 4197 dictorum

115 4237 237 4305 Prioris
262 4245 294 4306 ct
310 4239 458 4306 bbatrum
475 4261 538 4306 non
554 4240 715 4306 modicam
731 4241 893 4326 iniuriam,
904 4236 1115 4325 preiudicium
1125 4241 1157 4301 et
1172 4253 1252 4320 gra.

116 4365 242 4416 ramen.
257 4347 326 4413 Nos
342 4347 440 4430 igitur
455 4347 616 4416 hiusmodi
642 4347 839 4431 gravamina
853 4345 1071 4432 predictorum
1107 4343 1241 4413 bubum

117 4463 148 4521 et
163 4453 310 4538 iniurias,
328 4455 355 4519 si
371 4455 507 4521 veritate
523 4451 677 4540 nitantur,
715 4461 974 4537 uentumcunque
990 4453 1071 4519 soret
1087 4451 1148 4536 ipsi
1165 4451 1242 4538 Epi·

118 4583 216 4651 scopo
243 4560 470 4646 deferendum,
503 4561 648 4628 nolentes
679 4561 737 4628 snb
770 4561 999 4644 equanimitate
1022 4559 1170 4646 transire,
1200 4577 1243 4625 ne
