3080 5160
823 223 890 294 teo

778 313 936 324 ιιι-ιι-ι

297 431 330 489 et
354 429 431 490 ante
455 413 697 506 responsionem
715 439 824 488 eorum
840 417 1047 488 satisfaciant
1062 416 1103 484 de
1115 418 1250 504 judieijs
1266 437 1419 485 memora·

211 613 217 620 ,
295 529 359 614 tis;
387 526 532 612 alloquin
557 526 622 614 ipsi
646 525 781 612 regnem
807 525 901 594 tinem
919 523 1063 594 debiturn
1077 525 1278 612 imponemus
1294 525 1420 594 iusticia

298 635 472 703 mediante.
489 633 582 701 Facti
599 634 718 703 seriem
733 632 864 702 domine
879 633 961 718 Regi
982 632 1180 700 rescribatis.
1195 629 1419 702 Datum-liudo

296 741 434 828 septimo
465 741 520 810 die
550 748 741 810 octabarum
771 737 923 808 Omnium
953 738 1144 808 Sanctorum
1175 759 1263 806 anne
1293 741 1420 808 Domini

297 847 342 916 Μο
366 845 431 914 00⁰
455 849 678 936 octuagesimo
708 853 834 932 quarte.
865 849 1039 917 Prosenses
1068 844 1227 915 reddituri
1251 847 1419 917 exhibitori

295 955 508 1046 presencium,
524 963 556 1025 et
570 957 674 1026 series
690 957 818 1044 negocij
836 953 1147 1042 comprehendentes
1163 955 1196 1022 in
1213 953 1347 1024 eisdem.

299 1172 437 1238 (Erdetie
457 1169 631 1242 berbirtyin,
646 1168 870 1240 stirpecsttnelr
883 1169 1009 1226 teredste
1022 1167 1084 1237 meg
1097 1186 1232 1241 magum
1247 1187 1265 1223 a
1277 1172 1363 1224 butiri
1375 1173 1420 1225 kir.

699 1261 822 1314 temeret
836 1256 1026 1329 lesbiterban.)

756 1527 967 1542 *—

824 1975 900 2042 eet.

215 2139 221 2150 '
302 2173 454 2239 nemun
477 2174 598 2240 ureae
616 2175 747 2260 pupae
770 2177 802 2240 a
820 2175 958 2240 rorate
972 2174 1093 2259 aceyo
1107 2173 1211 2258 capua
1225 2173 1308 2237 mre
1323 2173 1420 2237 eree

302 2282 370 2348 dett
402 2283 496 2349 eleut
527 2309 547 2348 a
579 2284 726 2349 Bertlcem
757 2283 941 2370 belyeepbec
957 2283 1023 2348 leue
1039 2281 1421 2368 oumhetyjoqeuiteunpe

645 2391 738 2456 irent
754 2391 967 2458 kutdroaeuk.
982 2392 1080 2456 1284.

410 2585 654 2654 Bartholomens
672 2586 886 2655 miseracione
901 2586 1022 2654 Diuina
1037 2585 1219 2672 Episcopus
1234 2575 1424 2652 W'arndien·

304 2691 360 2776 ris,
371 2699 403 2758 et
413 2692 582 2760 Rotundus
591 2693 762 2781 Weyuede
777 2693 1013 2762 Transiluanus
1031 2694 1143 2762 Comes
1160 2693 1201 2762 de
1216 2692 1345 2778 Zonulr,
1361 2691 1425 2758 vni·

304 2798 407 2865 nersis
417 2797 538 2867 Christi
554 2799 703 2869 fidelibus
719 2801 923 2887 presentibus
941 2801 1062 2887 pariter
1079 2809 1111 2868 et
1126 2801 1242 2868 futuris
1259 2805 1424 2887 presentes

303 2906 429 2974 litteras
454 2905 645 2992 inspecturis
665 2909 803 2975 salutem
819 2906 854 2975 in
870 2907 984 2976 salutis
999 2908 1166 2994 largitore.
1183 2909 1344 2978 Nouerint
1360 2907 1423 2974 vni·

306 3013 390 3081 uersi
401 3063 412 3096 ,
446 3020 595 3098 patenter
620 3015 750 3083 litteras
775 3015 897 3082 domini
921 3015 1070 3083 Ladizlai
1094 3015 1300 3084 serenissimi
1332 3013 1427 3099 Regis

304 3119 471 3206 Hnngarie
489 3139 549 3188 nos
567 3129 751 3189 reuerenter
776 3121 938 3208 recepisse
954 3121 1165 3208 continentes,
1182 3121 1270 3208 qnod
1281 3123 1357 3208 ipse
1372 3121 1427 3191 ‹le-

307 3225 413 3294 minns
436 3227 506 3295 Rex
531 3248 629 3314 snper
654 3229 844 3298 diuersitate
868 3229 1067 3318 tributorem,
1084 3230 1195 3312 quein
1211 3228 1292 3297 locis
1307 3228 1428 3296 indebi-

305 3335 349 3400 tis
371 3335 555 3425 exiguntur,
581 3337 622 3404 de
646 3337 789 3406 omnium
815 3337 977 3424 baronum
1004 3345 1036 3405 et
1061 3338 1223 3405 Nobilium
1249 3337 1359 3422 Regni
1383 3333 1427 3402 sui

305 3441 438 3508 consilio
457 3443 592 3528 prouide
616 3439 805 3528 ordinando,
829 3445 960 3531 tributa,
984 3465 1048 3530 que
1072 3451 1147 3530 post
1166 3444 1291 3511 obitum
1308 3441 1427 3510 domiui

304 3547 402 3632 Regia
417 3547 496 3616 Bele
510 3549 616 3618 felicis
632 3551 785 3620 memorie
800 3557 906 3620 ortum
921 3553 975 3620 rel
991 3551 1148 3636 originem
1158 3550 1353 3634 babuerunt,
1363 3569 1427 3616 em·

307 3655 393 3724 nimo
418 3657 616 3728 decreuisset
639 3659 778 3746 abolere,
801 3679 861 3728 nec
887 3679 928 3728 ex
943 3661 1056 3745 aliqua
1070 3679 1171 3728 cansa
1185 3657 1381 3728 racionabili
1396 3659 1427 3724 in

222 3813 227 3829 .
307 3764 387 3832 loeis
412 3765 455 3833 ad
476 3765 708 3835 transeundem
733 3767 890 3852 grauibus
914 3767 1069 3834 transitus
1094 3767 1186 3834 tieret
1216 3773 1426 3854 preparatum

307 3871 393 3956 quod
407 3873 511 3957 Regia
526 3874 719 3960 Magnitudo
735 3873 943 3960 indagacieni
958 3883 1067 3943 nonme
1084 3879 1116 3941 et
1132 3873 1207 3942 fidei
1231 3895 1271 3942 ac
1295 3881 1428 3958 quatuor

308 3979 459 4048 iudicum
471 3980 665 4068 comisisset,
680 3989 779 4069 prout
794 3983 827 4048 in
843 3981 966 4050 eisdem
983 3979 1099 4050 litteris
1110 3977 1430 4066 Regietlelsitudinis

307 4087 435 4175 plenius
451 4087 594 4156 vidimus
610 4089 782 4156 contineri.
798 4087 901 4174 Igitur
916 4085 971 4178 die
987 4107 1119 4175 pernes
1134 4093 1167 4156 et
1186 4087 1320 4156 Judiees
1337 4087 1429 4153 Nobi-

308 4193 389 4262 lium
413 4194 447 4260 in
474 4195 580 4264 socios
602 4197 697 4266 nobis
715 4195 897 4283 adiunctos,
914 4195 958 4286 atl
973 4195 1036 4264 hoc
1052 4193 1240 4282 specialiter
1255 4195 1428 4279 casignete,

187 4308 188 4312 ’
308 4301 462 4370 videlieet
487 4304 521 4372 in
546 4303 673 4372 oetaeis
695 4301 790 4371 Beati
812 4303 930 4372 Jacobi
954 4303 1106 4390 Apostoli
1122 4303 1156 4370 in
1173 4300 1254 4370 villa
1268 4300 1430 4386 Pispwky,

309 4411 365 4481 rbi
389 4431 486 4498 super
510 4412 582 4499 ipso
607 4411 693 4480 laeto
709 4411 903 4480 tributorem
920 4417 952 4478 et
966 4410 1045 4498 alijs
1060 4402 1209 4495 negocije
1224 4427 1285 4496 per
1299 4406 1430 4498 Regiam

228 4589 229 4592 ,
310 4517 512 4589 blaiestatem
528 4517 621 4588 nobis
635 4517 814 4588 commissis
830 4516 1321 4608 Oenregacionembabebamus
1331 4514 1429 4586 (lene
