3126 5150
937 279 981 346 44

877 370 1035 379 --—--—

393 481 494 544 tatem
508 475 656 542 misimus
669 475 793 542 nobiles
810 473 1000 560 iobagiones
1010 473 1116 543 Oestri
1126 471 1287 560 Radihna,
1298 473 1444 560 Gruiieh,
1458 477 1512 542 Ho-

395 585 465 666 dus,
475 582 688 663 Wleozlaum,
701 581 875 664 Georgium
891 581 993 647 filium
1010 580 1147 666 Radeyk
1163 588 1195 647 et
1211 580 1395 669 Zuilanum,
1411 583 1464 666 qui
1478 581 1511 650 sd

391 711 451 758 nos
466 691 638 758 redeuntes
655 687 807 755 dixerunt
823 689 1013 771 qualitatem
1031 692 1062 755 et
1075 687 1290 771 quantitatem
1306 690 1511 774 possessionis

393 797 599 885 supradicte,
634 796 727 864 euius
751 795 969 881 possessionis
993 796 1099 881 prima
1123 801 1210 862 meta
1235 795 1351 882 incipit
1374 817 1397 862 a
1421 795 1510 862 finnio

387 909 488 994 potok
509 909 644 987 uocato,
669 903 724 970 ubi
741 900 829 968 eadit
853 900 887 967 in
903 901 1035 967 fluuium
1051 900 1233 968 Ozornicha
1242 953 1251 986 ,
1277 907 1309 968 et
1324 907 1438 970 eontra
1452 923 1510 970 eur-

394 1033 465 1080 sum
481 1011 626 1079 eiusdem
647 1009 752 1075 tendit
769 1015 801 1074 et
816 1007 966 1094 peruenit
981 1009 1024 1074 ad
1042 1015 1180 1095 portum,
1205 1009 1262 1075 ubi
1278 1009 1333 1075 uia
1350 1011 1474 1093 transit,
1489 1019 1514 1076 et

336 1187 337 1194 ,
395 1141 454 1205 per
474 1120 610 1186 eandem
637 1117 740 1184 eniam
765 1116 970 1202 procedendo
996 1117 1145 1202 peruenit
1171 1125 1203 1182 et
1219 1115 1307 1182 eadit
1332 1117 1365 1181 in
1391 1117 1513 1182 fluuium

394 1226 519 1309 Lubna,
533 1231 564 1291 et
580 1244 638 1310 per
655 1220 791 1289 eundem
805 1222 909 1289 tendit
924 1229 956 1288 et
971 1224 1039 1289 exit
1054 1222 1097 1290 ad
1113 1223 1247 1291 siuieem
1259 1223 1389 1308 Mitem,
1408 1223 1513 1291 deinde

394 1331 600 1418 progreditur
616 1338 648 1398 et
663 1333 811 1417 peruenit
829 1332 985 1398 edurum
1001 1331 1110 1398 luoum
1120 1331 1344 1416 Requitoueeh
1357 1339 1514 1415 uoeetum;

397 1438 515 1506 deinde
535 1459 648 1506 uersus
668 1437 824 1505 orientem
851 1438 1000 1522 peruenit
1025 1439 1068 1504 ad
1088 1439 1237 1504 arborem
1262 1441 1332 1504 thal
1354 1441 1510 1506 eokorianr'

370 1571 378 1585 ·
395 1553 545 1614 uocatum
579 1542 666 1632 (tgy)
677 1597 686 1632 ,
720 1553 753 1611 et
782 1547 932 1630 peruenit
963 1545 1005 1610 ad
1036 1544 1169 1610 fluuium
1200 1544 1382 1612 Ozornieha
1412 1551 1514 1611 eontra

396 1655 505 1722 Obrou
518 1653 656 1736 dietum,
674 1650 790 1718 deinde
806 1659 921 1717 eontra
937 1670 1063 1717 cursum
1081 1649 1223 1717 eiusdem
1239 1651 1340 1735 vadit,
1357 1659 1389 1720 et
1405 1651 1512 1718 exinde

396 1759 472 1846 enit,
492 1767 524 1826 et
540 1759 689 1845 peruenit
708 1759 753 1825 ad
769 1779 867 1824 unum
883 1758 991 1826 lueum
1007 1757 1206 1825 Hrautoueth
1224 1765 1389 1843 noeetum;
1405 1759 1514 1825 deinde

399 1867 520 1934 directe
541 1885 652 1934 uersus
669 1866 823 1932 orientem
840 1865 989 1951 peruenit
1005 1866 1048 1932 ad
1064 1886 1161 1932 unam
1179 1865 1319 1932 mlaoam
1339 1865 1383 1931 ad
1397 1871 1513 1952 partem

399 1975 575 2059 sinistram,
601 1973 759 2040 modicum
778 1994 836 2057 per
855 1970 991 2041 eandem
1006 1972 1213 2059 procedendo
1229 1974 1380 2058 peruenit
1394 1971 1437 2038 ad
1452 1993 1515 2058 por·

399 2089 483 2164 tum,
507 2076 624 2147 deinde
639 2098 752 2146 versus
768 2076 933 2146 meridiem
950 2077 1054 2145 tendit
1068 2099 1167 2165 supra
1182 2085 1215 2144 et
1230 2077 1318 2145 eadit
1334 2079 1368 2145 in
1385 2077 1514 2145 eandem

401 2188 551 2270 mlaeam,
578 2193 610 2252 et
634 2206 691 2272 per
706 2186 843 2252 eandem
868 2187 1016 2272 peruenit
1036 2185 1078 2252 ad
1097 2187 1198 2253 alium
1222 2195 1348 2272 portum
1368 2185 1411 2251 ad
1427 2185 1515 2269 uiam,

401 2300 433 2362 et
449 2314 505 2379 prr
522 2293 659 2361 eandem
675 2295 764 2360 uiam
781 2293 886 2360 tendit
905 2313 1019 2362 uersus
1039 2293 1247 2380 ooeidentem,
1265 2313 1328 2378 que
1342 2293 1398 2361 via
1412 2313 1514 2362 aseen-

398 2400 445 2468 dit
470 2401 513 2467 ad
539 2421 635 2468 unum
663 2402 834 2486 verticem,
861 2398 981 2468 deinde
1010 2402 1164 2468 similiter
1188 2420 1300 2468 uersus
1325 2400 1516 2467 oeoidentem

400 2509 443 2573 ad
458 2509 605 2574 arborem
621 2511 697 2596 9209
713 2517 878 2594 uocatum,
895 2507 1013 2576 exinde
1032 2508 1119 2576 eadit
1133 2510 1168 2576 in
1184 2509 1315 2576 fluuium
1332 2507 1515 2590 Ozomioha,

400 2616 509 2700 ibique
533 2620 619 2681 mete
644 2615 908 2682 determinantur.
942 2617 1063 2682 Datum
1082 2615 1255 2682 Dominioa
1279 2617 1430 2702 proxima
1449 2619 1518 2680 ante

402 2723 520 2788 festum
537 2721 728 2788 Sanctorum
753 2721 901 2808 Philippi
926 2727 959 2787 et
984 2722 1097 2790 Jaeobi
1123 2722 1359 2810 Apostolorum,
1380 2741 1466 2788 anno
1482 2721 1518 2785 nb

400 2828 630 2896 Inoamaeione
647 2829 779 2894 Domini
797 2829 1015 2896 M⁰OG⁰LXX⁰
1030 2829 1140 2896 terrio.

400 3006 435 3072 (A
448 3005 561 3075 ntgrdbi
583 3006 773 3074 kdptalannak
797 3009 874 3059 1³48.
900 3011 985 3072 ,feria
1006 3013 1083 3060 sexte
1103 3009 1227 3074 proxima
1247 3013 1309 3074 post
1330 3007 1436 3058 festum
1449 3005 1520 3057 Beati

400 3099 511 3149 Martini
524 3091 702 3148 consessoris“
720 3098 856 3160 ,Jaoobus
871 3097 942 3149 filius
956 3097 1043 3164 Pauly
1056 3098 1151 3150 Deaeh
1172 3097 1269 3150 nobilis
1282 3097 1315 3149 de
1329 3093 1435 3150 Vrbaz“
1448 3091 1520 3146 ners-

505 3184 565 3238 sdre
577 3185 684 3238 kiadott
703 3183 859 3248 dtirattbdl,
878 3201 895 3238 a
914 3185 995 3238 budai
1015 3188 1066 3239 kir.
1086 3189 1209 3240 kamarai
1227 3183 1419 3252 lertltdrbnn.)

938 3719 991 3784 ao.
1076 3683 1079 3689 ’

403 3915 513 3981 istorio
528 3935 635 3996 eomes,
651 3914 759 3981 Eodre
775 3917 929 3982 eorumrrek
946 3919 1058 4004 tisap'e,
1074 3925 1125 3981 ozt
1142 3915 1328 4001 bizonyr'tja,
1353 3916 1439 4000 dopy
1460 3913 1527 3979 Kar

540 4023 613 4088 dede
629 4023 708 4090 Illos
723 4025 795 4090 nelei
810 4027 841 4090 ds
858 4047 896 4090 aa
913 4023 1095 4110 edlanfdlaek
1109 4024 1199 4110 elopet
1215 4034 1276 4088 tett.
1303 4022 1401 4089 1273.

510 4216 578 4286 Nos
594 4218 778 4305 Stephanus
794 4219 920 4308 Comes,
944 4217 1092 4288 officialis
1108 4217 1241 4288 comitis
1257 4213 1402 4302 Andree,
1413 4215 1530 4282 damus

404 4344 463 4411 pro
478 4325 634 4394 memoria
642 4379 652 4415 ,
677 4325 764 4412 quod
790 4347 887 4414 super
902 4347 1013 4414 eausa,
1040 4345 1104 4412 que
1119 4327 1308 4395 uertebatur
1323 4321 1411 4389 inter
1427 4322 1530 4390 Elian

405 4430 507 4498 filium
524 4432 639 4502 Jaeobi
664 4434 706 4500 ab
721 4453 787 4501 una
802 4441 910 4520 parte,
938 4433 978 4504 de
994 4434 1136 4522 Kulked,
1162 4431 1286 4520 Joseph
1302 4430 1342 4499 de
1359 4429 1479 4498 eadem
1494 4447 1529 4496 er

405 4539 529 4626 altera3
552 4545 615 4625 qne
641 4540 743 4612 eniam
760 4534 922 4614 uentilata
941 4541 1002 4618 tuit
1017 4561 1128 4620 torem
1143 4541 1269 4612 conoe
1284 4537 1430 4615 Goraldo
1446 4543 1530 4608 ante·
