3146 5166
789 297 948 406 *aas*

302 505 405 570 torum
423 507 454 567 ct
470 491 634 570 Nobilium
650 497 753 586 Regni
769 501 884 585 nostri,
894 499 938 568 ad
949 505 1059 586 partes
1070 497 1292 584 Symigienses
1309 503 1342 563 et
1358 492 1428 563 uot-

302 626 420 676 neuses
435 607 650 696 accessimus,
682 608 716 674 in
732 608 853 674 eisdem
869 607 1015 691 partibus
1043 607 1172 676 diucius
1203 613 1426 693 peragrantes,

302 725 611 798 reuocassemusque
637 723 669 781 et
685 713 829 783 reuocari
851 711 1040 780 fecissemus
1056 715 1224 781 uniuersas
1241 719 1347 779 terras
1371 713 1427 776 lte·

303 819 429 906 ginales
445 838 501 908 per
516 836 725 904 quoscunque
750 827 946 907 occupatus,
973 821 1109 906 pupulos
1126 827 1254 888 nostros
1272 817 1428 885 condicio·

303 931 412 997 uarios
425 929 461 995 in
487 945 597 995 eornm
623 927 866 994 condicionibus
893 925 937 992 ad
962 928 1137 994 seruieium
1163 927 1258 993 nobis
1284 925 1426 991 debiturn

302 1035 440 1122 aplicari
457 1034 631 1120 faciendo'3
648 1041 753 1102 terras
770 1051 827 1102 seu
842 1034 942 1101 villas
959 1031 1151 1102 deuotarum
1168 1034 1372 1102 dominarum
1388 1031 1426 1099 de

300 1143 414 1210 Insula
429 1141 529 1210 Beate
544 1141 689 1227 Virginis
705 1141 828 1226 Kosuk,
844 1140 954 1225 Belch,
969 1141 1106 1229 Bakusy
1123 1150 1156 1209 et
1167 1138 1265 1207 Dada
1281 1147 1426 1226 uocatas,

299 1250 334 1318 iu
349 1249 546 1336 Symigiensi
577 1257 610 1316 et
625 1245 781 1316 'i'oluensi
797 1249 1012 1316 comitatibus
1039 1251 1228 1334 existentes,
1256 1267 1337 1334 quas
1364 1247 1426 1313 lfa·

300 1356 401 1440 gister
416 1355 531 1443 bloyus
554 1357 640 1423 bone
666 1356 818 1422 memorie
834 1354 957 1424 eisdem
985 1357 1188 1443 dominabus,
1216 1375 1288 1424 eum
1315 1361 1425 1439 ageret

300 1464 334 1529 in
350 1463 511 1552 extremis,
529 1465 570 1531 ob
586 1464 695 1530 anime
709 1481 766 1530 sue
781 1461 959 1530 remedium
977 1469 1008 1532 et
1022 1465 1170 1548 salutem,
1195 1483 1267 1530 cum
1284 1462 1425 1550 puplicis

301 1575 332 1638 et
348 1567 554 1638 euidentibus
584 1570 806 1638 instrumentis
821 1569 863 1638 de
892 1571 1124 1659 couniueucia,
1157 1571 1363 1656 beneplacito
1394 1577 1426 1634 et

302 1677 516 1767 permissione
531 1685 642 1746 nostra
657 1679 851 1764 contulerat,
883 1677 927 1744 ad
944 1681 1189 1763 suggestionem
1215 1677 1423 1762 quorumdam

300 1789 479 1856 emulorum
496 1788 682 1854 earumdem
698 1786 899 1854 dominarum
915 1787 1073 1872 iubrigari
1090 1786 1290 1869 fecissemus,
1307 1784 1424 1852 officia-

300 1896 348 1964 les
364 1895 506 1982 ipsarnm
522 1893 634 1980 spacio
654 1893 763 1978 exigui
780 1895 935 1980 temporis
951 1893 1108 1961 remoueri
1125 1893 1280 1962 facientes
1297 1893 1340 1959 ab
1364 1893 1422 1957 eis·

299 2003 389 2070 dem:
405 2002 482 2086 quia
497 2008 607 2068 tamen
622 2001 736 2068 ecdem
753 1999 883 2068 domine
897 2021 957 2085 per
973 2005 1199 2087 procuratores
1215 2019 1293 2068 suos
1320 1998 1419 2082 legiti-

299 2131 369 2178 mos
384 2129 458 2176 cum
468 2107 575 2176 studio
591 2105 807 2175 sollertissimi
822 2107 1168 2176 laborieinstrumeuta
1178 2117 1211 2176 et
1222 2107 1420 2174 munimenta

299 2235 361 2284 sua
376 2215 521 2284 exhiberi
538 2215 684 2282 fecerunt
701 2233 810 2282 coram
825 2214 927 2303 nobis,
945 2221 977 2282 et
993 2213 1115 2282 eisdem
1139 2215 1294 2302 inspectis
1320 2215 1417 2280 dona·
1546 2239 1547 2292 l

299 2323 423 2391 cionem
439 2345 495 2411 per
523 2323 701 2411 predictum
717 2323 907 2407 Magistrum
923 2323 1037 2409 bloyus
1052 2321 1173 2388 factam
1189 2321 1223 2387 iu
1239 2320 1320 2406 ipsis
1346 2341 1421 2404 qua·

299 2437 371 2499 tuor
386 2431 482 2498 terris
498 2451 555 2498 seu
571 2429 658 2498 villis
673 2429 801 2516 Kosulr,
825 2427 934 2513 Belch,
958 2428 1095 2516 ltalrusy
1120 2434 1152 2494 et
1177 2427 1274 2494 Dada
1300 2427 1420 2494 uocatis

298 2537 512 2624 comperimus
530 2556 601 2604 csse
617 2537 745 2619 iustam,
777 2535 953 2618 decentem,
987 2533 1149 2602 salubrem
1180 2539 1212 2600 et
1239 2533 1418 2616 honestam,

299 2643 428 2711 remotis
444 2649 476 2712 ot
490 2643 650 2710 reuocatis
666 2641 862 2708 officialibus
878 2642 998 2708 nostris
1015 2641 1058 2707 ab
1074 2639 1195 2708 eisdem
1222 2640 1322 2728 villis,
1349 2661 1418 2710 cum

299 2751 384 2818 omni
400 2751 587 2838 integritate
612 2758 644 2818 et
675 2749 876 2835 plenitudine
907 2768 1037 2817 suorum
1068 2747 1186 2818 iurium
1217 2747 1414 2834 reliquimus,

296 2857 505 2943 reddidimus,
534 2858 738 2926 restituimus
769 2863 802 2922 et
819 2855 946 2923 restitui
977 2855 1111 2924 fecimus
1142 2855 1289 2924 Ecclesie
1320 2857 1418 2924 Beate

296 2965 441 3049 Virginis
457 2965 498 3032 de
512 2967 625 3034 Insula
640 2965 728 3051 apud
744 2962 880 3050 Budam,
898 2970 932 3029 et
955 2955 1083 3030 deuotis
1098 2961 1292 3032 dominabus
1321 2963 1354 3028 in
1371 2983 1417 3028 ea·

297 3069 370 3137 dem
397 3071 545 3140 Ecclesia
570 3071 762 3156 degentibus
779 3075 811 3136 et
841 3069 911 3136 Deo
928 3069 1048 3153 iugiter
1078 3069 1322 3152 famulantibus,
1352 3069 1418 3138 iure

295 3185 452 3264 perpetuo
467 3179 603 3264 pacifice
620 3185 653 3245 et
667 3175 923 3244 irreuocebiliter
949 3175 1188 3262 possidendas,
1205 3175 1415 3244 collacioueuu

272 3283 438 3370 ipsarum
454 3287 696 3370 possessionum
712 3304 772 3370 per
797 3283 989 3367 Magistrum
1014 3283 1129 3368 Moyns
1155 3285 1240 3350 boue
1265 3283 1415 3350 memorie

294 3393 414 3460 factam
423 3443 432 3476 ,
461 3399 568 3461 ratam
578 3443 587 3479 ,
608 3399 736 3477 gratam
751 3389 908 3458 habentes
925 3397 959 3457 et
974 3397 1161 3477 acceptum,
1188 3390 1415 3458 renunciantes

293 3498 486 3566 auctoritate
499 3501 702 3585 presencium
718 3499 806 3567 omni
822 3498 883 3565 iuri
908 3495 1072 3584 Regiuali,
1099 3497 1128 3565 si
1153 3497 1240 3582 quod
1256 3519 1316 3566 nos
1341 3517 1414 3580 quo·

294 3623 421 3689 cunque
459 3605 554 3674 modo
585 3605 619 3672 in
650 3607 746 3674 factis
775 3607 994 3693 predictarum
1025 3603 1264 3690 possessionum
1296 3605 1416 3698 Kouni,
1545 3673 1546 3712 ἐ

293 3709 402 3798 Belch,
419 3711 555 3800 Rckusy
572 3718 605 3780 et
619 3712 714 3780 Dada
730 3719 918 3782 uocatarum
935 3709 1122 3795 contingere
1142 3717 1255 3798 posset
1281 3711 1325 3779 ad
1349 3730 1416 3797 pre·
1545 3771 1546 3810 z

291 3837 366 3886 sens
378 3870 388 3905 ,
418 3819 472 3886 uel
488 3819 591 3887 eciam
608 3819 819 3906 infuturum,
842 3841 914 3888 cum
940 3821 973 3886 iu
999 3817 1234 3886 donacionibus
1260 3816 1415 3901 Ecclesijs
1545 3829 1546 3896 j

292 3923 365 4010 Dei,
381 3927 552 4008 presertim
569 3929 758 4014 religiosam
775 3929 880 4002 vitam
893 3927 1095 4006 ducentibus,
1113 3927 1218 4006 factis,
1239 3933 1273 3993 et
1297 3933 1415 4012 tempo-

292 4030 406 4098 raliter
430 4039 461 4098 et
485 4033 697 4119 spiritualiter
720 4057 787 4103 non
813 4036 964 4103 inmerito
988 4051 1156 4122 speremus
1181 4031 1349 4118 gratulari.
1375 4033 1414 4099 Vt

291 4135 389 4222 igitur
405 4139 499 4207 huius
526 4149 635 4210 nostre
660 4143 851 4211 donacionis
881 4161 939 4210 seu
965 4139 1155 4209 collaciouis
1185 4139 1288 4209 series
1320 4141 1414 4206 robur

291 4245 439 4328 optineat
454 4253 612 4333 perpetue
641 4249 813 4335 firmitatis,
839 4269 901 4316 nec
924 4265 1077 4334 processu
1102 4253 1281 4332 temporum
1307 4246 1413 4312 ualeat

289 4369 348 4437 per
373 4353 557 4440 quempiam
583 4355 619 4424 in
644 4358 769 4425 irritum
795 4357 976 4443 retractari,
1002 4360 1172 4439 presentes
1195 4353 1412 4421 concessimus

290 4456 417 4524 litteras
433 4459 572 4547 duplicis
587 4465 691 4549 sigilli
706 4465 808 4532 nostri
823 4463 1001 4532 munimine
1016 4463 1197 4530 roboratas.
1214 4461 1336 4527 Datum
1353 4479 1408 4544 per

292 4577 408 4638 munus
422 4567 627 4640 Venerabilis
642 4572 752 4643 fratris
767 4571 890 4640 domini
906 4569 1074 4639 Benedicti
1091 4568 1244 4655 Episcopi
1271 4565 1410 4654 Wespri-
