3080 5160
258 599 261 604 ‚
333 514 527 602 Hospitalis,
544 520 576 581 et
592 519 708 600 castro,
726 511 818 594 turri,
834 529 872 576 ae
887 507 1037 577 domibus
1052 507 1351 598 Archiepiseopatus
1363 511 1422 580 Stri-

331 622 495 710 gcniensis
511 621 546 688 in
561 617 673 690 eadem
688 619 798 687 insula
813 617 1007 701 constitutis,
1028 639 1098 686 cum
1114 617 1223 702 muris,
1238 617 1339 705 terris,
1352 615 1423 685 bali-

330 733 491 801 tatoribus
505 730 708 818 presentibus
724 736 757 796 et
781 727 915 811 futuris,
944 747 983 794 ae
999 725 1075 794 aliis
1091 725 1303 811 utilitatibus,
1319 722 1424 810 damus,

335 839 493 908 donamus
516 844 548 906 et
572 837 780 908 consedimus
805 835 935 905 domiue
952 834 1133 923 Elysabetb
1156 833 1328 903 karissime
1341 833 1427 902 sorori

334 955 456 1036 nostre,
471 965 511 1013 ac
526 945 674 1016 omnibns
701 943 901 1031 dominabus,
918 943 1082 1012 sororibus
1099 939 1248 1012 videlicet
1260 943 1425 1029 Monastenj

331 1053 433 1124 Reate
450 1054 594 1141 Virginis
608 1055 643 1124 in
659 1053 775 1123 eadem
790 1053 899 1121 insula
922 1050 1041 1138 iugiter
1057 1049 1130 1118 Dec
1154 1049 1383 1138 famulantibus,
1402 1060 1427 1118 et

332 1163 526 1232 llouasterio
541 1161 737 1249 supradicto,
753 1167 909 1248 perpetuo
924 1166 957 1227 et
971 1158 1232 1228 inreuocubiliter
1242 1159 1428 1246 possidenda.

332 1270 484 1340 Voleutes
499 1278 531 1340 et
541 1270 765 1356 consedentes,
777 1268 897 1354 quoda
912 1265 1007 1336 modo
1017 1274 1082 1335 tam
1098 1268 1204 1355 ipsum
1218 1267 1427 1336 Monasteriuu

332 1379 477 1468 Virginis
491 1381 689 1465 intemerate,
716 1398 813 1465 quam
839 1377 991 1447 uniuerse
1015 1397 1142 1446 sorores
1157 1377 1191 1443 in
1214 1377 1327 1446 ecdem
1342 1376 1426 1445 felici·

332 1495 382 1557 ter
396 1487 571 1574 degentes,
601 1487 780 1556 collacione
795 1486 892 1554 huius
908 1483 1013 1553 insule
1039 1505 1097 1573 per
1112 1504 1172 1552 nos
1186 1485 1337 1570 regaliter
1349 1485 1428 1570 lacu,

332 1616 446 1668 secure
461 1605 494 1665 et
507 1596 634 1664 illibate
659 1593 823 1682 gaudeant
849 1593 1064 1682 elimentur,
1090 1616 1155 1663 non
1179 1594 1376 1663 obstantibus
1389 1594 1428 1660 lit·

332 1704 410 1774 teris
426 1723 484 1773 seu
501 1704 577 1790 alijs
592 1701 828 1789 instrumentis,
845 1701 874 1769 si
890 1721 953 1786 que
969 1709 1036 1769 tam
1051 1699 1313 1789 predecessorum
1327 1708 1428 1770 nostro·

333 1835 403 1882 rum
427 1812 599 1880 illustrium
624 1813 747 1896 Regum
771 1809 959 1899 Hungarie,
986 1830 1084 1894 quam
1108 1811 1227 1880 nostris
1252 1812 1429 1900 temporibus

333 1921 569 2006 quomodolibet
585 1926 818 2007 processerunt,
844 1921 898 1987 rel
915 1920 1128 2008 inposterum
1152 1928 1347 2004 emanarent,
1361 1939 1428 2005 quas

334 2038 367 2100 et
381 2049 443 2114 que
469 2029 659 2098 auctoritate
674 2030 897 2116 presencium,
914 2049 956 2096 ne
970 2029 1127 2115 premisse
1151 2029 1324 2098 collacioni
1339 2033 1429 2094 nostre

334 2137 544 2226 preiudicium
560 2143 715 2222 generent
729 2138 782 2206 sel
799 2157 987 2225 grauameu,
1008 2156 1206 2226 reuooamus,
1222 2156 1392 2224 emsamus,
1405 2143 1429 2202 et

332 2247 456 2335 pariter
471 2245 642 2314 irritamus.
657 2247 739 2313 Item
755 2265 866 2313 omnes
891 2245 1110 2315 alienaeicnes
1144 2267 1241 2333 super
1256 2255 1347 2332 parte
1362 2245 1430 2312 dicte

333 2354 439 2423 insule
454 2373 581 2440 quoquo
597 2353 691 2422 modo
706 2353 811 2422 factas
820 2406 830 2442 ,
857 2353 928 2422 siue
939 2375 998 2441 per
1020 2355 1149 2423 modum
1165 2355 1355 2424 donacionis
1368 2355 1430 2422 sim·

333 2463 439 2552 plicis,
454 2471 512 2531 aut
527 2459 739 2546 vendicionis,
751 2463 804 2530 vel
832 2463 1068 2550 conposicionis
1084 2463 1262 2549 cuicunque
1277 2462 1432 2532 communi-

334 2575 398 2642 cati
416 2571 511 2662 (igy),
535 2575 588 2642 uel
612 2588 750 2660 persone
774 2573 902 2658 priuato
928 2593 1159 2660 aquocunque
1174 2571 1247 2662 (igy
1263 2575 1434 2662 ,cuiuscun-

335 2681 416 2765 que“
435 2681 572 2770 helyett)
588 2681 788 2750 auctoritatis
805 2681 932 2750 bomine
955 2681 1025 2750 siue
1039 2684 1081 2751 ab
1098 2683 1178 2770 ipsis
1194 2685 1354 2753 sororibus
1368 2681 1434 2750 dicti

333 2790 523 2875 llcnasterij
542 2791 643 2859 Beate
658 2789 821 2880 Virginis,
846 2809 904 2859 seu
928 2791 1073 2862 aPriore
1099 2793 1300 2862 Prouinciali
1316 2791 1433 2860 Ordinis
1507 2875 1508 2884 ἵ

332 2897 481 2966 Fratrum
495 2897 746 2984 Prodicutorum,
760 2900 861 2967 eciam
872 2919 944 2967 cum
954 2900 1070 2968 litteris
1086 2907 1119 2968 et
1129 2901 1349 2970 instrumentis
1364 2900 1439 2986 ipsu·

333 3025 402 3074 rum
418 3027 562 3075 sororum
578 3006 722 3094 etipsius
734 3007 854 3075 Prioris
870 3007 1083 3078 Prouincialis
1093 3010 1234 3094 firmatis,
1252 3027 1436 3090 resecamus,

333 3134 512 3204 cassamus,
528 3121 562 3184 ct
575 3115 684 3184 irritas
708 3134 780 3184 esse
803 3114 1055 3204 denunciamus;
1078 3139 1150 3186 cum
1174 3119 1356 3187 huiusmodi
1370 3118 1439 3183 alie·

260 3265 263 3272 ι
333 3224 485 3292 naciones
501 3223 573 3292 sine
595 3225 916 3294 nostraauctoritate
947 3231 979 3294 et
1000 3227 1204 3314 beneplacito
1229 3229 1299 3297 fieri
1316 3247 1379 3294 non
1395 3224 1438 3291 de·

333 3332 430 3400 beant
453 3353 557 3418 neque
581 3335 715 3419 possint.
745 3333 784 3401 In
800 3333 892 3403 cuius
916 3333 964 3402 rei
985 3336 1174 3404 memoriam
1199 3343 1440 3423 perpetuamque

332 3437 515 3508 firmitatem
529 3447 696 3527 presentes
706 3443 922 3511 concessimus
932 3442 1060 3511 litteras
1075 3444 1215 3538 duplicis
1229 3446 1330 3530 sigilli
1345 3442 1437 3512 nostri

332 3547 508 3618 munimine
523 3549 699 3618 roboratas.
716 3550 835 3616 Datum
850 3570 909 3636 per
931 3571 1047 3618 manus
1063 3551 1195 3622 discreti
1210 3554 1270 3623 viri
1285 3549 1438 3639 Prepositi

330 3653 507 3743 Scipieusis
520 3656 668 3743 Magistri
692 3657 909 3727 Bartholomei
933 3661 1009 3729 aule
1033 3668 1141 3728 nostre
1158 3662 1237 3728 Vico
1252 3657 1438 3743 Cancellarij

331 3761 444 3833 dilecti
467 3773 499 3833 et
523 3765 630 3834 tidelis
654 3767 773 3854 nostri,
808 3788 895 3836 anno
925 3769 1055 3838 Domini
1086 3771 1206 3839 M⁰CO⁰
1231 3768 1440 3856 octuagesimo

331 3873 439 3942 tercio.

331 4067 469 4137 (Eredetie
481 4071 654 4144 bdrbdrtydn,
668 4077 782 4146 melyrttl
794 4093 812 4130 s
829 4075 919 4146 kirtly
932 4077 1021 4132 kettbs
1032 4077 1206 4148 peesdtjduels
1217 4079 1345 4134 tbredtlre
1359 4083 1442 4134 verce

414 4159 493 4230 uirga
504 4163 734 4232 aelyemasindron
746 4171 821 4237 ttlgg,
835 4184 853 4221 a
865 4170 950 4223 budsi
962 4170 1016 4222 kir.
1030 4170 1154 4223 kamarai
1166 4169 1336 4226 levtltdrbun
1348 4171 1358 4240 )
