3140 5150
803 327 960 430 „rap-

321 525 449 592 modum
465 523 596 591 rediens
621 522 732 590 retulit
757 522 862 607 nobis,
886 522 974 606 quod
1000 521 1087 590 idem
1111 523 1268 608 Magister
1292 523 1329 589 Ρ.
1353 520 1447 588 homo

320 631 441 698 domiui
455 629 556 714 Regis
573 629 766 716 Dyonisium
786 627 826 696 de
842 628 935 714 (lhuy
961 636 996 696 et
1018 628 1135 698 iratres
1154 628 1196 697 de
1210 630 1321 698 insula
1336 629 1446 696 Sancti

319 739 416 805 Alexi
434 737 474 805 de
490 738 657 821 Fuzegthu
672 745 786 807 contra
801 739 931 804 Petrum
956 744 989 804 et
1012 739 1201 806 Marcellum
1222 736 1380 805 officiales
1396 757 1443 804 su·

322 866 428 913 rorum
445 847 486 912 de
503 846 613 913 Insula
630 847 730 913 Beate
745 847 846 914 Mario
863 845 1007 930 Virginis
1024 843 1067 910 ad
1082 847 1220 934 Regiam
1245 845 1361 914 citauit
1375 864 1442 930 pre

320 955 462 1021 sentiam
478 954 512 1018 in
526 953 611 1020 feria
626 962 742 1037 quarta
768 954 916 1039 proxima
939 959 1017 1021 ante
1043 954 1247 1022 Dominieam
1267 953 1364 1022 Oculi
1381 953 1442 1020 mei

320 1060 362 1127 ad
378 1060 575 1145 quindenam
592 1062 736 1130 eiusdem
752 1061 835 1128 serie
850 1068 974 1146 quarte.

427 1169 547 1235 Ktotl:
571 1169 663 1256 lloys
679 1169 789 1237 Judlci
814 1169 909 1236 Curio
936 1168 1067 1238 domimi
1093 1167 1191 1252 Regis
1208 1175 1240 1235 et
1256 1167 1371 1236 Comiti
1388 1169 1444 1254 Sy·

318 1276 467 1359 migiensi
483 1295 541 1362 pro
557 1278 654 1344 Petro
672 1285 705 1346 et
722 1277 885 1344 Marcello.

318 1457 455 1524 (Erodetio
469 1452 643 1523 blirlrlrtyrlm
664 1455 835 1524 scirpocset
848 1454 990 1522 lemillott
1019 1472 1037 1510 a
1058 1457 1141 1510 budui
1155 1459 1209 1509 lrir.
1224 1459 1347 1509 kamaraci
1360 1454 1442 1508 lar-ll·

818 1544 936 1614 terbum.)

774 1851 989 1867 —

842 2372 917 2442 loc.

316 2571 347 2638 Α
363 2571 640 2660 sztkecfelrdrcdrr'
655 2573 881 2661 kdptclouuolc
902 2549 1066 2658 polentem,
1099 2573 1182 2660 lscpy
1198 2572 1323 2655 Made,
1354 2573 1442 2638 Peter

316 2681 471 2746 corrmsuele
481 2681 543 2764 fio,
559 2683 590 2746 e'o
606 2681 805 2747 erdektdrsae'
823 2675 1048 2747 sams-Mettus
1065 2684 1161 2746 verce
1177 2680 1321 2746 Benedelc
1337 2689 1441 2746 certer*

491 2790 580 2875 pomi
595 2789 742 2854 &seducit
757 2789 789 2854 ds
805 2789 1005 2855 testcdreioelc
1024 2789 1141 2854 docta.
1168 2789 1266 2856 1276.

423 2985 608 3068 Capitulum
636 2983 786 3054 Albensis
810 2984 959 3053 Ecclesie
985 2985 1134 3052 omuibus
1149 2982 1270 3051 Christi
1288 2981 1439 3050 fidelibus

314 3097 497 3178 presentem
512 3093 667 3178 paginam
683 3091 875 3178 inspecturis
892 3093 1028 3160 salutern
1049 3091 1083 3157 in
1099 3092 1239 3158 Domino
1255 3093 1336 3159 Jesu
1351 3089 1439 3157 Chri-

313 3205 372 3268 sto.
410 3203 493 3267 Acta
519 3201 625 3266 solent
649 3197 815 3268 hominum
835 3221 907 3269 cum
923 3198 1092 3268 fraudibus
1107 3197 1297 3284 anichilari‚
1330 3196 1359 3263 si
1374 3216 1439 3263 non

315 3307 475 3375 cautelam
492 3306 637 3375 dederint
652 3328 711 3394 per
728 3312 850 3394 scripta
865 3307 983 3377 notari.
1007 3307 1149 3375 Proinde
1174 3305 1295 3374 noticie
1311 3310 1439 3372 cuncto-

313 3435 383 3481 rum
414 3422 526 3484 tenore
557 3417 761 3503 presencium
793 3416 1017 3486 declaramus:
1041 3413 1127 3500 quod
1149 3413 1328 3480 Ladizlaus
1355 3411 1440 3479 tilius

315 3522 450 3590 Comitis
465 3525 565 3611 Petri,
582 3523 748 3591 Dionisius
774 3523 874 3592 Fiuta
893 3523 1018 3612 dictus,
1044 3521 1158 3589 Choba
1173 3527 1206 3588 et
1219 3519 1312 3587 Band
1327 3518 1370 3585 de
1385 3519 1440 3585 Al-

313 3627 391 3694 mad
406 3629 447 3696 ab
465 3649 531 3696 una
546 3638 659 3717 parte:
681 3630 767 3699 idem
783 3631 940 3716 Magister
957 3629 1151 3697 Benedictus
1167 3609 1303 3696 Electus
1320 3627 1441 3712 Strigo·

313 3734 443 3821 niensis,
469 3737 619 3806 Dedulus
636 3737 981 3826 concamarationes,
1006 3737 1096 3805 Belo
1121 3741 1154 3803 et
1176 3734 1363 3820 Stephanus
1381 3733 1441 3802 lra-

220 3870 223 3876 .
313 3851 378 3912 tres
394 3843 444 3911 sui
461 3846 504 3911 ab
520 3846 634 3931 altera,
662 3865 771 3914 coram
787 3845 881 3914 nobis
896 3843 1110 3933 personaliter
1135 3841 1312 3929 constituti,
1342 3839 1440 3927 ijdem
1469 3883 1474 3888 -

312 3949 501 4039 bodleiana,
523 3952 701 4042 Dionisius‚
719 3952 832 4023 Ohaba
847 3961 879 4020 et
893 3951 990 4020 Band
1007 3952 1170 4039 quoddam
1186 3957 1328 4019 castrum
1345 3951 1441 4018 Scen-

312 4057 451 4146 miolosy
467 4066 617 4128 uocatum
627 4082 699 4129 curn
716 4060 863 4130 omnibus
879 4061 922 4129 ad
938 4081 975 4129 se
990 4059 1216 4146 spectantibus
1242 4066 1274 4126 et
1292 4057 1441 4126 utilitati-

312 4166 372 4232 bus
389 4165 455 4234 suis
472 4167 652 4252 vniuersis3
678 4168 765 4253 quod
780 4167 935 4236 videlicet
960 4172 1100 4235 castrum
1124 4187 1184 4253 pro
1213 4165 1289 4258 labe
1305 4163 1442 4231 infideli·

312 4272 388 4339 tatis
405 4271 514 4340 Ochuz
539 4273 618 4360 lilijs
645 4274 781 4344 Comitis
811 4273 905 4360 Jurk,
931 4280 963 4341 et
979 4275 1082 4341 eciam
1114 4272 1192 4358 quia
1216 4271 1306 4340 idem
1330 4270 1441 4340 Ochus

310 4381 382 4447 sine
397 4379 552 4449 heredum
568 4380 708 4449 decessit
723 4380 856 4468 solacio,
880 4380 1029 4449 dominus
1046 4381 1136 4465 Rex,
1160 4380 1244 4448 sicut
1258 4379 1374 4466 femur,
1398 4381 1442 4448 ab

310 4489 382 4573 ipso
396 4488 571 4555 auterendo
589 4488 766 4558 Benedicto
790 4488 902 4557 Eleeto
929 4497 962 4557 et
988 4490 1099 4558 Primo
1127 4488 1319 4572 contulerat,
1342 4507 1439 4572 quam

278 4583 285 4592 “
309 4601 429 4663 terram
445 4603 477 4662 et
493 4595 578 4681 quod
594 4603 734 4667 castrum
751 4616 809 4682 per
824 4619 886 4668 nos
901 4598 1091 4683 interrogati
1117 4617 1154 4665 se
1178 4595 1300 4664 habere
1316 4614 1440 4664 asscre-
