3080 5160
558 317 722 432 Qe-

88 523 164 597 sioni
180 521 346 606 sanguinis
364 519 603 592 satisfaccicnis
617 529 955 612 recompensacionem
965 525 1085 614 iacere,
1100 553 1198 616 quan-

88 637 157 703 dam
172 645 291 705 terram
317 655 408 703 suam
433 635 668 705 Herkuiteleke
694 640 758 708 alic
783 641 916 710 nomine
940 640 1025 710 irmo
1041 649 1201 730 vocatam,

88 751 154 817 siue
169 749 299 818 racione
315 747 465 833 empticie
481 755 538 815 aut
553 749 830 834 inpignoracionis
840 752 912 819 siue
922 771 980 838 per
990 752 1199 820 collacicncm

88 867 117 926 et
131 857 345 926 donacionem
369 856 490 923 domini
516 859 619 925 nostri
634 860 743 946 Regis,
760 880 843 927 neue
858 859 1053 930 hereditarie
1068 862 1111 929 ad
1126 881 1201 928 eun·

89 968 158 1033 dem
174 967 364 1050 Magistrum
379 966 560 1034 Dionisium
578 966 733 1035 deuolute
748 969 920 1059 extitisset,
940 969 1096 1057 predictis
1112 971 1202 1038 nobi·
1249 997 1252 1016 =

89 1077 172 1144 libus
188 1076 341 1144 videlicet
355 1073 438 1142 Abel
454 1081 487 1142 et
501 1076 602 1162 [pach
627 1098 687 1163 pro
706 1077 848 1162 ipsorum
864 1079 1018 1148 effusione
1034 1081 1203 1166 sanguinis

88 1187 179 1256 dedit
202 1185 335 1253 donauit
351 1192 383 1252 et
407 1186 543 1254 contulit
559 1205 666 1253 coram
683 1187 786 1274 nohis,
801 1189 835 1254 in
850 1188 935 1256 tilios
950 1187 1086 1256 filiorum
1104 1197 1136 1257 et
1150 1189 1203 1256 he·

89 1297 201 1363 redum
217 1315 273 1381 per
289 1294 436 1382 heredes,
463 1295 658 1363 volentibus·
671 1295 755 1385 (tgy)
780 1297 921 1365 omnium
936 1299 1083 1383 fratrum,
1098 1297 1204 1384 proxi·
1276 1277 1283 1292 ’

89 1426 213 1474 morum
239 1412 271 1474 et
285 1410 493 1489 cognatorum
511 1425 648 1490 suorum,
665 1405 921 1474 irreuccabiliter
936 1406 1117 1492 tenendam,
1134 1426 1206 1493 pos·

89 1514 257 1584 ridendam
273 1513 397 1601 pariter
413 1519 444 1580 et
459 1511 651 1581 habendam.
667 1513 737 1582 Hoc
750 1535 815 1582 non
832 1515 1047 1602 pretermisso,
1058 1515 1086 1582 si
1101 1512 1205 1580 dictos

87 1624 225 1711 nobiles,
250 1623 375 1691 scilicet
397 1622 480 1689 Abel
504 1630 537 1689 et
560 1621 670 1710 Ipach,
689 1624 808 1691 dictam
839 1633 962 1692 terram
993 1624 1134 1692 rendere
1153 1622 1207 1689 vcl
1304 1609 1308 1620 ’

87 1733 218 1821 pignori
233 1731 392 1818 obligare,
409 1733 481 1798 siue
496 1751 624 1816 quoquo
640 1732 734 1799 modo
745 1733 890 1800 alienare
900 1733 1099 1818 contitigerit
1109 1729 1207 1823 (lgy),

87 1849 210 1908 extunc
234 1839 355 1907 nemini
379 1841 476 1906 alteri
499 1841 564 1908 nisi
589 1840 692 1907 eidem
716 1840 874 1926 Magistro
893 1841 1045 1910 Dionisio
1061 1841 1126 1909 filio
1142 1842 1209 1908 Ste-

89 1948 194 2036 phani
221 1957 278 2015 aut
305 1948 373 2016 suis
389 1947 563 2016 heredibus
577 1949 718 2017 vendere
734 1947 816 2037 (vel)
832 1951 979 2036 obligare
994 1951 1121 2037 pignori
1137 1971 1210 2037 pos·

86 2059 164 2126 sint
191 2058 273 2125 Item
298 2057 417 2124 ibidem
433 2056 467 2124 in
484 2057 596 2124 eodem
612 2058 746 2124 instanti
764 2059 917 2145 predictis
933 2060 1106 2144 nobilibus,
1122 2059 1210 2125 vide·
1328 2089 1330 2096 ·

88 2169 173 2234 licet
189 2167 271 2234 Abel
289 2173 321 2234 et
337 2165 437 2252 Ipaeh
462 2166 608 2234 similiter
633 2169 848 2256 personaliter
864 2189 971 2236 coram
987 2169 1082 2236 nobis
1099 2167 1213 2235 consti-

85 2277 182 2362 tutis,
202 2275 322 2342 dictam
338 2281 456 2342 terram
472 2275 617 2360 ipsorum
641 2276 874 2344 Hcrkulteleke
889 2285 1036 2346 vocatam
1054 2276 1212 2363 prenomi-

84 2393 168 2453 nato
193 2385 348 2470 Magistro
373 2384 524 2452 Dionisio
550 2385 678 2452 domino
694 2387 833 2472 ipsorum
850 2408 909 2474 pro
926 2387 1117 2471 quibusdam
1132 2387 1214 2472 ipso-

86 2517 163 2564 rum
182 2493 433 2562 necessitatibus
449 2493 562 2562 arduis
578 2501 654 2562 tunc
670 2496 759 2580 ipsos
783 2494 1060 2582 compellentibus,
1077 2492 1215 2580 receptis

85 2605 131 2670 ah
151 2602 270 2670 ecdem
285 2600 440 2687 Magistro
456 2603 605 2670 Dionisio
621 2611 747 2671 centnm
763 2603 894 2670 florenis
910 2622 967 2687 per
983 2609 1110 2669 centum
1121 2602 1215 2668 dena-

83 2715 157 2780 rios
188 2710 396 2799 numerando,
422 2711 526 2778 eidem
551 2732 661 2779 coram
687 2713 780 2780 nobis
806 2712 933 2800 pignori
953 2711 1140 2796 obligarunt
1155 2709 1215 2776 tali

83 2822 214 2905 mod0;
230 2821 260 2888 si
275 2818 451 2904 aliquando
467 2819 619 2906 temporis
634 2821 669 2888 in
684 2841 834 2889 successu
854 2821 932 2906 dicti
948 2821 1072 2889 nobiles
1095 2824 1151 2887 aut
1166 2819 1218 2886 sui

82 2929 235 2999 heredes
250 2930 487 3016 preallegatam
503 2937 621 2998 terram
639 2951 660 2997 a
686 2931 908 3016 prenominato
933 2931 1092 3016 Magistro
1107 2928 1217 2994 Dioni·

83 3043 141 3108 sio
159 3037 217 3106 vel
233 3059 255 3104 a
269 3039 337 3106 suis
353 3039 597 3125 posteritatibus
613 3061 672 3126 pro
683 3040 778 3108 dictis
788 3039 1052 3108 centumflcrenis
1062 3036 1220 3105 redimere

82 3158 121 3218 et
150 3149 299 3216 liberare
323 3149 460 3236 possint,
486 3155 603 3216 extunc
627 3149 693 3216 iam
716 3149 821 3216 dietus
836 3148 992 3232 Magister
1006 3145 1174 3214 Dionisius
1189 3149 1222 3209 et

83 3278 154 3324 sua
173 3259 349 3342 posteritas
367 3253 502 3324 reddere
518 3262 550 3322 ct
574 3257 743 3324 restituere
767 3277 807 3324 ac
821 3257 983 3324 remittere
998 3253 1092 3321 dictis
1107 3253 1222 3320 nobili-

82 3371 156 3435 bus
177 3371 213 3433 et
229 3363 297 3432 suis
312 3365 486 3432 heredibus
501 3371 707 3451 tenerentnr;
725 3367 768 3434 ad
779 3365 866 3449 quod
876 3365 1054 3451 prelibatus
1067 3364 1223 3448 Magister

80 3474 269 3545 Dionisius
293 3493 330 3542 se
354 3479 511 3540 ettotam
536 3495 627 3542 suam
653 3475 900 3560 generacionem
916 3475 987 3541 siue
1002 3473 1223 3560 posteritatem

82 3605 212 3655 coram
237 3581 331 3651 nobis
359 3589 539 3670 spontanea
557 3603 619 3652 sua
634 3583 800 3651 voluntate
816 3583 906 3652 nullo
923 3589 1034 3651 coacto
1049 3583 1224 3666 obligauit.

82 3697 240 3782 Insuper
258 3692 373 3778 dictus
398 3693 556 3779 Magister
580 3695 750 3762 Dionisius
770 3693 920 3760 similiter
936 3687 1046 3760 cc'ram
1062 3691 1157 3759 nohis
1173 3698 1225 3757 est

82 3805 293 3888 confessus;
309 3803 396 3888 quod
412 3803 440 3870 si
455 3804 528 3890 ipse
543 3803 595 3870 vel
610 3823 671 3870 suc
695 3801 868 3890 posteritas
885 3801 965 3870 visis
981 3801 1126 3886 ipsorum
1143 3799 1226 3866 litte-

79 3914 133 3981 ris
153 3911 425 3999 priuilegialibus
441 3919 474 3980 et
488 3912 640 3999 perlectis
657 3931 769 3980 earum
786 3909 1001 3995 continencijs
1013 3909 1146 3996 habitis,
1158 3923 1227 3991 pre·

80 4025 241 4090 libatam
257 4027 377 4088 terram
393 4021 549 4107 predictis
575 4021 750 4104 nobilibus,
765 4020 891 4089 scilieet
905 4019 988 4088 Abel
1011 4025 1043 4086 et
1059 4013 1161 4104 Ipach
1176 4015 1229 4082 vel

79 4133 162 4200 suis
183 4128 362 4198 heredibus
378 4151 437 4218 pro
453 4129 551 4198 dietis
567 4137 696 4199 centum
711 4129 858 4198 florensis
875 4127 1010 4196 reddere
1023 4133 1056 4192 et
1067 4125 1229 4190 remittere

81 4245 307 4327 recusarent,
333 4247 452 4308 extunc
476 4241 552 4328 ipsi,
570 4240 696 4309 seilicet
713 4239 870 4325 Magister
884 4235 1049 4304 Dionisius
1065 4241 1099 4302 et
1114 4233 1163 4301 sui
1180 4233 1231 4300 he

80 4351 213 4434 redes,
229 4355 341 4416 contra
365 4356 537 4418 annotatos
561 4351 689 4420 nobiles
715 4357 749 4417 et
773 4367 904 4418 suorum
934 4343 1020 4436 (tgy)
1045 4341 1182 4410 heredes
1197 4341 1232 4406 in

80 4461 322 4531 estimatione
349 4460 492 4545 predicte
517 4467 603 4530 terre
628 4469 661 4528 et
685 4463 719 4528 iu
736 4457 890 4527 hcmadio
906 4456 998 4525 vuius
1014 4451 1133 4520 nobilis
1149 4449 1234 4516 hanc

77 4591 239 4642 causam
271 4569 455 4654 inquietare
486 4573 646 4656 volentis,
684 4571 838 4640 videlicet
868 4564 1087 4653 quadraginta
1117 4559 1236 4628 marcis

92 4679 449 4758 conuincerentur.1u
464 4701 600 4764 quorum
617 4681 758 4748 omnium
776 4679 1005 4764 premissorum
1021 4671 1237 4741 testimonium

1015 4785 1078 4854 22*
