3146 5166
854 923 932 989 396.

328 1123 387 1189 IV.
412 1124 530 1189 Lceztc
544 1123 655 1208 ktrcty
671 1121 865 1208 meqcnqedi,
875 1123 958 1207 hoyy
975 1145 997 1184 a
1013 1121 1210 1228 cyctlsziyetc'
1224 1117 1432 1205 apdczasc'nciu

410 1229 556 1296 Cinolnck
571 1239 650 1294 nevit
657 1229 862 1315 juieza'qcibaa
877 1234 977 1294 cdsdr
992 1231 1159 1294 tentasset.
1177 1229 1228 1291 Ec
1244 1229 1359 1293 actual.

437 1427 504 1494 Nos
519 1425 698 1493 Ledizlaus
713 1425 775 1490 Dei
794 1424 906 1508 gracia
931 1427 1002 1492 Rex
1018 1425 1185 1508 Hungarie
1204 1423 1354 1490 memorie
1367 1442 1434 1488 ccm-

329 1531 519 1601 mendantes
535 1533 754 1617 significamus
771 1538 882 1598 tencre
898 1533 1101 1616 presencium
1122 1524 1292 1617 uniuersis,
1308 1527 1387 1614 quod
1400 1527 1435 1592 ad

328 1639 520 1725 peticionem
538 1639 667 1706 domine
683 1638 849 1705 Elisabeth
866 1639 986 1705 sororis
1002 1647 1133 1724 nostre,
1152 1643 1185 1703 ct
1199 1639 1338 1705 aliarum
1353 1633 1435 1701 dumi·

328 1767 443 1813 narum
459 1767 605 1814 sororum
623 1747 664 1812 dc
690 1746 802 1812 Insula
818 1746 937 1811 Sancte
953 1745 1066 1825 Marie,
1082 1744 1123 1810 dc
1139 1748 1251 1829 gracia
1267 1743 1396 1830 speciali
1409 1741 1436 1804 in

329 1852 469 1938 quadam
485 1855 566 1920 uilla
582 1873 644 1922 suu
658 1851 810 1918 Chclnuk
835 1858 955 1920 vocat-c
970 1853 1053 1918 feria
1069 1859 1184 1936 quarta
1198 1853 1304 1918 forum
1319 1851 1436 1916 liberum

330 1961 551 2026 concessimus
567 1959 733 2026 celebrari.
745 1955 836 2060 Vnde
854 1960 1003 2025 volumus
1015 1960 1142 2044 publice
1157 1959 1358 2044 proclamari,
1366 1955 1438 2040 quud

330 2065 512 2150 quicunque
528 2067 570 2132 ad
586 2065 693 2152 ipsum
719 2066 823 2133 forum
841 2069 953 2134 venire
977 2067 1113 2134 voluerit
1128 2087 1228 2134 cansa
1243 2064 1438 2132 mercacicnis

329 2171 489 2261 faciende,
507 2173 609 2240 libere
635 2175 747 2240 veniat
763 2181 796 2240 ct
811 2194 941 2260 secure,
962 2173 1136 2258 nullusque
1161 2174 1204 2240 ad
1230 2175 1334 2258 ipsum
1349 2172 1438 2238 sorum

330 2273 497 2348 venientes
514 2282 634 2349 audeat
650 2281 806 2367 impedire
817 2282 869 2347 uel
880 2281 1088 2364 aliquatenus
1098 2289 1263 2366 presumat
1273 2283 1439 2348 molestare.

331 2387 452 2454 Datum
468 2388 502 2454 in
512 2390 594 2455 uilla
604 2389 717 2456 Labod
728 2389 761 2455 in
771 2389 913 2454 crastino
932 2387 1174 2456 Purificacionis
1184 2389 1286 2455 Beate
1302 2388 1440 2471 Virginis.

331 2600 649 2670 (Eredetiebiirhsirtyim
674 2605 800 2670 melynek
815 2601 898 2656 nictu
911 2619 943 2655 an
958 2605 1134 2671 odanyomott
1158 2604 1303 2671 pecsctnek
1327 2599 1441 2654 turedeko

571 2709 696 2760 megvan,
710 2711 727 2745 u
737 2695 819 2748 budai
830 2695 881 2746 kir.
895 2695 1018 2746 kamarai
1034 2691 1222 2759 leviltairban.)

787 2979 997 2988 u———nn

856 3537 932 3606 act.

331 3733 528 3802 1111]sz
557 3737 668 3821 kircly
693 3735 761 3802 tb'bb
791 3737 1064 3824 buda-felhe'cciaa'
1090 3737 1207 3844 adducit
1222 3760 1244 3800 a
1259 3729 1446 3820 nyatlsziyeti

536 3845 830 3929 apcozazcrduant
849 3845 1054 3930 adcnudcyoz.
1072 3844 1123 3906 Ευ
1138 3844 1255 3908 accat.

438 4035 507 4102 Nos
538 4033 711 4127 Ladizlaus
735 4035 796 4100 Dei
827 4033 938 4118 gracia
956 4037 1025 4102 ch
1050 4035 1217 4121 Hungarie
1236 4037 1447 4120 significamus

331 4145 444 4207 tenore
459 4141 662 4226 presencium
694 4142 873 4226 uniuersis,
888 4143 977 4225 quod
996 4143 1039 4209 ad
1068 4144 1265 4228 peticionem
1282 4143 1448 4210 karissime

331 4246 451 4312 sororis
480 4252 588 4314 nostre
620 4247 749 4314 dominc
772 4249 959 4331 Elisabeth,
976 4256 1008 4315 et
1032 4252 1173 4316 aliarum
1192 4271 1336 4318 sororum
1352 4251 1450 4316 Beate

331 4353 475 4437 Virginis
505 4355 548 4420 de
579 4356 706 4439 Insula,
733 4355 888 4440 quosdam
919 4358 1057 4442 pupulos
1082 4359 1251 4425 censuales
1274 4356 1316 4422 de
1331 4355 1450 4423 Calidis

334 4461 448 4545 Aquis,
464 4461 519 4542 qui
534 4463 627 4527 nobis
643 4461 780 4545 singulis
796 4464 892 4530 annis
906 4464 1054 4548 singulas
1069 4463 1183 4532 uncias
1197 4465 1325 4532 soluere
1338 4465 1450 4532 debuc-

337 4571 431 4652 runt3
449 4568 586 4632 Hethem
597 4569 757 4656 videlicet,
784 4571 950 4658 Thomam,
968 4577 1000 4636 ct
1015 4571 1248 4659 Scenopetmm,
1265 4592 1336 4638 cum
1353 4571 1450 4640 omni·
