3140 5150
901 288 963 362 178

847 383 1010 394 -m-——n
1027 395 1031 402 Ι

359 489 483 558 domini
498 488 649 562 Ladislai
665 489 753 576 olym
768 489 904 558 simliter
928 489 1028 574 Regis
1052 487 1233 575 Hungarie,
1247 487 1294 579 ¹in
1319 509 1400 556 anno
1416 487 1468 556 Dn·

357 598 437 665 mini
454 600 497 665 M⁰
515 599 734 666 ducentesimo
760 597 1002 685 septuagesimo
1028 598 1165 681 septimo
1189 596 1414 683 eonleetarum,
1436 596 1471 662 de

356 708 456 774 uerbo
474 705 517 772 ad
533 707 667 772 uerbum
684 703 717 770 in
734 726 769 773 se
785 705 981 798 continebat,
992 705 1199 790 deelarabat;
1226 705 1313 788 quod
1324 725 1394 772 num
1408 726 1467 790 pre·

357 812 465 880 dietus
484 810 632 881 dominus
647 813 822 881 Ladislaus
840 813 908 878 Rex
925 833 997 880 enm
1014 833 1073 882 suo
1088 833 1206 898 magno
1224 811 1376 901 etvalido
1394 832 1470 880 exer·

356 922 423 987 oitu
439 927 553 988 eontra
570 919 767 988 Olbaearnm
783 922 903 1004 Regem
928 921 1102 1005 Bobemie,
1129 920 1302 1007 capitalem
1328 919 1472 988 aduersa-

357 1029 440 1095 rium
457 1049 560 1116 suum,
583 1049 696 1098 versus
712 1029 856 1097 llloruam
874 1032 1098 1117 processisset,
1122 1029 1177 1114 qui
1202 1031 1273 1096 Rex
1290 1028 1472 1114 Otbaearus,
1545 1095 1546 1104 ,

358 1137 530 1220 insurgens
548 1144 579 1204 et
595 1138 729 1204 veniens
747 1145 860 1206 eontra
885 1137 990 1223 ipsum
1008 1137 1096 1206 vltra
1121 1137 1228 1223 ipsam
1254 1157 1373 1222 aquam
1397 1138 1469 1204 llor·
1545 1109 1546 1176 i

361 1263 433 1312 narn
452 1252 483 1312 et
498 1247 601 1330 iuxta,
626 1247 692 1312 fine
716 1245 876 1312 laudabili
901 1267 973 1314 eum
999 1247 1067 1314 suis
1080 1247 1217 1332 jubente
1234 1247 1372 1318 Domino
1388 1244 1472 1312 vieto·
1545 1255 1546 1298 ἐ

359 1352 439 1418 riam
456 1351 657 1441 optinuisset,
682 1355 738 1437 qni
755 1353 859 1419 eciam
884 1354 954 1422 Rex
979 1352 1177 1422 Ottbaearus
1202 1354 1427 1422 miserabiliter
1446 1353 1474 1417 in

360 1459 475 1528 eodem
499 1459 645 1526 exereitu
677 1461 794 1528 luisset
825 1462 1055 1546 interemptus,
1079 1463 1135 1528 vbi
1161 1463 1284 1529 Paulus
1299 1462 1386 1529 filius
1408 1459 1474 1528 Che·

360 1568 449 1655 pani,
467 1574 499 1636 et
514 1567 626 1636 Bodou
642 1569 727 1636 filius
744 1569 853 1636 Votblr
878 1568 979 1636 irater
998 1569 1142 1637 eiusdem
1159 1589 1267 1636 eoram
1285 1570 1388 1637 oeulis
1404 1569 1474 1636 eins·
1545 1587 1546 1668 p

361 1676 435 1742 dem
452 1675 575 1742 domini
589 1675 736 1742 Ladislai
753 1677 852 1760 Regis
869 1675 932 1743 sibi
959 1682 991 1743 et
1015 1677 1126 1761 Regno
1158 1697 1218 1744 suo
1245 1683 1344 1760 atque
1360 1675 1472 1742 Corone

361 1803 433 1850 eum
450 1785 536 1850 omni
552 1783 665 1870 grania
681 1783 844 1852 seruiendi
859 1803 962 1868 usque
979 1783 1168 1852 effusionem
1193 1805 1325 1852 suorum
1353 1782 1474 1866 sangui·
1545 1819 1546 1890 ,

362 1911 447 1976 num,
473 1891 507 1958 in
522 1891 636 1960 eadem
653 1895 723 1960 anie
741 1893 971 1977 seruiuisseut3
996 1913 1131 1976 qnorum
1157 1894 1307 1978 seruieijs
1335 1897 1476 1978 respectu
1545 1901 1546 1960 l

363 2005 395 2066 et
410 1998 575 2084 obsequiJ's
600 1999 810 2068 fidelitatibus
838 2019 948 2068 eornm
973 1999 1104 2088 domini,
1129 2000 1205 2066 lieet
1229 2000 1355 2066 eisdem
1374 1997 1406 2062 in
1422 2017 1478 2062 ma·
1545 2017 1546 2078 ,

363 2107 425 2172 lori
456 2106 627 2192 prouidere
659 2105 843 2188 debuisset,
865 2107 971 2194 ipsum
1002 2107 1139 2174 Paulum
1165 2113 1198 2173 et
1227 2107 1310 2174 lilios
1327 2105 1475 2189 eiusdem,

259 2231 260 2234 ’
361 2215 512 2284 videlieet
527 2212 757 2303 Alexandrum,
775 2217 912 2283 Paulum
937 2221 969 2281 et
994 2217 1141 2300 Petrum,
1167 2215 1244 2282 item
1264 2213 1391 2298 Bodon,
1416 2210 1477 2276 Ste·

362 2323 504 2410 phanum
522 2331 554 2391 et
569 2321 758 2390 Ladislaum
783 2322 866 2390 tilios
892 2323 1019 2410 Vothlr,
1042 2321 1158 2390 iratres
1184 2321 1331 2388 eiusdem
1351 2318 1472 2401 Bodon;
1545 2335 1546 2344 ³

362 2432 477 2515 Vydus
492 2433 594 2499 filium
611 2430 790 2514 Michaelis,
807 2437 839 2496 et
855 2431 1014 2498 Thomam
1030 2429 1131 2497 filium
1151 2428 1319 2514 Gabriaui,
1345 2447 1385 2493 ae
1400 2426 1475 2492 alios
1545 2479 1546 2482 ,

362 2547 519 2622 eognatos
535 2538 722 2623 eorundem,
746 2543 776 2604 el
796 2559 854 2624 per
869 2559 924 2606 eos
941 2537 1076 2605 heredes
1086 2537 1303 2620 heredumque
1320 2555 1476 2602 sueeesso·

362 2666 415 2714 res
431 2665 503 2712 eum
519 2647 613 2713 terris
632 2651 663 2712 et
679 2645 923 2732 possessionbus
950 2666 1060 2714 eornm
1085 2645 1245 2714 uniuersis
1264 2641 1378 2710 Keaeu
1393 2661 1479 2710 rona·

363 2754 405 2822 tis
423 2774 520 2840 super
534 2755 667 2822 fluuium
682 2755 849 2840 Mylertou,
875 2762 907 2822 et
921 2755 1014 2822 iuxta
1030 2755 1176 2823 eiusdem
1200 2753 1336 2820 fluuium
1353 2753 1386 2817 in
1404 2750 1478 2834 Vag-

363 2863 426 2930 lruz
442 2863 632 2948 constitutis,
648 2863 690 2929 de
701 2864 918 2948 jobagionatu
929 2862 1037 2931 Castri
1047 2861 1370 2948 auga-taurinensis
1386 2867 1480 2926 trans·

364 2971 500 3058 tulisset,
525 2973 701 3057 recepisset
728 2979 761 3038 et
784 2971 983 3058 reduxisset,
1013 2971 1047 3037 in
1071 2977 1176 3037 oetam
1198 2977 1232 3036 et
1247 2989 1413 3036 numerum
1429 2986 1483 3032 ser-

364 3079 524 3146 uieneium
555 3078 726 3164 Regalium
752 3085 784 3146 et
809 3079 965 3146 nobilium
992 3079 1096 3164 Regni
1121 3079 1181 3161 sui,
1216 3075 1343 3164 volens,
1368 3084 1402 3144 vt
1426 3081 1484 3139 tan

364 3185 440 3278 ipsi,
464 3209 562 3272 quam
580 3207 689 3255 eorum
706 3187 841 3255 heredes
870 3187 931 3255 illa
962 3188 1075 3256 eadem
1100 3187 1252 3254 libertate
1278 3191 1311 3252 et
1337 3200 1482 3268 preroga·

363 3295 433 3360 tina
448 3295 627 3364 nobilitatis
643 3296 890 3380 gratularentur,
916 3315 981 3381 qna
1006 3297 1064 3382 alij
1092 3294 1219 3362 nobiles
1244 3293 1351 3378 Regni
1381 3291 1431 3357 sui
1447 3286 1487 3352 di·

365 3410 598 3486 gnoscerentur
611 3402 787 3487 gratulari;
816 3404 877 3471 stb.

368 3579 493 3649 (Saepesi
505 3583 598 3636 Jnlrab
625 3580 839 3652 onstgutrtnnu
852 3600 905 3650 egy
921 3584 1033 3635 tere-ik
1046 3581 1089 3637 dvi
1102 3609 1137 3621 -
1151 3581 1296 3634 eredetbsn
1310 3581 1368 3634 telr.
1385 3579 1491 3645 Lippitr

420 3669 517 3725 Ldszld
531 3670 610 3727 umtl
619 3673 680 3726 levit
705 3700 736 3709 -
759 3672 989 3738 iteletloveltb613
1008 3673 1116 3725 lrbablte
1127 3669 1208 3724 nbhai
1222 3667 1295 3723 statu
1310 3667 1434 3735 Kdroly.)
