3138 5164
619 301 727 400 „Eli

129 495 232 560 lutcm
249 495 283 560 in
300 497 440 561 omnium
457 497 631 562 saluatore.
643 495 779 580 Equitas
791 497 905 563 suadet
922 502 955 565 et
972 499 1114 582 requirit,
1134 499 1265 582 utquod

130 601 250 683 cuique
264 601 359 668 iustis
375 609 406 668 et
431 603 588 684 legitimis
610 603 797 669 nacionibus
824 605 919 670 datur
945 605 997 670 uel
1013 603 1215 691 relinquitur,
1231 605 1265 669 id

130 708 273 775 solidum
289 708 406 775 debeat
421 715 576 796 perpetuo
593 693 790 796 permanere.
822 711 967 778 Proinde
983 711 1027 777 ad
1038 703 1263 779 uniuersorum

110 841 112 846 ·
134 820 201 882 tam
223 817 424 901 presencium
441 837 536 900 quam
562 817 738 885 futurorum
756 819 909 886 noticiam
932 826 1044 885 tenore
1059 821 1262 903 presencium

132 921 246 989 harum
263 925 348 989 serio
363 925 513 992 uolumus
529 927 696 1011 peruenire
708 951 715 1011 ;
727 925 813 1010 quod
824 932 881 993 uos
893 925 1108 993 consideratis
1123 925 1263 993 fidelita·
1326 905 1329 916 ¹

133 1030 221 1098 tibus
246 1038 278 1098 et
293 1033 500 1100 seruiciorum
519 1033 641 1098 meritis
658 1034 792 1100 Comitis
808 1035 906 1118 Petri,
935 1034 993 1118 filij
1022 1034 1171 1116 Magistri
1196 1034 1263 1119 Ny·

133 1138 227 1224 colai,
253 1140 380 1236 nepotis
397 1139 527 1227 Weech,
558 1160 620 1223 que
645 1141 738 1207 nobis
767 1141 801 1206 in
827 1139 966 1206 diuersis
992 1139 1262 1223 expeditionibus

135 1246 240 1330 Regni
257 1247 358 1315 nostri
375 1255 440 1313 tam
457 1249 665 1332 generalibus
682 1269 778 1332 quam
797 1247 1048 1333 particularibus
1064 1245 1203 1313 fideliter
1214 1247 1258 1312 iu·

135 1353 248 1440 pendit
264 1361 297 1420 et
312 1353 500 1438 indefesse,
518 1355 809 1440 quandamterram
835 1355 1026 1437 Regiualem
1052 1355 1156 1420 Burus
1183 1353 1263 1420 Belo

136 1469 287 1528 uocatam
304 1463 338 1528 in
363 1463 525 1530 Comitato
557 1462 773 1545 Strigonicnsi
805 1462 1011 1548 existentem,
1027 1481 1085 1546 per
1102 1459 1264 1526 dominam
1369 1499 1371 1506 ·

136 1569 172 1636 Ε.
185 1575 366 1635 consortem
376 1575 520 1638 nostram
531 1571 739 1636 karissimum
757 1569 921 1636 mediante
930 1569 1107 1652 priuilegio
1118 1565 1262 1633 eiusdem

137 1675 242 1741 eidem
263 1676 416 1742 ‹lonatam
428 1681 460 1742 et
475 1677 639 1764 collatam,
657 1677 803 1743 dedimus
820 1683 853 1743 et
868 1675 1056 1759 reliquimus
1074 1693 1146 1739 cum
1163 1675 1261 1740 omui·

136 1785 198 1850 bus
227 1782 421 1848 utilitatibus
437 1785 504 1850 suis
520 1792 551 1849 ct
566 1784 779 1870 pertinencijs
796 1783 881 1852 dicto
898 1783 1015 1852 (inmiti
1032 1783 1139 1864 Petro,
1157 1787 1188 1844 et
1204 1799 1272 1864 per,

137 1911 210 1957 eum
222 1890 452 1958 suisfratribus
464 1899 618 1980 perpetuo
641 1889 867 1978 possidendam
880 1917 887 1978 ;
899 1913 937 1970 eo
947 1899 1055 1956 tumen
1073 1887 1169 1954 modo
1186 1895 1268 1954 etea

138 1999 352 2086 plenitudine,
365 1998 633 2082 quemadmodum
644 1999 718 2084 ipsa
729 2007 813 2066 terra
824 1998 985 2066 mediante
1002 1997 1173 2082 priuilegio
1184 1996 1268 2062 dicte

138 2109 299 2174 consortis
314 2114 424 2174 nostre
440 2107 614 2174 karissime
630 2129 687 2193 per
704 2106 839 2173 errrrdem
852 2107 1008 2172 Comitem
1019 2105 1151 2170 Petrum
1167 2109 1267 2170 antea

138 2215 253 2306 habita
264 2215 371 2282 extitit
380 2223 412 2282 ct
422 2235 584 2300 possessu.
595 2219 634 2283 In
645 2220 736 2283 cuins
747 2238 803 2302 rey
816 2214 1001 2281 memoriam
1013 2221 1266 2299 perpetuamque

138 2322 325 2388 firmitatem
351 2328 542 2407 prenseutcs
573 2324 789 2389 concessimus
821 2321 981 2408 dupplicis
1012 2319 1113 2402 sigilli
1146 2321 1267 2385 nostri:

136 2430 322 2496 munimine
340 2430 522 2497 roboratas.
540 2433 662 2496 Datum
689 2449 881 2515 parmenus
907 2428 1038 2495 discreti
1066 2427 1126 2492 uiri
1143 2433 1175 2491 ct
1200 2427 1264 2490 llo·

136 2538 231 2622 gistri
247 2538 415 2605 Theodori
433 2539 601 2622 Propositi
617 2537 843 2624 Scybiuieusis
860 2538 935 2604 aule
960 2543 1071 2602 nostre
1080 2535 1159 2600 Vico
1184 2533 1266 2599 Can·

138 2645 277 2736 cellarij
296 2651 406 2716 dilecti
416 2656 449 2716 et
457 2647 562 2714 fidelis
573 2647 673 2714 nostri
684 2665 768 2712 anuo
778 2642 1265 2726 DomiuiM⁰GO⁰octuagcsimo

139 2760 294 2846 septimo,
312 2757 415 2840 Regni
432 2759 540 2822 autem
559 2755 660 2820 nostri
678 2772 764 2818 anuo
781 2751 953 2818 sedecimo.

139 2956 279 3021 (Eredotia
300 2949 474 3018 bbrhartya'rm
488 2969 505 3004 a
519 2949 689 3018 surge-vdrbs
703 2948 934 3014 solycmzsiudrcu
956 2950 1063 3013 siiggdtt
1086 2946 1177 3012 pauset
1199 2944 1269 2995 olve-

392 3049 479 3106 saett3
492 3057 509 3093 a
524 3043 607 3093 budui
620 3041 673 3094 kir.
687 3041 810 3090 kamarai
824 3033 1017 3100 levdltltrbsn.)

598 3293 812 3304 ψ-

670 3736 747 3803 324.

142 3938 205 4004 IV.
223 3939 336 4003 Latratu
352 3937 465 4022 kirtly
480 3937 635 4001 sendelete
658 3935 757 3998 Brucla
782 3936 877 3997 *uiros
893 3933 1177 4018 eldljdrdscipdhoz,
1193 3929 1272 4010 bopy

139 4071 164 4111 o
181 4049 369 4134 nyrdazipeti
395 4046 625 4130 apotomae-da
649 4047 799 4109 ozdmciro
815 4065 835 4105 a
854 4043 1075 4138 zuldnlcemeni
1090 4043 1120 4104 ds
1135 4037 1274 4118 aimonpc'

375 4151 603 4218 hreolcdb'lrtdl
618 4174 638 4214 α
660 4157 760 4216 cdmot
774 4148 926 4234 beczedjo.
944 4147 1041 4211 1287.

253 4345 430 4414 Ladiuluus
445 4346 508 4413 Dci
526 4349 638 4430 gracia
657 4348 725 4412 Rex
741 4343 906 4429 Huugorie
917 4341 1066 4408 fidelibus
1084 4337 1151 4406 suis
1167 4337 1275 4405 Judici

145 4455 188 4522 de
204 4454 319 4522 Castro
334 4453 482 4519 Bndcusi
498 4472 556 4537 pro
571 4457 716 4536 tempore
731 4449 914 4535 constituto,
933 4446 1056 4515 Juratis
1073 4451 1105 4510 et
1114 4444 1273 4512 uniuersis

142 4562 273 4630 ciuibus
290 4560 396 4629 Castri
411 4559 556 4628 eiusdem
572 4559 711 4627 sulutem
739 4566 773 4625 et
800 4556 955 4640 graciam.
980 4553 1072 4620 Dixit
1096 4551 1188 4618 uobis
1213 4551 1269 4618 dc·
