3140 5150
649 1027 703 1096 97.

105 1219 166 1292 IV.
185 1226 301 1292 Maelo
316 1227 426 1313 kiroty
449 1231 627 1312 coporos-to·
651 1229 674 1293 I
677 1228 710 1296 V.
728 1229 810 1294 Belo
824 1228 1002 1317 kicdlynck
1031 1229 1244 1298 chonto-Zan
1373 1275 1375 1284 ,

105 1337 202 1400 balas
216 1336 369 1422 hclycclpct
386 1337 542 1423 to'rpyczn
561 1335 759 1421 odomdcprit
774 1360 795 1401 a
809 1337 1000 1424 apotecipctc'
1014 1339 1242 1424 apdczazctrda

540 1447 697 1510 noctura.
715 1445 812 1512 1276.

216 1619 393 1690 Ladizlans
425 1619 488 1689 Dei
517 1621 631 1706 gracia
661 1620 849 1710 Hungarie,
875 1621 1063 1711 Dalmaoie,
1089 1625 1235 1710 Oroacie,

103 1733 232 1818 Rame,
255 1731 389 1818 Sernie,
413 1729 573 1816 Gallioie,
596 1729 806 1818 Loclomerie,
831 1729 997 1818 Cumanis,
1022 1732 1240 1818 Bulgarieque

23 1887 27 1896 .
103 1840 177 1904 Rex
204 1840 354 1907 omnibus
382 1837 502 1906 Christi
517 1836 665 1906 fidelihus
696 1843 863 1924 presentes
888 1838 1017 1907 litteras
1044 1839 1242 1926 inspecturis

104 1947 250 2013 salntem
275 1948 309 2014 in
336 1967 393 2036 eo,
428 1947 484 2030 qui
508 1946 652 2033 Regibus
682 1945 741 2013 dat
765 1946 913 2016 salutem.
937 1946 989 2013 Acl
1015 1946 1241 2015 uniuersorum

103 2063 176 2120 tam
192 2054 396 2140 presencium
413 2074 510 2138 quam
520 2054 699 2122 futurorum
716 2053 871 2121 noticiam
887 2053 1036 2123 volumus
1052 2054 1240 2140 peruenire;

102 2161 195 2244 quod
213 2161 316 2229 irater
330 2161 491 2230 Rioardus
506 2162 600 2228 Prior
616 2160 658 2228 cle
674 2159 798 2228 Ordine
810 2173 812 2180 '
824 2159 974 2228 Fratrum
994 2161 1239 2229 Predieatornm

102 2270 146 2336 de
164 2269 279 2336 Insula
294 2270 394 2336 Beate
414 2268 580 2355 Virginis3
605 2276 638 2336 ot
655 2269 768 2336 Comes
786 2269 903 2336 Petrus
928 2267 1080 2336 officialis
1096 2269 1240 2337 eiusdem

103 2375 256 2442 Ecclesie
272 2373 315 2442 ad
331 2383 475 2444 nostram
501 2375 694 2446 accedentes
720 2376 928 2463 presenciam
955 2375 1170 2472 exhibuerunt
1186 2397 1240 2444 no-

104 2483 156 2550 bis
172 2483 381 2570 priuilegium
406 2485 615 2554 serenissimi
640 2485 802 2570 Principis
828 2484 952 2554 domini
971 2484 1052 2552 Bele
1068 2485 1176 2554 felicis
1192 2507 1239 2552 re-

102 2589 328 2680 cordacionis,
368 2593 444 2660 olim
475 2593 618 2660 Illustris
653 2591 753 2678 Regis
783 2591 952 2677 Hungarie
982 2592 1150 2662 karissimi
1181 2595 1237 2660 aui

102 2698 221 2782 nostri,
237 2699 413 2787 priuilegio
425 2699 547 2768 domini
557 2699 718 2788 Stephani
734 2700 848 2768 inolito
867 2700 1020 2768 memorie
1034 2701 1133 2786 Regis
1148 2703 1239 2786 geni-

103 2807 188 2876 toris
204 2809 309 2876 nostri
324 2807 490 2878 karissimi
510 2809 743 2894 confirmatum,
759 2828 857 2895 super
877 2808 1055 2876 collacione
1071 2808 1237 2876 cuiusdam

103 2915 183 2982 ville
198 2917 339 2984 Zolnnta
353 2915 500 2987 Zakalas
515 2922 632 2984 uocate
640 2967 650 3004 ,
675 2915 763 2984 facta
790 2935 849 3001 per
873 2915 1055 3002 predictum
1071 2914 1237 2984 dominnm

103 3026 143 3090 B.
161 3026 282 3110 Regem
299 3045 398 3092 auum
424 3029 570 3092 nostrum
601 3023 747 3092 Ecclesie
772 3023 875 3091 Beate
900 3022 1046 3108 Virginis
1065 3021 1107 3089 do
1123 3021 1237 3090 Insula

104 3140 286 3200 memorata
302 3131 503 3216 consectum,
529 3137 678 3222 petentes
694 3133 794 3202 uerbo
811 3131 940 3200 domine
963 3130 1134 3199 Elisabeth
1149 3151 1236 3200 soro-

104 3241 150 3306 ris
166 3244 281 3308 nostre
294 3238 481 3325 karissime,
497 3245 530 3308 et
554 3239 693 3308 aliarum
713 3259 859 3307 sororum
875 3238 968 3307 nobis
985 3239 1018 3304 in
1035 3237 1163 3307 (lhristo
1180 3239 1236 3306 ka-

104 3348 318 3432 rissimorum,
341 3347 377 3412 in
392 3345 537 3433 predicta
556 3346 706 3414 Ecclesia
720 3349 822 3414 Beate
837 3345 983 3432 Virginis
998 3345 1137 3414 Domino
1154 3346 1236 3432 iugi-

104 3463 155 3522 ter
170 3453 424 3541 famolancium,
449 3459 484 3522 ut
499 3453 585 3521 idem
610 3453 819 3540 priuilegium
843 3454 1025 3542 ratificare,
1049 3461 1082 3521 et
1102 3453 1145 3524 ad
1161 3455 1234 3524 vbe-

104 3564 223 3630 riorem
255 3561 416 3630 cautelam
449 3568 561 3630 nostro
595 3559 803 3646 dignaremur
833 3561 1006 3649 priuilegio
1038 3564 1237 3632 confirmare.

103 3669 204 3737 Cuius
218 3677 314 3738 tenor
329 3669 406 3740 talis
417 3678 484 3740 est:

212 3777 295 3845 Belo
309 3777 351 3844 D.
369 3797 417 3863 gr.
435 3777 603 3864 Hungarie
618 3777 682 3846 stb.
698 3779 768 3845 Rex
783 3777 845 3845 stb.
864 3775 1076 3864 (hbvetkecik
1086 3777 1140 3843 IV.
1153 3775 1236 3845 Bela

104 3883 286 3971 hiralynak
304 3886 441 3955 lact-ki
458 3883 737 3973 adomanylevele,
754 3885 836 3952 mint
846 3883 1125 3974 gynjtemtnytlnk
1135 3881 1234 3971 Vlll,

21 4049 23 4068 .
104 3993 222 4080 vagyis
238 4011 259 4059 a
274 3991 429 4061 mssodik
445 3991 569 4080 folysm
584 3992 645 4060 ΙΙΙ.
662 3991 852 4080 kbteteben,
872 3994 946 4060 167.
963 3990 1001 4078 l.)

22 4115 24 4148 l
212 4099 281 4168 Nos
295 4099 396 4185 igitur
412 4099 506 4168 iustis
521 4096 738 4186 peticionibus
762 4099 938 4167 eorundem
957 4097 1020 4164 hac
1035 4103 1128 4184 parte
1144 4095 1234 4164 incli-

104 4207 192 4292 nati,
214 4206 336 4276 dietum
351 4207 559 4294 priuilegium
586 4205 709 4272 domini
725 4205 805 4274 Bele
822 4205 921 4290 Regis
936 4205 991 4274 ani
1006 4203 1116 4292 nostri,
1131 4203 1229 4291 priui-

103 4313 191 4398 legio
217 4313 341 4384 domini
365 4315 464 4400 Regis
491 4313 650 4400 Stephani
675 4311 830 4398 genitoris
855 4311 958 4382 nostri
982 4311 1165 4396 karissimi,
1198 4318 1234 4378 ut

38 4490 43 4502 ,
105 4423 320 4510 premisimus,
337 4423 571 4509 confirmatum,
596 4425 702 4488 ratum
733 4419 890 4488 habentes
922 4425 954 4486 et
985 4425 1151 4504 acceptum
1162 4470 1174 4506 ,
1201 4426 1234 4484 ct

105 4529 145 4595 de
163 4533 261 4599 uerbo
276 4531 320 4598 ad
334 4531 472 4600 uerbum
497 4531 655 4598 insertum
683 4529 889 4616 presentibus
908 4525 1153 4612 confirmamus,
1178 4523 1233 4592 da·

105 4637 202 4722 plieis
217 4639 322 4726 sigilli
346 4639 447 4709 nostri
472 4638 650 4707 munimine
675 4636 872 4708 roborando.
904 4637 1025 4704 Datum
1044 4654 1234 4723 per'manus

149 4738 250 4819 aaron.
265 4775 348 4816 nura.
363 4775 434 4818 mor.
446 4775 556 4818 uranon.
575 4785 619 4800 --
635 4768 671 4816 ll.
1030 4747 1072 4816 10
