3118 5158
868 295 1025 400 jo*

386 491 517 560 fluuium
528 494 643 560 Morus
658 491 779 576 habito,
794 491 828 558 in
845 512 908 576 quo
924 491 1053 576 quidem
1070 493 1174 578 prelio
1191 491 1276 560 idem
1293 493 1411 560 Petrus
1428 493 1511 559 filins

383 601 485 668 Becer
502 599 582 670 diris
600 601 776 669 wlnonibus
792 600 960 668 sauciatus
969 650 979 684 ,
1005 621 1076 668 cum
1093 599 1213 668 nostris
1230 601 1348 668 ceteris
1363 601 1513 666 fidelibus

383 727 469 772 more
486 707 625 774 fidelium
652 706 795 794 prelians
819 707 1044 792 multipliciter
1070 707 1188 776 meruit
1212 707 1445 790 commendari,
1461 729 1510 775 eo·

383 815 455 881 dem
473 817 562 900 Rege
577 815 789 883 Bohomorum
815 816 849 882 in
866 815 951 882 dieto
967 816 1074 905 prelio
1091 818 1282 902 interempto
1299 837 1357 883 seu
1375 823 1511 884 mortuo.

382 921 531 989 Tandem
557 945 616 990 nos
651 923 884 991 instantissime
909 923 980 1008 ipse
1005 923 1122 990 Petrus
1147 923 1233 990 filius
1259 925 1361 991 Beeer
1392 924 1511 1010 suppli-

382 1029 486 1097 cando
503 1030 692 1118 postulauit,
711 1039 745 1098 vt
762 1034 795 1098 irr
812 1031 1151 1117 recompensacionem
1168 1032 1283 1097 talium
1300 1037 1333 1097 et
1349 1039 1510 1099 tantorum

383 1140 592 1206 seruieiorum
610 1159 739 1206 suorum
759 1138 1004 1206 cumfratribus
1029 1144 1062 1204 ct
1077 1139 1234 1223 proximis
1254 1139 1332 1226 suis,
1357 1139 1511 1206 uidelicet

368 1245 459 1330 'filijs
469 1247 616 1334 Martini,
631 1248 710 1313 item
726 1247 950 1334 filistecbus,
968 1267 1027 1314 nce
1042 1267 1106 1314 non
1127 1246 1204 1332 tilijs
1217 1247 1364 1334 Andocb,
1382 1269 1422 1314 ae
1441 1247 1509 1332 tiliis

383 1355 478 1421 llark
502 1354 544 1422 de
560 1354 684 1438 eadem,
709 1375 730 1420 a
746 1353 937 1421 condicione
963 1360 995 1420 et
1016 1375 1150 1422 numero
1168 1356 1330 1422 Comitum
1347 1355 1507 1422 Vdnorni·

382 1483 501 1548 eorum,
527 1462 583 1545 qui
598 1461 657 1545 filij
676 1462 836 1529 Comitum
853 1461 1110 1531 Vduornicorum
1135 1462 1298 1548 dicuntur,
1323 1463 1435 1548 eximi,
1454 1483 1507 1531 seu

383 1569 564 1656 eximendo,
575 1574 606 1636 et
616 1576 828 1656 pernostram
839 1569 1081 1638 Excellenciem
1092 1573 1125 1637 in
1143 1579 1247 1639 cetum
1263 1578 1295 1638 ct
1310 1572 1507 1638 consortium

382 1678 488 1760 Regni
504 1678 607 1746 nostri
624 1677 781 1744 nobilium
799 1679 859 1745 sub
877 1679 997 1745 vexillo
1017 1686 1128 1746 nostro
1148 1679 1392 1765 famolancium,
1415 1680 1507 1746 simul

381 1805 453 1852 cum
469 1785 564 1852 terris
581 1791 613 1852 et
628 1783 890 1871 possessionibus
909 1784 1064 1872 ipsorum,
1087 1786 1296 1870 dignaremur
1312 1805 1507 1871 aggregare.

383 1893 457 1960 Suis
473 1893 571 1977 igitur
586 1893 805 1980 peticionibus
820 1892 959 1978 predicti
970 1891 1058 1960 Petri
1074 1893 1132 1980 filij
1148 1895 1248 1962 Becer
1259 1895 1362 1962 nostri
1374 1931 1412 1941 -
1422 1931 1501 1940 -—

382 2002 435 2086 qui
461 2023 518 2087 pro
540 2003 609 2069 suis
628 2001 839 2070 fidelitatibus
856 2008 889 2068 ct
904 2002 1091 2069 meritorum
1116 2003 1265 2088 seruicijs
1285 2041 1322 2051 —
1346 2041 1382 2050 -
1407 2040 1443 2050 -
1468 2039 1503 2048 -

382 2131 441 2195 per
456 2131 516 2178 nos
533 2107 711 2177 dileccione
727 2114 816 2176 esset
831 2107 1041 2192 attollendus,
1058 2107 1164 2194 ipsum
1180 2129 1253 2175 cum
1269 2107 1458 2194 (fratribus)
1474 2113 1504 2171 ct

382 2219 541 2302 proximis
558 2216 747 2304 prenotatis,
764 2236 902 2283 unacum
920 2215 1015 2283 terris
1031 2223 1062 2282 et
1077 2217 1341 2301 possessionibus
1356 2216 1506 2301 ipsorum,

381 2323 422 2392 de
438 2332 510 2393 cetu
526 2333 559 2392 et
574 2326 739 2393 consorcic
753 2344 793 2391 ao
809 2324 1035 2392 condicionatu
1051 2325 1190 2392 liliorum
1206 2324 1365 2392 comitum
1378 2325 1504 2392 Vduar·

381 2433 524 2500 nieorum
551 2433 741 2519 eximentes,
767 2437 800 2498 et
824 2433 857 2497 in
874 2438 977 2500 cetum
1005 2452 1045 2500 ac
1065 2433 1268 2499 consorcium
1284 2433 1388 2516 Regni
1406 2431 1503 2498 nostri

381 2539 546 2624 nobilium,
556 2539 650 2607 nobis
668 2541 728 2608 sub
738 2539 858 2608 uexillo
874 2547 984 2607 nostro
999 2559 1086 2606 more
1103 2539 1335 2608 exereituantis
1345 2539 1501 2606 tamulan-

383 2648 476 2732 cium,
504 2646 545 2715 de
560 2655 673 2716 nostra
698 2648 899 2731 benignitate
915 2648 1020 2731 Regia
1038 2648 1190 2714 duximus
1207 2645 1415 2716 asscribendo
1431 2667 1502 2712 con-

383 2755 592 2839 iungendam.
608 2753 886 2835 Quemadmodum
903 2758 1128 2840 progenitores
1145 2755 1286 2840 ipsorum
1303 2755 1451 2841 primitus
1466 2753 1507 2818 ab

381 2861 516 2947 antiquo
533 2864 565 2929 in
583 2864 735 2930 libertate
751 2863 909 2930 nobilium
920 2863 1023 2946 Regni
1039 2863 1141 2930 nostri
1157 2863 1321 2950 mediante
1337 2859 1508 2946 priuilegio

382 2973 482 3055 Regis
505 2971 636 3038 Andree
654 2973 708 3038 aui
725 2973 830 3039 nostri
847 2971 1006 3038 carissimi
1032 2971 1199 3037 euidenter
1223 2989 1282 3057 per·
1301 2990 1362 3037 nos
1378 2973 1509 3053 experto

383 3077 639 3146 dinoscebantor
655 3079 822 3162 gratulari.
848 3078 1006 3144 Volentes
1021 3075 1107 3162 quod
1123 3075 1272 3144 decatero
1287 3077 1375 3144 idem
1391 3077 1507 3142 Petrus

380 3192 491 3252 noster
516 3186 619 3272 pugil,
646 3185 775 3272 fratres,
803 3192 835 3253 et
859 3187 989 3270 cognati
1008 3185 1057 3250 sui
1075 3185 1304 3272 prenominati,
1330 3185 1390 3248 illa
1406 3189 1438 3248 et
1453 3201 1508 3247 ea·

381 3291 452 3355 dem
473 3291 639 3373 gaudeant
654 3291 822 3380 libertate,
848 3311 912 3377 qua
932 3295 1000 3359 ueri
1016 3291 1142 3358 nobiles
1160 3292 1262 3374 llegni
1279 3291 1382 3356 nostri
1399 3296 1508 3372 gratu-

381 3399 499 3464 lantur.
526 3399 568 3462 Vt
583 3397 681 3481 igitur
705 3400 806 3468 series
833 3400 928 3467 huius
945 3399 1055 3484 gracie
1075 3399 1172 3465 robur
1191 3399 1335 3464 obtineat
1351 3401 1508 3482 perpetue

381 3504 561 3586 firmitatis,
585 3525 645 3570 nec
671 3525 821 3590 processu
846 3513 1025 3591 temporum
1051 3525 1110 3591 per
1129 3503 1314 3590 quempiam
1333 3504 1438 3589 possit
1452 3503 1509 3568 vel

380 3611 501 3677 debeat
532 3611 697 3695 reuocari;
731 3621 901 3697 presentes
933 3616 1152 3680 concessimus
1188 3613 1314 3679 litteras
1345 3610 1512 3697 dupplicis

382 3719 483 3802 sigilli
502 3719 602 3785 nostri
619 3718 795 3785 munimine
819 3720 1000 3787 roboratas.
1036 3721 1154 3787 Datum
1172 3741 1360 3806 parmenus
1377 3719 1511 3785 discreti

382 3825 444 3893 uiri
460 3825 627 3892 Benedicti
645 3826 764 3892 Sancte
789 3825 1024 3912 strigoniensis
1051 3827 1195 3894 Ecclesia
1212 3827 1323 3910 llleeti,
1339 3825 1511 3912 ⁸eiusdem-

381 3953 444 4016 que
468 3933 532 4001 loci
557 3933 691 4001 Comitis
716 3935 883 4019 Perpetui,
909 3935 1069 4019 Propositi
1096 3935 1268 4018 Budeusis,
1294 3937 1371 4002 aulo
1398 3941 1513 3999 nostre

380 4041 668 4127 Vico-Cancellarij
703 4041 815 4107 dilecti
847 4049 879 4108 et
906 4041 1011 4110 fidelis
1042 4041 1164 4126 nostri;
1199 4041 1406 4126 presentibus
1436 4039 1512 4106 Ste-

378 4149 485 4235 phano
511 4149 691 4235 colocensi,
716 4148 865 4216 Johaune
887 4147 1071 4233 Spalatensi
1094 4148 1379 4234 Arebiepiscopis;
1412 4149 1512 4214 Lam-

378 4263 469 4340 perto
487 4257 650 4342 Agriensi,
674 4256 801 4323 Briecio
819 4255 1050 4340 Obanadiensi,
1075 4257 1138 4326 lob
1155 4256 1513 4342 Quinqueeeclcsiensi,

378 4365 480 4431 Paulo
505 4362 737 4450 Vesprimiensi
762 4365 835 4430 aule
861 4370 972 4431 nostre
998 4364 1218 4448 Cancellario‚
1249 4365 1403 4451 Philippo
1428 4363 1512 4430 Wa-

378 4471 490 4556 eiensi,
508 4471 584 4538 aule
600 4470 730 4538 domine
744 4471 871 4555 Regine
887 4471 1044 4540 consortis
1062 4478 1171 4540 nostre
1187 4472 1356 4540 carissime
1371 4471 1513 4540 Cancel·

377 4579 469 4662 lario,
485 4578 677 4646 Lodomerio
690 4579 892 4669 Varadiensi,
904 4581 1088 4667 Tymotbeo
1107 4581 1331 4668 Zagrabiensi,
1349 4579 1517 4667 Dyonisio
