3126 5150
602 282 762 380 —13-

110 477 212 562 emulj
230 473 281 543 sui
297 475 412 561 iniqua
428 475 696 545 confederacione
720 477 807 545 falsa
824 485 1035 563 suggerentes
1061 483 1094 546 et
1109 480 1246 566 instiga·
1275 577 1278 584 ι

109 586 205 652 cione
233 583 312 652 felle
346 585 446 669 plena
477 585 620 652 animum
656 592 802 653 nostrum
835 587 1072 676 aduertissent,
1108 609 1182 656 eum
1206 590 1247 658 de

107 699 295 760 nostrorum
320 692 463 760 fidelium
489 693 700 762 contubernio
710 747 719 781 ,
748 703 780 763 et
796 696 838 762 de
854 697 950 764 domo
970 705 1082 766 nostra
1104 699 1246 766 occasio·

110 800 236 867 naliter
251 821 315 866 non
333 820 375 867 ex
392 820 494 868 eausa
510 801 646 887 effugari
662 803 871 888 studuissent,
891 803 1055 889 priuatum
1072 807 1247 874 honoribus

112 917 148 976 et
167 910 362 994 Magistratu
391 908 641 998 Dapiierorum,
667 911 783 995 quibus
808 915 850 980 ab
876 913 990 980 eodem
1015 919 1109 998 patre
1135 922 1246 982 nostro

112 1017 213 1102 digne
229 1017 339 1084 fuerat
363 1018 579 1104 sublimatus,
604 1021 724 1105 ipsein
744 1019 927 1088 huiusmodi
952 1020 1158 1090 aduersitate
1174 1043 1246 1091 oon-

112 1125 264 1212 stitutus,
298 1127 471 1196 fidelitatis
506 1149 564 1197 sue
589 1130 740 1197 meritum
766 1137 798 1197 et
824 1130 1050 1215 obsequiorum
1076 1134 1245 1220 premium,

110 1237 381 1322 frequentemque
398 1236 568 1322 sanguinis
584 1239 635 1305 sui
652 1237 842 1307 effusionem
860 1257 981 1307 eauens
997 1261 1038 1308 ex
1055 1241 1247 1310 innocencia
1363 1300 1365 1304 .

112 1345 239 1429 innoluj
267 1343 441 1412 obliuionis
477 1345 591 1414 nubilo
616 1366 656 1412 ao
681 1348 766 1416 uioio
800 1347 1044 1430 ingratitudinis
1079 1349 1244 1436 maculari,

113 1473 246 1537 semper
261 1452 383 1520 mansit
407 1453 500 1520 nobis
517 1454 551 1520 in
569 1454 696 1522 feruore
716 1453 894 1540 fidelitatis,
920 1462 952 1522 et
969 1457 1043 1524 aliis
1060 1477 1141 1540 quos
1157 1459 1246 1524 exal·

112 1568 301 1628 taneramus
325 1562 413 1628 vltra
430 1561 589 1649 meritum,
609 1562 702 1630 nobis
718 1563 960 1651 rebellantibus,
988 1564 1077 1632 solos
1093 1565 1163 1648 ipse
1179 1565 1246 1632 hia·

97 1669 218 1754 gistcr
234 1669 348 1736 Petrus
365 1690 415 1754 ea,
440 1689 502 1754 que
528 1671 590 1739 sibi
616 1672 663 1739 sio
679 1671 834 1738 iniuriose
860 1673 1007 1758 irrogata
1024 1671 1163 1759 fuerant,
1188 1693 1246 1758 pro

113 1777 325 1863 beneplacito
343 1778 521 1846 voluntatis
545 1786 664 1868 nostre,
692 1782 768 1848 lieet
784 1801 847 1847 non
864 1782 988 1864 absque
1005 1779 1111 1848 cordis
1127 1782 1245 1848 amari·

113 1887 239 1972 tudine,
265 1887 480 1970 equanimiter
505 1889 671 1956 tolerauit.
696 1890 812 1958 Verum
833 1889 932 1973 igitur
957 1895 1093 1975 peraeto
1109 1887 1246 1956 alieuius

113 1996 274 2083 temporis
290 1995 460 2082 curriculo,
485 1999 527 2064 ab
544 1998 675 2066 illorum
701 1999 862 2084 manibus,
885 1999 1018 2082 quinos
1040 1998 1146 2066 minus
1162 1997 1246 2064 bene

113 2103 358 2190 gubernabant,
386 2107 508 2194 erepti,
535 2127 606 2174 cum
632 2108 718 2175 inter
743 2107 828 2175 alias
855 2107 1092 2176 sollicitudines
1117 2113 1245 2175 nostras

114 2213 317 2299 cepissemus
333 2215 420 2280 intra
436 2217 556 2283 mentis
573 2223 682 2284 nostre
698 2215 843 2284 archana
859 2215 1034 2302 reuoluere,
1061 2222 1093 2281 et
1110 2234 1247 2300 pensare

112 2323 150 2389 in
168 2323 287 2400 animo,
312 2322 453 2408 qualiter
477 2323 565 2392 idem
583 2323 740 2408 Magister
757 2325 883 2405 Petrus,
910 2322 1001 2390 euius
1018 2323 1246 2404 obsequiorum

16 2451 25 2468 ·
112 2431 343 2499 remuneratio
367 2431 411 2498 ad
435 2439 582 2518 tempora
607 2441 719 2500 nostra
745 2433 860 2500 celitus
885 2431 945 2498 tuit
971 2437 1146 2516 reseruata,
1174 2432 1246 2498 sine

112 2557 252 2606 excessu
272 2560 330 2607 suo
356 2539 502 2626 priuatus
519 2546 589 2610 erat
605 2541 781 2610 honoribus
798 2547 830 2609 et
846 2523 1040 2625 quibusdam
1065 2537 1245 2625 possessio·

113 2647 212 2714 uibus
228 2647 308 2734 suls,
334 2668 374 2715 ac
389 2647 430 2715 de
456 2647 551 2717 domo
566 2655 678 2719 nostra
702 2648 959 2734 occasionaliter,
987 2647 1069 2713 siout
1097 2647 1245 2734 premisi-

114 2775 199 2842 mus,
226 2755 399 2842 effugatus,
415 2763 447 2824 ct
463 2757 603 2841 qualiter
618 2757 802 2827 huiusmodi
818 2757 996 2824 vindictam
1022 2756 1143 2822 iniuria
1158 2774 1244 2822 ama·

114 2862 273 2930 ritudinis
288 2885 354 2932 non
370 2885 507 2932 uacuam
524 2865 586 2934 sibl
611 2888 652 2934 err
668 2867 805 2934 aliorum
831 2865 995 2932 mortifera
1020 2863 1133 2931 fraude
1155 2884 1245 2930 exco-

115 2973 257 3054 gitatam
273 2975 441 3058 pronubis
457 2975 611 3042 sustinuit
628 2976 806 3062 pacienter;
823 2973 1047 3043 reuocabimus
1068 2993 1151 3059 eum,
1169 2972 1247 3054 qnia
1292 2961 1303 2984 ⁶

115 3083 152 3147 in
169 3081 262 3146 nullo
278 3088 391 3148 eontra
407 3087 551 3151 nostram
567 3084 773 3152 Maiestatem
791 3082 943 3170 apparuit
959 3079 1151 3167 excessisse,
1176 3079 1246 3146 sine

116 3195 198 3254 nota
224 3195 256 3254 et
280 3188 615 3274 inreprehensibiliter
642 3189 848 3258 demorando.
884 3189 926 3256 Et
942 3193 978 3256 ut
1001 3186 1182 3273 prenotatis
1208 3205 1247 3252 ao

117 3295 231 3362 multis
263 3295 339 3364 aliis
365 3298 493 3366 actibus
520 3299 588 3367 suis
623 3298 794 3367 meritoriis
818 3319 878 3384 per
902 3317 980 3378 nos,
1013 3295 1090 3362 lieet
1113 3311 1178 3360 non
1203 3291 1246 3359 ad

116 3403 261 3492 plenum,
281 3404 432 3493 satisfiat,
459 3406 650 3475 contulimus
674 3407 789 3475 sibiet
814 3427 871 3492 per
892 3425 963 3472 oum
989 3403 1055 3472 suis
1073 3400 1246 3469 heredibus

117 3510 338 3595 heredumque
374 3534 504 3581 suorum
539 3514 780 3584 successorihus
813 3521 914 3581 totam
940 3511 1179 3598 possessionem
1206 3509 1247 3574 de

116 3620 263 3706 Seynthe
281 3642 352 3689 oum
369 3623 487 3690 tributo
505 3623 584 3709 eius,
613 3631 644 3690 et
660 3623 857 3690 utilitatibus
874 3622 940 3688 suis
957 3619 1105 3688 omnibns
1121 3637 1161 3684 ae
1176 3637 1246 3702 per·

119 3843 292 3922 exceptam
319 3839 521 3922 abantiquo
548 3838 678 3924 penitus
713 3845 744 3904 et
770 3842 972 3923 exemptam,
1001 3834 1071 3902 iure
1095 3837 1249 3919 perpetuo

116 3945 385 4012 inreuooabiliter
418 3946 551 4030 pacifice
581 3945 832 4032 possidendam,
859 3943 943 4010 sicut
969 3943 1071 4009 eciam
1098 3939 1248 4026 primitus

116 4053 358 4140 possessionem
375 4053 511 4121 eandem
529 4054 686 4139 Magister
696 4052 871 4120 Mauricius
885 4058 1031 4135 tempore
1046 4049 1124 4117 Bele
1142 4048 1246 4133 inolitj

116 4163 176 4247 auj
196 4165 295 4248 nostrj
313 4163 403 4229 clare
419 4163 574 4229 memorie
598 4163 700 4228 tenurit
724 4162 845 4248 pariter
865 4167 897 4228 et
911 4156 1066 4245 possedit.
1090 4157 1134 4222 Vt
1149 4155 1248 4242 igitur

116 4271 184 4337 heo
208 4279 320 4338 nostra
345 4270 481 4336 eollaoio
507 4271 604 4337 robur
628 4271 773 4336 obtineat
797 4275 952 4354 perpetue
978 4263 1158 4349 firmitatis,
1187 4283 1248 4330 neo

117 4397 184 4465 per
200 4378 383 4461 quempiam
407 4377 503 4462 lapsu
521 4383 704 4462 temporum
720 4375 830 4444 valeat
856 4375 1043 4460 aliqualiter
1058 4371 1248 4456 retractari;

119 4493 292 4572 presentes
328 4485 544 4552 concessimus
571 4485 695 4552 litteras
725 4483 863 4570 duplicis
889 4483 993 4568 sigilli
1018 4480 1121 4550 nostri
1147 4479 1249 4546 muni·
1337 4499 1345 4506 ·

118 4595 212 4660 mine
236 4593 412 4660 roboratas.
447 4594 569 4661 Datum
597 4614 655 4679 per
680 4613 797 4662 manus
814 4591 962 4676 Magistri
983 4589 1152 4673 Benedictj
1169 4585 1248 4653 Oro·
