3140 5150
635 787 710 862 141.

119 1013 170 1082 IV.
198 1013 315 1080 Ldseto
339 1012 449 1096 kirdlg
480 1013 710 1097 torosuytezssi
732 1016 933 1080 immanitdst
956 1015 1001 1080 cci
1016 1038 1038 1080 o
1053 1017 1242 1105 aydlazipeti

463 1119 765 1206 cpoicaoadrdciaok.
788 1123 886 1190 1278.

212 1317 389 1387 Ladizlaus
419 1315 484 1386 Dei
513 1315 629 1402 gracia
658 1315 835 1404 Hungarie,
866 1317 1060 1407 Dalmaoie,
1091 1319 1237 1410 Oroaoie,

109 1431 224 1516 Reme,
251 1427 383 1514 Seruio,
410 1423 573 1510 Gallieie,
604 1423 803 1512 hodomerie,
834 1423 991 1495 (inmanis
1015 1429 1239 1513 Bulgarieque

109 1539 176 1605 Rex
190 1535 353 1604 uniuersis
370 1533 490 1603 Christi
514 1531 666 1600 fidelibus
690 1539 756 1600 tam
782 1535 986 1620 presentibus
1008 1557 1105 1620 quam
1122 1537 1239 1605 futuris

109 1647 309 1732 presencium
325 1644 479 1712 noticiam
494 1641 656 1710 habituris
672 1643 811 1733 salutem
827 1642 860 1709 in
870 1643 1010 1712 Domino
1028 1645 1237 1731 sepitemam.

111 1756 241 1821 Piarnm
256 1755 416 1821 mencium
436 1757 487 1820 est
503 1751 640 1820 deuocio
666 1752 902 1841 amplectenda,
925 1773 991 1839 qna
1015 1755 1239 1840 progenitores

108 1863 156 1930 sui
171 1862 345 1948 religiosas
361 1861 511 1929 dominas
536 1861 570 1927 in
596 1859 766 1946 Hungarie
790 1861 937 1946 partibus
953 1862 1129 1932 existentes
1147 1862 1239 1930 lami·

106 1971 215 2037 liarite
246 1972 350 2055 Regia
381 1969 575 2039 refecerunt.
609 1965 752 2046 Quorum
778 1989 837 2037 nos
853 1969 1003 2057 vestigijs
1037 1971 1239 2056 adherentes,

109 2099 305 2165 quamquam
337 2078 503 2162 religiosis
530 2076 680 2145 omnibns
704 2097 852 2173 congrua⁴
883 2079 1149 2147 consideracione
1165 2099 1237 2164 pro·

107 2187 233 2272 spicere
250 2193 462 2272 satagamus;
486 2185 562 2252 illas
585 2191 695 2252 tamen
721 2184 835 2253 fanore
851 2186 999 2254 uolumus
1015 2187 1168 2272 prosequi
1184 2207 1239 2273 po-

107 2294 194 2383 ciori,
221 2313 284 2379 que
300 2292 487 2360 oracionum
503 2313 634 2361 suarum
651 2291 816 2377 suffragijs
836 2291 924 2378 apud
939 2294 1044 2360 Deum
1059 2295 1236 2378 specialius

106 2425 164 2489 pre
181 2401 300 2470 ceteris
316 2401 511 2468 claruerunt.
545 2400 686 2469 Proinde
701 2398 743 2468 ad
759 2400 981 2468 uniuersorum
1000 2401 1155 2468 noticiam
1181 2402 1237 2468 ha·

105 2530 173 2578 rum
190 2510 279 2578 serie
295 2509 446 2574 nolumus
461 2508 651 2594 peruenire,
685 2508 771 2590 quod
791 2527 851 2576 nos
870 2509 914 2574 ad
930 2508 1122 2594 peticionem
1141 2518 1174 2576 et
1189 2509 1235 2575 in-

103 2617 263 2684 stanciam
280 2617 408 2683 domine
424 2612 616 2702 Elyzabeth,
632 2615 806 2683 karissime
821 2615 940 2683 sororis
954 2622 1071 2700 nostre,
1095 2617 1231 2684 Prioris-

106 2746 139 2791 se
172 2725 214 2792 de
249 2724 365 2791 Insula
380 2722 525 2807 Virginis
541 2721 690 2790 Gloriose
706 2741 745 2790 ae
760 2724 899 2791 aliarum
916 2743 1061 2791 sororum
1076 2727 1111 2790 in
1126 2723 1239 2791 eodem

107 2833 252 2899 elaustro
268 2835 339 2899 Deo
356 2831 598 2912 famolancium,
622 2832 707 2898 hanc
723 2831 844 2899 eisdem
861 2832 1006 2916 graciam
1032 2832 1073 2899 de
1089 2832 1237 2914 benigni·

107 2945 173 3007 tate
189 2939 299 3023 Regia
315 2937 464 3006 duximus
481 2937 684 3025 faciendam
702 2938 787 3022 quod
803 2939 916 3026 populi
933 2940 1077 3025 ipsarum
1088 2958 1234 3008 sororum

105 3047 144 3116 de
159 3047 277 3114 Insula
292 3046 436 3132 Virginis
462 3046 631 3128 Glorioso,
663 3046 846 3132 ubicunque
862 3048 896 3115 in
913 3051 1026 3134 Regno
1042 3053 1152 3114 nostro
1169 3048 1236 3114 exi·

102 3162 244 3236 etentes,
278 3152 399 3222 nullius
441 3153 555 3222 iudicis
574 3153 713 3240 iudicio,
737 3153 889 3222 'videlicet
906 3173 965 3220 nec
980 3153 1142 3239 Palatini,
1177 3173 1239 3221 neo

102 3263 240 3331 aliorum
268 3261 510 3329 Parochialinm
535 3260 714 3344 Comitum,
746 3269 854 3347 preter
884 3265 1028 3328 nostram
1064 3243 1259 3348 personam

102 3371 134 3434 in
152 3386 353 3452 quocunque
379 3387 455 3434 casu
482 3373 591 3435 astare
615 3373 803 3455 teneantur,
830 3366 887 3434 sed
903 3365 1027 3436 indices
1044 3388 1102 3436 sen
1118 3369 1240 3437 officia·

101 3477 149 3543 les
166 3477 318 3561 ipsarum
333 3494 445 3568 omnes
469 3494 586 3542 causas
612 3476 699 3542 inter
724 3475 866 3561 populos
891 3493 1000 3540 earum
1027 3481 1242 3564 emergentes,

103 3584 252 3651 iudicent
269 3589 301 3650 et
317 3582 509 3668 decernant;
533 3582 589 3667 qui
614 3581 643 3650 si
668 3584 701 3648 in
721 3580 874 3648 facienda
890 3580 1021 3649 iusticia
1036 3583 1241 3668 negligentes

104 3691 295 3776 existerent,
313 3688 414 3774 ijdem
430 3689 543 3774 popnli
559 3689 602 3755 ad
618 3695 762 3756 nostram
778 3689 980 3774 presenciam
997 3697 1179 3770 enoeentur,
1208 3699 1241 3760 et

104 3820 161 3866 nos
178 3797 220 3865 de
239 3797 325 3882 ipsis
343 3795 476 3862 cuilibet
493 3796 678 3879 querulanti
695 3795 834 3866 insiticie
853 3796 1010 3865 faciemus
1027 3799 1240 3884 complemen-

103 3913 188 3992 tum;
214 3909 315 3991 prout
332 3902 525 3986 premissam
549 3903 732 3970 libertatem
757 3923 813 3970 seu
839 3904 983 3987 graciam
1005 3904 1053 3970 cis
1070 3903 1190 3972 factam
1207 3907 1241 3973 in

104 4013 225 4082 litteris
242 4009 412 4077 karissimi
438 4011 542 4096 patris
569 4013 672 4079 nostri
697 4011 853 4098 Stephani
881 4011 1018 4078 illustris
1037 4013 1136 4097 Regis
1152 4015 1242 4081 Hun-

103 4120 194 4204 garie
211 4117 325 4198 felicis
341 4117 579 4184 recordacionis
603 4117 743 4185 uidimus
769 4119 936 4186 contineri.
962 4119 1005 4185 Vt
1021 4119 1122 4204 igitur
1146 4121 1241 4189 huius

103 4225 217 4311 gracie
235 4245 296 4310 per
312 4244 383 4311 nos,
402 4231 434 4292 et
450 4244 508 4311 per
523 4225 730 4293 karissimum
747 4234 871 4312 patrem
883 4215 1028 4295 nostrum
1037 4230 1160 4314 Regem
1171 4229 1241 4296 Ste-

101 4333 251 4418 phanum
280 4331 369 4398 faete
394 4352 452 4399 seu
476 4351 626 4401 concesse
650 4334 750 4400 series
774 4333 809 4399 in
835 4340 1026 4420 perpetuum
1042 4341 1241 4422 perseueret,

104 4463 164 4511 nec
189 4439 298 4528 possit
317 4459 475 4524 processu
501 4445 679 4528 temporum
704 4442 896 4528 retractari,
922 4449 1089 4528 presentes
1115 4441 1241 4509 eisdem

104 4551 331 4618 concessimus
347 4547 474 4616 litteras
491 4547 652 4636 dupplioie
677 4548 779 4637 sigilli
793 4549 896 4618 nostri
911 4550 1088 4618 munimine
1111 4551 1241 4626 robora-
