3080 5160
729 1069 737 1098 ⁸
865 1089 940 1159 ano.

335 1315 359 1382 1
362 1313 398 1380 V.
434 1307 550 1380 nocato
573 1313 746 1400 kirdlprrnk
771 1311 879 1376 Butae
904 1309 1057 1396 helystpet
1089 1309 1241 1395 tdrppard
1277 1304 1457 1390 ndomdoyn

528 1421 614 1488 Pom
629 1443 730 1488 comer
745 1419 921 1487 Mer-sciant
928 1419 982 1504 fla
998 1421 1155 1485 szdosdrc.
1174 1415 1270 1481 1283.

445 1633 650 1736 (L)adiplaus
671 1637 731 1704 Dei
756 1637 868 1720 gracia
896 1634 1072 1722 Hungarie,
1101 1633 1282 1720 Daimacie‚
1317 1627 1462 1708 Croacie,

334 1747 454 1831 Rama,
477 1747 609 1833 Seruis,
633 1745 792 1832 Gallicis,
821 1745 1028 1830 Lodomerie‚
1057 1743 1214 1812 Cumanis
1237 1737 1459 1826 Brigarieqne

334 1854 404 1918 Rex
430 1855 578 1921 omuibus
604 1851 725 1920 Christi
750 1851 898 1921 fidelibus
922 1859 1090 1941 presentes
1114 1851 1240 1918 litteras
1264 1848 1462 1936 inspecturis

335 1961 473 2027 salutem
497 1961 531 2027 in
548 1961 663 2029 smnus
679 1961 842 2046 largitore.
864 1959 916 2026 Ad
932 1961 1153 2050 uniuersorum
1169 1965 1234 2025 tam
1250 1958 1456 2044 presencium

336 2089 432 2152 quam
463 2067 642 2137 futurorum
670 2069 821 2137 noticiam
851 2067 965 2136 harum
997 2068 1079 2137 serie
1109 2069 1254 2135 volumus
1278 2064 1458 2151 peruenire,

335 2176 420 2261 quod
444 2175 654 2245 consideratis
678 2175 893 2246 fidelitatibus
919 2185 951 2246 et
975 2176 1121 2263 seruicijs
1149 2175 1281 2242 Comitis
1296 2174 1381 2240 Pons
1398 2172 1454 2256 fiiij

335 2285 450 2370 Mersa,
460 2305 521 2368 que
537 2285 572 2352 in
587 2285 734 2354 omnibus
750 2293 783 2355 et
798 2285 937 2355 diuersis
953 2285 1212 2374 expeditionibus
1228 2281 1331 2368 Regni
1347 2283 1460 2364 nostri,

335 2393 428 2460 bellis
453 2393 603 2463 videlicet
627 2393 787 2464 intestinis
813 2403 845 2463 et
872 2395 1072 2471 extrinsecis,
1094 2393 1291 2480 temporibus
1307 2384 1491 2479 progeni'

334 2510 437 2568 torum
463 2509 640 2570 nostrorum
666 2509 698 2568 et
713 2503 842 2590 nostris,
858 2523 893 2572 sc
908 2509 940 2569 et
954 2522 1014 2570 sna
1029 2501 1167 2571 diuersis
1182 2501 1309 2570 fortune
1325 2501 1460 2567 casibus

335 2609 559 2696 submittendo,
568 2631 626 2698 pro
644 2609 804 2679 fidelitate
814 2612 937 2681 Corone
953 2612 1055 2698 Regis
1065 2612 1176 2680 debita
1191 2609 1336 2679 exhibuit
1353 2617 1385 2676 et
1404 2609 1465 2673 im-

338 2717 464 2804 pendit;
482 2721 601 2804 etquis
612 2720 712 2788 eoiam
723 2719 807 2788 idem
825 2720 939 2789 Comes
954 2721 1040 2789 Pons
1057 2721 1138 2787 duos
1154 2733 1252 2804 equos
1268 2738 1342 2786 suos
1358 2718 1467 2784 bonos

337 2847 394 2912 pro
405 2832 519 2894 nostra
528 2827 632 2913 Regia
640 2827 810 2895 Maiestate
826 2829 981 2914 valentes,
995 2835 1028 2895 et
1043 2828 1279 2912 qninquaginta
1295 2847 1398 2911 equas
1418 2829 1466 2893 in·

338 2935 475 3003 domitas
486 2934 528 3003 ad
543 2935 732 3022 peticionem
743 2943 883 3004 nostram
894 2938 986 3004 uobis
998 2936 1089 3004 dedit
1100 2962 1108 3023 ς
1120 2937 1152 3003 in
1164 2935 1464 3004 remuneracionem

335 3044 544 3111 sernioiornm
568 3065 710 3133 snorum,
727 3065 766 3112 ac
781 3047 1115 3132 recompensacionem
1132 3052 1164 3112 et
1179 3046 1462 3113 restauracionem

336 3172 488 3235 equorum
509 3159 541 3220 et
566 3172 721 3238 equarum
747 3153 850 3241 ipsius
875 3153 1009 3222 Comitis
1037 3156 1121 3222 Pons
1137 3163 1282 3241 tempore
1298 3159 1465 3240 oportuno

338 3259 428 3327 nobis
446 3261 604 3348 datorum,
621 3261 783 3346 quandam
799 3269 918 3332 terram
935 3264 1185 3331 Draucariorum
1200 3269 1380 3330 nostrorum
1399 3263 1467 3329 Ba·

336 3375 389 3435 tur
404 3377 552 3436 vocatam
568 3369 601 3436 in
617 3389 683 3455 qna
699 3369 838 3439 ecclesia
852 3371 886 3439 in
902 3370 1023 3438 honore
1040 3371 1152 3438 Sancti
1171 3372 1303 3439 Martini
1320 3375 1370 3437 est
1389 3391 1467 3436 con-

339 3481 472 3565 structa,
500 3477 563 3562 ipsi
588 3477 702 3546 Comiti
728 3477 823 3560 Pons,
845 3485 878 3546 et
902 3500 961 3565 per
986 3481 1149 3548 cumanis
1175 3479 1348 3547 heredibus
1370 3479 1468 3548 here-

337 3585 476 3670 dumque
500 3607 629 3656 suorum
655 3589 904 3676 successoribus,
929 3589 1077 3674 quamuis
1094 3589 1223 3657 modica
1236 3591 1468 3657 remuneracio

339 3713 469 3760 suorum
485 3693 702 3782 sernioiornm,
720 3703 752 3762 et
775 3695 908 3762 minima
934 3697 1193 3784 recompensacio
1209 3717 1314 3764 rerum
1330 3717 1469 3766 suarum

336 3801 503 3890 videatur,
529 3803 687 3890 dedimus,
713 3804 905 3872 donauimus
928 3811 961 3872 et
985 3805 1179 3873 contulimus
1204 3806 1272 3872 inre
1301 3803 1470 3891 perpetuo

336 3910 577 3998 possidendam,
601 3914 660 3980 sub
687 3912 806 3980 eudem
823 3913 916 3982 metis
934 3921 967 3982 et
982 3914 1130 3982 terminis
1156 3914 1310 4002 antiquis,
1342 3915 1471 3998 quibua

336 4021 441 4104 ipsam
463 4027 579 4087 terram
596 4021 794 4108 temporibus
811 4021 931 4090 domini
947 4023 1026 4092 Belo
1041 4025 1140 4108 Regis
1156 4024 1211 4091 aui
1227 4023 1326 4090 nostri
1355 4020 1469 4090 karia-

337 4127 422 4215 rimi,
454 4136 486 4195 et
501 4128 624 4196 domini
640 4129 799 4216 Stephani
816 4132 913 4217 Regis
928 4132 1032 4218 patris
1057 4133 1161 4200 nostri
1190 4131 1359 4218 predilecti
1394 4131 1471 4200 reri-

336 4236 421 4302 cium
436 4237 691 4308 recordacionem
707 4238 806 4327 ijdem
831 4241 1002 4327 Draucarij
1024 4240 1235 4308 dinoscuntur
1259 4239 1471 4327 possedisse.

336 4342 374 4410 ln
400 4345 490 4413 cuius
515 4347 561 4414 rei
587 4348 773 4417 memoriam
799 4357 1052 4435 perpetuamque
1083 4349 1272 4418 firmitatem
1291 4359 1472 4436 presentes

340 4453 556 4525 concessimus
568 4455 843 4543 litterasduplicis
854 4457 1069 4544 sigillinostri
1085 4459 1265 4527 munimine
1286 4461 1472 4528 roboratas

339 4561 458 4628 Datum
474 4585 531 4648 per
547 4585 661 4634 manus
677 4568 807 4635 discreti
824 4568 884 4635 viri
907 4568 1053 4655 Magistri
1070 4567 1288 4637 Bartholomei
1315 4567 1398 4636 aule
1416 4591 1472 4638 no·

216 4741 226 4764 ·
341 4674 406 4734 stre
423 4669 707 4759 vice-Cancellarij
726 4675 836 4746 dilecti
852 4685 884 4744 et
900 4677 1009 4747 iidelis
1026 4681 1128 4748 nostri
1146 4699 1232 4747 anno
1242 4678 1375 4745 Domini
1396 4683 1475 4748 mii·
