3126 5150
524 253 682 352 ji...-

48 449 113 515 riori
137 453 229 532 parte
255 447 361 532 ipsius
387 445 482 516 vinee
517 452 775 532 pereurreutem,
813 445 868 513 ubi
894 451 968 514 suut
993 445 1056 512 due
1081 450 1166 512 mete

47 565 147 639 terrae,
169 561 202 621 et
217 553 264 620 ibi
292 553 498 622 continuatur
524 557 610 619 terre
636 553 834 622 hereditario
849 554 957 620 Varou
984 552 1164 638 prenotati;

47 661 153 729 abinde
176 661 210 727 in
237 658 355 728 eadem
380 663 436 726 ula
461 660 600 726 uertitur
625 659 667 726 ad
687 658 876 746 meridiem,
902 663 934 726 et
950 661 1057 726 eundo
1083 659 1165 725 satis

47 791 95 855 per
108 770 248 857 amplum
266 788 369 852 usque
393 766 435 833 ad
451 765 538 832 uiam
559 771 737 854 apopaoutb
757 773 907 833 uocatam
932 763 1104 833 descendit
1127 767 1160 832 in

46 877 162 962 uallem,
189 874 246 942 ubi
273 882 324 942 ost
348 879 453 960 meta;
478 872 597 940 deinde
613 874 719 942 adbuc
744 874 787 940 ad
803 871 972 940 meridiem
997 872 1032 938 in
1050 871 1162 940 eadem

46 985 121 1050 ualle
134 981 301 1066 uergendo
327 979 476 1066 peruenit
496 981 539 1047 ad
554 988 656 1048 metas
674 980 809 1048 Comitis
824 979 912 1048 Petri
930 980 970 1046 de
985 980 1108 1064 Palati,
1133 985 1166 1044 ot

45 1091 115 1159 satis
130 1110 186 1177 per
201 1091 339 1174 longum
355 1087 520 1174 pergendo
544 1089 694 1173 peruenit
715 1089 759 1154 ad
775 1087 938 1172 quandam
954 1088 1103 1156 semitam
1120 1087 1163 1153 arl

46 1202 179 1266 arborem
195 1197 297 1283 pomi,
322 1198 357 1264 in
373 1214 437 1283 qua
462 1203 511 1264 est
528 1203 635 1283 meta;
659 1197 778 1264 exinde
803 1197 944 1265 flectitur
961 1195 1004 1262 ad
1020 1194 1165 1263 oooiden-

45 1313 100 1372 tem
124 1325 180 1392 per
195 1305 336 1373 andem
352 1304 502 1372 semitam
527 1303 570 1372 ad
590 1304 745 1389 angulum
770 1304 866 1370 unius
884 1305 988 1372 sallus
1007 1299 1165 1370 adunam

44 1420 150 1479 metam
178 1419 339 1496 terream3
364 1411 438 1480 bino
455 1411 578 1480 directe
603 1432 661 1499 per
676 1433 788 1506 nemus
814 1411 858 1478 ad
883 1410 1083 1479 occidentem
1110 1409 1162 1478 de-

45 1520 214 1590 scendendo
231 1518 347 1587 incidit
371 1521 407 1585 in
425 1519 564 1586 eundem
587 1519 722 1588 fluuium
746 1519 931 1604 Lonkoobc,
948 1524 980 1586 et
996 1520 1042 1586 ibi
1058 1519 1180 1592 termi,

45 1631 197 1696 natur.1n
223 1627 315 1696 ouius
341 1626 542 1696 vendicionis
569 1626 756 1694 memoriam
781 1626 1032 1711 firmitatemque
1047 1646 1161 1712 perpe·

44 1743 120 1800 tuam
145 1733 188 1801 ad
213 1735 408 1803 instanciam
435 1734 580 1820 parcium
605 1741 773 1820 presentes
799 1733 1017 1802 concessimus
1036 1733 1164 1802 litteras

44 1841 134 1924 sigilli
157 1843 262 1910 nostri
289 1841 466 1908 munimine
491 1841 679 1927 roboratus,
702 1861 789 1908 anno
815 1839 985 1910 Dominioe
1010 1840 1161 1910 lucarna-

44 1947 132 2014 oionis
147 1949 192 2014 ΒΡ
210 1949 275 2018 00⁰
290 1949 399 2016 ΙιΧΧο
414 1948 524 2016 tercio.
650 2008 652 2018 .

43 2126 169 2188 (Erodetie
183 2124 362 2194 burutreytn,
381 2127 510 2193 melynelr
522 2123 746 2192 barryszsinegon
766 2128 875 2194 iiiggdtt
887 2124 1009 2194 pccsdtjc
1023 2127 1163 2190 elusanam,

336 2233 354 2268 a
366 2215 450 2269 budai
464 2217 516 2271 loir.
529 2217 653 2268 tramarai
665 2211 857 2281 levdltdrban.)

568 2835 621 2906 ab.

44 3033 129 3099 Vrbuz
146 3059 251 3123 nappe
275 3036 498 3122 bctdsdpdualc
522 3035 798 3124 biaocyodpleoele,
823 3037 908 3124 boyy
933 3037 1087 3123 Voybuulc'
1095 3042 1162 3122 fici

41 3141 181 3228 Lippe'ben
197 3145 267 3210 le'vd
282 3142 464 3210 baebulus
490 3140 624 3230 Gydrpy
641 3139 734 3210 dek
750 3143 869 3226 fidnuk
895 3145 1033 3211 eladtdb.
1060 3151 1155 3213 1273.

127 3337 196 3406 Nos
213 3335 413 3406 Oristoforus
439 3344 471 3406 et
495 3339 589 3408 Vitus
604 3338 753 3424 Magistri
770 3339 911 3408 Comites
932 3336 972 3408 de
988 3341 1109 3426 Vrbaz,
1130 3348 1163 3409 ot

40 3442 273 3514 bartholomeus
299 3445 415 3514 (lomes
431 3446 622 3533 Terrestris,
648 3453 681 3514 et
705 3447 805 3514 ceteri
823 3446 957 3516 Judices
973 3448 1153 3533 Nobilium,

39 3549 173 3619 uidelicet
187 3552 370 3619 Pridiohna
393 3559 426 3620 et
450 3549 550 3620 Jaous
575 3552 797 3636 significamus
823 3559 935 3622 tenore
949 3557 1152 3640 presencium

37 3657 136 3737 qubus
152 3657 291 3745 expedit
306 3660 477 3747 uniuersis,
493 3659 578 3744 quod
593 3661 787 3730 accedentes
803 3661 846 3728 ad
861 3666 1006 3727 nostram
1022 3681 1153 3746 presen-

37 3761 103 3829 ciam
119 3765 294 3851 Hrouatin,
319 3767 443 3852 Petrus,
471 3773 504 3834 et
518 3767 669 3854 Blagoya
692 3769 753 3852 filij
770 3767 866 3855 Voyk
892 3769 936 3834 ab
968 3787 1034 3834 una
1053 3775 1160 3854 parte,

36 3887 65 3934 er
79 3873 180 3940 altera
196 3893 278 3941 uero
295 3873 454 3959 Georgius
480 3873 567 3942 filins
584 3874 707 3959 Ghelk,
735 3875 822 3941 idem
841 3874 1011 3961 Hrouatin,
1038 3875 1153 3942 Petrus

37 3985 59 4040 et
79 3979 227 4068 Blagoya
253 3979 310 4068 filij
339 3981 435 4068 Voylr
461 3981 601 4050 confessi
635 3991 710 4050 sunt
735 3983 820 4050 vinis
849 3981 984 4050 uocibus
1009 3983 1150 4069 ipsorum

35 4087 179 4164 quandam
212 4087 450 4174 possessionem
482 4109 593 4156 eorum
633 4087 860 4157 hereditariam
893 4090 1086 4157 existentem
1114 4090 1149 4155 in

35 4190 123 4260 llrbaz
147 4193 258 4282 Lipye
274 4203 433 4282 uocatam,
461 4215 533 4262 oum
559 4193 706 4264 omnibus
732 4195 927 4265 utilitatibus
952 4195 1019 4262 suis
1041 4182 1152 4263 uen'di-

35 4297 104 4368 disse
119 4323 179 4388 pro
197 4300 438 4386 quinquaginta
452 4303 570 4368 marcis
581 4301 722 4387 Georgio
738 4302 912 4389 autedioto,
929 4303 1148 4374 mediantibus

33 4413 122 4474 autem
148 4417 182 4475 et
211 4429 278 4474 non
304 4409 596 4476 contradicentibus
621 4409 736 4477 ricinis
763 4418 795 4477 ot
823 4410 1054 4478 commetaneis
1076 4431 1147 4497 per-

33 4523 111 4592 petuo
126 4512 377 4602 possidendam.
402 4511 501 4584 Cuius
528 4516 745 4608 possessionis
772 4517 815 4584 ad
832 4517 1007 4586 uidendam
1025 4518 1149 4601 quanti·
