3138 5164
353 1109 415 1174 Pol
430 1109 670 1192 herodioreuipi
700 1106 760 1171 boio
776 1107 886 1172 Jadra
902 1112 1013 1174 vrisoat
1044 1108 1173 1194 ajrirslja
1199 1131 1220 1172 a
1231 1113 1328 1196 pripa
1351 1109 1471 1196 φάψ

787 1213 920 1300 posciba.
938 1215 1036 1282 1285.

459 1426 672 1495 Sauetiseimo
687 1429 721 1494 in
737 1427 866 1495 Christo
882 1429 967 1514 patri
999 1435 1031 1498 et
1047 1428 1178 1498 domino
1203 1429 1363 1498 Clementi
1379 1427 1409 1518 (l
1419 1429 1467 1495 VI.

353 1534 516 1602 Honorius
533 1535 602 1603 volt
627 1536 734 1602 airkor
763 1533 864 1622 papa)
881 1537 1002 1603 Divina
1027 1536 1237 1622 providencia
1261 1539 1469 1603 Sacrosauote

354 1642 500 1708 Romane
517 1641 664 1710 Eoolesie
679 1643 811 1735 Summo
826 1663 866 1710 ao
891 1644 1080 1712 Uniuersali
1097 1645 1256 1730 Pontifici,
1274 1645 1407 1711 domino
1420 1661 1470 1710 suo

353 1747 528 1834 plurimum
545 1751 730 1834 reverendo,
747 1751 871 1819 Paulus
903 1752 1014 1820 Bonus
1030 1753 1255 1840 Ohroatorum,
1273 1759 1307 1818 et
1322 1751 1470 1817 Dominus

353 1855 470 1939 Boane,
487 1855 605 1941 pedum
622 1858 732 1925 oscula
765 1859 930 1926 beatorum
962 1881 1033 1926 oum
1065 1858 1286 1945 proutiludine
1310 1855 1472 1925 serviendo

355 1961 543 2052 (igy).Quia
553 1983 617 2031 uon
628 1965 684 2050 qui
694 1967 859 2052 inceperit,
868 1966 926 2033 sed
938 1967 1026 2050 quod
1036 1966 1265 2051 perevaserit,
1274 1945 1396 2052 'reeipit
1406 1969 1468 2032 bra·

352 2071 461 2155 uium;
477 2089 517 2138 eo
531 2069 615 2140 illud
632 2073 802 2157 presertim
817 2073 908 2158 pium
919 2081 970 2141 est
980 2073 1190 2152 laudandum,
1207 2073 1295 2156 quod
1310 2073 1376 2139 line
1392 2074 1467 2140 olau-

353 2176 441 2246 ditur
456 2179 601 2246 meliori:
627 2181 747 2249 ideireo
763 2182 796 2247 in
820 2181 997 2250 deuooione
1014 2181 1125 2248 debita
1141 2199 1342 2266 permanere,
1360 2188 1393 2246 et
1407 2199 1470 2245 euru

353 2291 502 2370 prorupta
518 2305 558 2354 au
572 2285 661 2354 fideli
677 2288 923 2355 eontinuaoioue
940 2288 1086 2357 serrioiis
1104 2286 1243 2356 servioia
1258 2287 1469 2367 aoeumulare,

353 2389 531 2476 Vestreque
546 2393 738 2464 Sanctitetis
769 2395 935 2464 mandatis
969 2403 1001 2462 et
1032 2395 1204 2482 preceptis,
1234 2415 1299 2462 uon
1315 2389 1469 2480 paroeudo
1542 2425 1543 2444 r

354 2499 507 2583 perieulis
522 2508 554 2569 et
570 2505 731 2591 expensis,
746 2523 804 2588 per
819 2505 930 2571 omnia
954 2505 1088 2591 oupiens
1104 2503 1252 2588 obedire;
1271 2501 1469 2570 considerans

355 2605 469 2674 Vestre
485 2607 728 2677 Dominaeionis
738 2612 993 2679 eontreVeuetos
1004 2613 1090 2678 lates
1100 2611 1296 2694 sentencias,
1314 2629 1354 2676 ae
1369 2629 1467 2676 eoruu

355 2713 427 2780 visa
443 2717 609 2802 protervia
624 2725 657 2784 et
672 2717 806 2804 duricia,
817 2719 858 2785 ob
868 2718 1022 2787 honorem
1040 2727 1072 2786 et
1088 2719 1225 2804 gloriam
1238 2716 1467 2784 SaneteMatris

354 2821 497 2890 Eeelesie
522 2823 556 2890 iu
587 2825 728 2892 medium
749 2825 993 2894 Jadratiuorum
1025 2833 1209 2894 nostrorum
1240 2825 1426 2893 devotorum
1439 2829 1466 2888 et
1541 2841 1542 2857 ¹

353 2925 506 3015 fidelium,
523 2933 579 3014 qui
595 2933 709 3000 Vestre
725 2931 922 3002 Senotitatis
937 2933 1075 3020 speciali
1091 2933 1180 3000 dueti
1196 2931 1327 3021 fiducia,
1343 2952 1364 2999 a
1379 2931 1466 2998 Verre

353 3041 459 3104 torum
474 3037 618 3106 violento
648 3037 791 3107 dominio
821 3040 1012 3110 reoedeutes
1044 3040 1087 3107 ad
1117 3039 1306 3107 libertatem
1337 3035 1467 3106 debitam
1540 3091 1541 3140 ᾗ

353 3152 588 3230 peruenerunt:
620 3149 794 3232 requisitos
809 3169 868 3236 per
898 3147 1049 3236 eosdem,
1081 3167 1188 3214 meum
1218 3145 1466 3234 primogenitum,
1540 3145 1541 3158 ¹

354 3252 479 3318 Beuum
494 3253 696 3322 Malediuum
711 3255 839 3323 Beuum
855 3255 1079 3342 Bosnensium,
1096 3253 1172 3322 misi
1182 3273 1255 3322 oum
1270 3255 1419 3341 poteuoie
1431 3251 1467 3318 ed

355 3356 591 3430 defendendum
622 3371 654 3432 et
685 3363 961 3432 manutenendum
993 3369 1025 3430 et
1055 3362 1290 3448 protegendum
1318 3358 1469 3447 predictos

354 3466 552 3555 Jsriratinos,
569 3475 738 3555 tamquam
754 3469 943 3538 odedieueie
958 3469 1042 3538 lilios
1062 3475 1095 3538 et
1109 3467 1254 3552 devotos,
1269 3474 1384 3536 eontra
1397 3467 1469 3533 Vsu·
1539 3435 1540 3469 ¹

354 3581 406 3643 tos
422 3575 634 3663 supradictos.
651 3578 738 3646 Saue
748 3577 826 3664 quia
842 3577 921 3645 dieti
938 3577 1054 3646 Veneti
1070 3577 1223 3644 ooutiuuo
1239 3581 1352 3645 tenent
1367 3575 1470 3659 galeas

356 3687 501 3750 armatus
515 3690 593 3752 ante
607 3684 754 3771 ladrem,
770 3686 804 3752 iu
820 3684 948 3753 insulas
964 3683 1107 3771 ipsorum
1124 3679 1339 3763 devastando,
1353 3681 1470 3749 ueeha·
1538 3717 1539 3773 p

356 3789 450 3858 boam
467 3788 511 3857 ad
526 3809 658 3878 presens
674 3792 788 3878 galeas
797 3789 842 3859 ari
857 3791 1055 3860 obviandum
1072 3789 1194 3858 eisdem
1209 3788 1383 3876 hostiliter,
1398 3787 1470 3855 sieut

355 3896 448 3966 deoet
462 3898 628 3968 rebelibus
643 3899 806 3968 Eoolesie:
823 3899 996 3968 Senotiteti
1008 3899 1121 3968 Vestre
1131 3897 1263 3982 plaoeet
1278 3895 1321 3964 de
1337 3896 1470 3979 benigni-

354 4008 422 4073 tate
438 4011 593 4075 consueta
607 4005 718 4074 taliter
733 4025 832 4093 super
841 4005 901 4076 hee
916 4004 1100 4093 providere,
1121 4003 1208 4088 quod
1223 4001 1303 4070 dieti
1318 3999 1471 4069 Jadratiri
1537 4007 1538 4079 i

354 4108 468 4180 fideles
484 4112 584 4179 vestri
601 4119 633 4180 et
648 4112 758 4180 devoti
767 4163 777 4200 ,
808 4133 872 4181 uon
895 4113 1030 4198 possint,
1062 4129 1122 4176 neo
1153 4108 1286 4178 valeant
1300 4129 1361 4195 per
1376 4107 1470 4175 dictos

354 4217 505 4306 Venetos,
522 4218 576 4286 vel
591 4239 649 4306 per
665 4219 795 4304 aliquos
811 4220 932 4286 amieos
965 4224 998 4286 et
1012 4217 1155 4286 fautores
1186 4235 1308 4303 eorum,
1340 4235 1434 4303 preee
1446 4221 1471 4279 et
1536 4271 1537 4284 ,

273 4357 276 4364 ·
355 4324 462 4412 presio
478 4323 623 4414 inseetou,
648 4325 744 4394 modo
759 4325 870 4411 aliquo
885 4324 1048 4411 agrarari,
1081 4324 1134 4393 rel
1165 4321 1355 4408 aliqualiter
1385 4321 1472 4390 mole·

355 4433 455 4518 atari;
472 4449 546 4501 oum
559 4431 663 4518 aliqui
679 4433 772 4501 obliti
789 4452 848 4501 sue
868 4431 984 4500 salutis
1000 4430 1129 4520 proprie
1146 4435 1180 4498 et
1193 4428 1341 4498 mandati
1357 4428 1469 4497 Viearii

355 4539 434 4608 lesu
450 4537 580 4624 Christi,
600 4545 669 4608 tam
693 4541 780 4628 apud
803 4541 992 4612 Ferrariam
1021 4558 1102 4608 ausu
1118 4539 1289 4608 temerario
1321 4557 1358 4606 se
1375 4557 1465 4626 oppo-
