3140 5150
367 941 425 1008 IV.
443 943 557 1009 Laeto
573 941 682 1027 kirdly
699 943 876 1026 crepacula·
900 941 922 1004 Ι
926 939 959 1006 V.
976 941 1059 1008 Bata
1073 943 1252 1030 kirdlynak
1279 945 1414 1010 1269-tt
1428 944 1482 1008 Ko-

366 1052 422 1115 kos
437 1049 547 1136 frildot
570 1053 727 1136 tdrpyazd
750 1049 946 1134 adorndnydt
970 1049 1103 1135 braun,
1128 1049 1340 1116 Lotburdnuk
1357 1053 1409 1134 fio
1427 1059 1483 1118 aad·
1557 1137 1558 1148 ἶ

819 1163 921 1225 uldra.
946 1161 1044 1226 1277.
1557 1175 1558 1200 ¹

471 1354 645 1422 Ladizlaus
676 1352 738 1422 Dei
769 1355 884 1439 gracia
914 1355 1091 1442 Hungarie,
1123 1355 1317 1442 Dalmacie‚
1348 1354 1481 1441 Crocale,

365 1463 484 1548 Rauso,
509 1463 640 1549 Sarute,
666 1460 830 1545 Gallicis,
861 1461 1061 1549 Lodomerie,
1091 1461 1249 1540 Cumania
1273 1464 1483 1548 Bnlgarieque

366 1571 435 1636 Rex
450 1569 598 1637 omnibus
631 1568 751 1636 Christi
775 1567 925 1638 fidelibus
953 1577 1122 1657 presentes
1143 1571 1271 1638 litteras
1299 1572 1482 1658 inspecturis

364 1679 502 1746 salutem
518 1677 552 1743 in
568 1679 710 1744 omnium
727 1679 899 1745 saluatore.
915 1678 966 1744 Ad
983 1679 1204 1747 uniuersorum
1213 1679 1367 1746 noticiam
1375 1679 1483 1745 harum

363 1785 447 1853 serie
472 1785 620 1853 volumus
649 1785 839 1871 peruenire,
865 1785 950 1870 quod
976 1787 1091 1854 Comes
1112 1786 1297 1872 Stephanus
1327 1788 1414 1854 lilius
1428 1786 1481 1850 Lo·

361 1891 472 1961 thardi
486 1891 528 1960 ad
544 1899 688 1962 nostram
705 1893 863 1962 accedeus
878 1895 1082 1980 presenciam
1108 1895 1254 1961 exhibuit
1279 1896 1372 1962 nobis
1388 1893 1483 1978 quod·

362 2001 438 2068 darn
453 2001 662 2086 priuilegium
678 2001 784 2068 felicis
801 2000 1039 2070 recordacionis
1060 2001 1267 2070 Serenissimi
1292 2003 1390 2087 Regis
1407 1999 1478 2067 Bele

362 2107 530 2176 karissimi
546 2110 603 2176 aui
619 2110 730 2197 nostri,
747 2131 811 2177 non
826 2110 995 2198 abolitum,
1019 2131 1085 2177 non
1101 2111 1329 2197 cancellatum,
1354 2131 1420 2180 nou
1441 2129 1484 2175 ra·
1557 2145 1558 2214 t

361 2235 443 2303 sum,
460 2236 520 2282 nec
535 2216 569 2283 iu
584 2215 696 2300 aliqua
722 2217 772 2283 sui
793 2223 887 2301 parte
905 2216 1071 2304 viciatum,
1096 2225 1208 2304 petens
1224 2237 1297 2284 cum
1313 2217 1481 2302 instancia
1557 2223 1558 2284 l

359 2330 394 2391 ut
410 2330 442 2392 et
458 2344 516 2392 nos
542 2325 650 2410 ipsum
674 2324 884 2410 priuilegium
915 2332 948 2392 et
978 2325 1225 2392 collacionem'
1217 2346 1281 2392 ram
1308 2323 1461 2392 dudum
1452 2343 1482 2387 ιιι

357 2436 427 2520 ipso
442 2433 616 2520 priuilegio
648 2433 678 2501 ei
701 2432 841 2520 factam,
864 2436 1056 2501 confirmare
1086 2433 1128 2502 de
1152 2433 1356 2518 benignitate
1382 2415 1558 2516 Regia
1557 2439 1558 2462 ³

357 2541 575 2626 dignaremur
600 2541 698 2608 Cuius
713 2547 804 2608 tenor
820 2540 896 2609 talis
913 2548 980 2610 est:

462 2649 543 2716 Bela
558 2648 599 2715 D.
615 2670 663 2734 gr.
680 2648 847 2734 Hungarie
863 2651 923 2716 stb.
940 2651 1009 2717 Rex
1019 2650 1081 2718 stb.
1098 2645 1315 2738 (kbvetkeuilr
1330 2647 1384 2716 IV.
1401 2648 1481 2716 Bela

353 2757 533 2844 kirtlyuak
549 2757 827 2845 adombnylevele,
849 2757 930 2823 mint
945 2758 1231 2845 gylijtemtnyttnk
1248 2756 1345 2842 vus,
1365 2755 1479 2842 vagyis

354 2863 541 2935 amdsodik
557 2863 682 2950 folyam
698 2867 729 2930 3.
746 2862 921 2932 kbtetdben
938 2869 1013 2932 232.
1032 2862 1070 2950 l.)

459 2974 528 3040 Nos
543 2972 643 3057 igitur
658 2969 871 3058 peticionibus
889 2969 1034 3038 eiusdem
1059 2972 1195 3038 Comitis
1211 2971 1370 3058 Stephani
1386 2968 1480 3034 inoli-
1557 2991 1558 2994 ¹

351 3082 431 3168 nati,
453 3091 495 3148 ne'
510 3087 624 3148 nostra
638 3079 770 3163 Regalis
796 3078 1006 3146 Excellencia
1027 3079 1148 3146 omissa
1163 3063 1415 3145 deliberacionis
1433 3095 1479 3142 se-

353 3191 402 3258 ric
434 3189 647 3257 donacionem
683 3203 742 3255 seu
767 3186 1048 3254 confirmacionem
1079 3185 1264 3254 huiusmodi
1290 3183 1481 3252 collacionis

352 3298 460 3366 iacere
477 3309 616 3383 propere
632 3295 791 3380 uideatur,
817 3293 860 3361 ad
876 3295 1031 3362 maiorem
1050 3294 1098 3360 rei
1115 3291 1343 3360 certitudinem
1360 3298 1392 3359 et
1410 3311 1481 3357 cau·

350 3406 450 3473 telam
466 3405 572 3491 ipsum
587 3402 794 3490 priuilegium
810 3401 852 3470 de
869 3403 970 3470 uerbo
996 3401 1040 3468 ad
1056 3404 1190 3470 uerbum
1207 3399 1416 3487 presentibus
1431 3398 1480 3463 in·

350 3510 487 3580 serendo
502 3509 638 3579 fecimus
655 3511 846 3580 confirmari.
872 3513 911 3578 Iu
937 3510 1028 3578 ouius
1053 3512 1101 3577 rei
1126 3507 1314 3578 memoriam
1339 3506 1477 3572 firmita-

349 3627 479 3704 temque
504 3625 693 3706 perpetuam
719 3626 884 3706 presentes
909 3617 1127 3686 concessimus
1156 3618 1282 3684 litteras
1314 3615 1481 3702 dupplicis

348 3727 447 3813 sigilli
464 3728 566 3796 nostri
585 3726 759 3798 munimine
779 3726 970 3793 roborando.
995 3727 1117 3792 Datum
1138 3745 1195 3810 per
1213 3743 1328 3790 manus
1345 3720 1481 3788 discreti
1557 3717 1558 3740 ³

347 3835 410 3904 viri
434 3835 583 3920 Magistri
607 3833 766 3902 Johannis
799 3831 959 3900 Budensis
985 3833 1133 3898 Ecclesia
1149 3830 1314 3916 Propositi
1330 3827 1408 3896 aule
1426 3849 1483 3892 no·

345 3951 414 4012 stre
429 3943 719 4028 Viae-Cancellarij
737 3941 848 4009 dilecti
864 3949 896 4008 et
912 3939 1017 4007 tidelis
1034 3941 1136 4008 nostri
1153 3959 1240 4006 anno
1255 3935 1390 4003 Domini
1410 3936 1480 4001 mil-

344 4051 459 4119 lesimo
474 4032 694 4120 ducentesimo
711 4049 953 4135 septuagesimo
964 4049 1111 4134 septimo,
1127 4043 1232 4130 Regni
1248 4052 1358 4112 autem
1375 4043 1483 4111 nostri

345 4179 430 4227 anno
447 4159 568 4244 quinto.

342 4337 483 4412 (Eredetis
503 4341 537 4395 bd
540 4339 678 4408 rrrnhdtyd
697 4338 885 4407 specsdtr
842 4337 904 4406 ss'ug
886 4344 1049 4478 ngdrblss¹
1041 4337 1117 4402 aalys
1119 4353 1160 4388 mz
1162 4335 1275 4388 sindron
1300 4335 1479 4400 ftiggttttffa
1445 4335 1479 4384 dc
1557 4363 1558 4376 ι

459 4410 669 4466 mirlomdllott.
689 4411 764 4464 Mdlt.
779 4411 939 4477 Saralsy
958 4417 999 4462 sto
1033 4409 1238 4475 riirgyijtarnn
1177 4405 1354 4474 rnndydbn)
