3138 5164
92 535 255 604 sonaliter
270 533 419 621 notantis,
435 532 650 603 vendiderunt
674 533 791 603 (inmiti
806 533 944 604 Nieoloo
975 535 1043 604 lilio
1060 535 1153 605 Bude
1169 558 1249 624 pro·

92 661 212 710 nouem
228 643 348 710 mareis
377 643 521 710 lotorum
537 641 742 710 denariorum
773 642 844 710 iure
868 649 1027 730 perpetuo
1045 643 1181 731 paeifiee
1196 651 1246 714 et·

95 750 206 835 quiete
222 743 486 818 inrationabiliter
501 747 733 836 possidendum
749 749 904 817 heredum
921 751 955 817 in
972 749 1116 819 heredes.
1127 748 1228 820 Cuius

93 853 226 939 quidem
241 861 325 924 terre
340 861 425 922 mete
439 855 488 922 sio
507 853 690 941 inoipiunt:
715 855 804 940 quod
827 855 934 942 prima
949 853 1040 924 meta
1055 857 1169 944 incipit
1185 859 1244 926 ab·

93 961 263 1030 oceidente
278 982 300 1029 a
314 969 401 1030 mets
416 962 559 1030 eiusdem
576 960 710 1030 Comitis
731 962 864 1030 Niooloi
880 963 914 1028 in
930 965 988 1030 nin
1004 983 1100 1030 ornoe
1116 951 1246 1049 signu?

92 1077 141 1158 to,
157 1077 191 1138 et
206 1071 305 1137 ourrit
320 1068 363 1138 nd
378 1069 566 1154 aquilonem
580 1070 616 1135 in
631 1088 752 1153 magno
777 1069 851 1154 via,
867 1071 924 1138 ubi
937 1070 1087 1156 peruenit
1101 1069 1145 1138 ad
1161 1091 1243 1138 me·-

94 1185 149 1247 tas
163 1177 414 1262 engolimensis
430 1176 548 1262 quibus
564 1177 661 1246 uertit
675 1197 712 1244 se
742 1177 979 1266 adorientem,
1004 1184 1037 1246 et
1052 1177 1152 1244 eurrit
1168 1197 1244 1264 per·

93 1285 244 1370 virgulto
266 1283 302 1350 in
317 1303 437 1370 magno
454 1285 583 1371 spuoi03
601 1284 719 1352 deinde
743 1285 842 1372 subyt
861 1292 983 1352 terram
997 1284 1159 1353 arabilem
1174 1303 1224 1352 ns·

95 1413 160 1477 qne
175 1393 281 1458 riuum
297 1390 421 1475 Oniuog
435 1398 666 1479 uunoupetnm,
683 1390 739 1460 nbi
755 1399 833 1460 sunt
848 1391 912 1462 due
927 1401 1014 1461 mete
1031 1401 1133 1460 terreo
1145 1413 1154 1475 ;
1165 1381 1243 1477 qoe-

95 1498 246 1569 saliendo
261 1499 362 1567 intrat
377 1499 492 1566 iterum
518 1506 636 1566 terram
653 1499 831 1587 arabilem,
859 1508 891 1568 et
907 1504 1010 1568 intrat
1025 1501 1146 1568 siluam
1162 1520 1227 1566 ma·

95 1626 207 1692 gnam,
222 1613 254 1673 et
276 1607 325 1674 sio
341 1624 414 1674 oum
429 1605 601 1674 latitudine
620 1605 736 1690 viginti
752 1607 897 1690 quinque
912 1609 1062 1692 iugerum
1078 1609 1167 1677 uenit
1183 1606 1237 1674 ad·

96 1715 183 1784 olias
199 1721 302 1782 metas
318 1714 509 1799 angularem
526 1713 567 1781 de
588 1713 706 1798 quibus
732 1714 890 1782 ourrendo
906 1735 965 1802 per
981 1722 1107 1783 ueteres
1124 1721 1228 1782 metas

95 1825 190 1890 iuxta
205 1820 369 1907 quondam
385 1820 471 1887 uiam
496 1819 618 1887 directe
642 1821 686 1887 ud
711 1819 878 1890 meridiem
894 1822 1042 1908 peruenit
1058 1821 1102 1888 ad
1121 1826 1227 1888 metus

98 1930 235 1998 Comitis
251 1927 380 1994 Nicolol
396 1925 565 2010 untedioti,
580 1925 689 2012 ibique
699 1929 899 1996 terminatur.
910 1929 979 1995 Hoo
989 1929 1130 2009 udieoto,
1141 1928 1228 2010 quod

98 2037 267 2106 lohannes
284 2042 316 2102 et
330 2033 389 2120 filij
417 2034 469 2101 sui
486 2054 525 2101 oe
550 2035 695 2120 ipsorum
720 2032 855 2102 heredes
882 2035 1040 2102 Comitem
1057 2035 1228 2103 Nicolaum

99 2151 133 2212 et
147 2143 252 2230 ipsius
266 2141 404 2210 heredes
420 2163 440 2208 a
455 2142 707 2210 molestantibus
725 2141 876 2209 omnibus
900 2145 1032 2210 raeione
1048 2149 1134 2210 terre
1150 2162 1226 2222 uen-

97 2252 166 2318 dite
183 2256 333 2317 tenentur
363 2247 517 2335 expedire
550 2250 690 2336 proprijs
719 2249 885 2316 laboribus
912 2257 944 2316 et
974 2249 1143 2335 expensis3
1171 2249 1227 2331 qui

96 2361 127 2428 si
168 2357 321 2444 expedire
350 2358 543 2441 nequirent,
575 2365 694 2446 estune
724 2364 843 2426 terrem
883 2377 964 2442 eque
995 2357 1160 2424 nolentem
1192 2355 1227 2420 in

96 2467 174 2552 alijs
190 2465 283 2533 terris
299 2467 441 2551 ipsorum
459 2464 667 2550 hereditarijs
684 2472 834 2534 tenentur
859 2473 1002 2533 statuere
1027 2463 1143 2532 Comiti
1172 2461 1228 2528 Ni

96 2573 189 2641 eolao
205 2570 400 2658 supradieto.
417 2571 511 2650 Quod
525 2581 561 2640 ut
576 2581 678 2640 ratum
703 2573 755 2656 sit,
787 2592 922 2658 presens
947 2573 1100 2656 seriptum
1116 2575 1224 2636 eontu-

95 2679 194 2746 limus
208 2684 320 2746 nostro
335 2680 442 2763 sigillo
459 2681 697 2747 communitum.
713 2681 869 2764 Magistro
880 2681 1039 2746 Michaele
1054 2676 1225 2764 Proposito

95 2787 245 2854 Ecclesie
274 2793 393 2873 nostre,
408 2790 530 2855 Jacobo
546 2785 695 2874 Custode,
714 2787 832 2854 Gozmo
847 2788 981 2853 Deoano
999 2785 1226 2853 existentibus.

95 2895 194 2961 Auno
226 2897 268 2960 ab
298 2893 528 2964 Inoarnooione
558 2895 689 2962 Domini
714 2894 829 2961 M⁰CC⁰
861 2895 1080 2978 octuagesimo
1098 2899 1224 2961 octauo.

94 3089 238 3160 (Eredetie
260 3087 445 3158 bdrhdstsn,
470 3091 842 3160 nsdrgu·vtlrbs·violusninti
867 3092 1094 3158 selyemnsindron
1119 3093 1229 3156 ltlggbtt

271 3181 361 3248 peesdt
374 3183 522 3247 elveszett3
536 3199 552 3235 o
570 3185 654 3238 budei
676 3186 727 3239 kin.
741 3187 863 3236 kemnrui
876 3179 1065 3249 levdltdrban.)

556 3504 770 3516 ——oe—
