3138 5164
816 327 975 434 geo

328 529 444 599 iratres
461 527 691 598 Predicatores
707 526 749 596 de
767 526 1081 615 Quinqueecclesijs,
1107 546 1282 595 mansurus
1298 526 1333 593 in
1349 525 1470 593 eadem
1556 587 1557 596 ,

331 639 422 706 solua
438 637 649 723 septuaginta
666 634 902 719 tribusdiebns‚
920 635 955 703 in
967 635 1207 721 septuagesimo
1217 641 1327 701 autem
1352 641 1471 717 quarto
1556 695 1557 740 ἦ

330 745 383 814 die
399 745 545 814 manebit
561 765 633 811 curn
650 751 777 810 centum
793 743 978 810 bominibus
993 741 1165 826 nobilibus,
1175 741 1216 808 de
1232 760 1298 824 quo
1314 739 1469 808 exeundo
1556 781 1557 828 3

330 874 403 920 cum
420 852 542 921 eisdem
557 850 740 919 bominibus
766 849 852 917 idem
869 851 984 918 Comes
1001 851 1126 918 Kemen
1152 848 1378 934 discalciatus,
1394 847 1470 916 seli·
1556 839 1557 846 ’

330 969 383 1028 etc
399 959 539 1045 cingulo,
556 959 748 1046 supplicans
771 957 881 1027 'eidem
897 957 1020 1025 Jacobo
1045 957 1265 1026 reuerenciam
1297 953 1466 1023 iaciendo.

332 1067 615 1156 supradictarum
640 1072 749 1134 autem
765 1064 979 1133 ducentarum
1010 1085 1191 1136 marcarum
1221 1073 1297 1133 tunc
1318 1085 1378 1151 per
1393 1084 1468 1132 eun·

332 1177 406 1246 dem
427 1176 586 1245 Comitem
612 1175 734 1244 Kemen
759 1175 1046 1260 persoluendarum
1077 1173 1223 1261 predicto
1247 1174 1378 1242 Jacobo
1405 1179 1466 1238 ter-

332 1285 413 1354 mini
428 1291 504 1352 sunt
519 1285 594 1352 isti:
612 1283 739 1352 scilicet
754 1283 788 1351 in
805 1283 932 1352 octenis
948 1281 1132 1369 Epiphanie
1156 1281 1285 1348 Domini
1316 1279 1467 1364 proxime

337 1392 480 1459 venturis
497 1391 612 1458 Comes
628 1391 752 1458 Kemen
782 1389 873 1456 dabit
904 1389 1141 1475 qninquaginta
1171 1408 1319 1472 marces3
1338 1389 1466 1456 iteruin

335 1499 460 1569 octauis
477 1499 570 1566 Beati
588 1498 737 1583 Gregorij
765 1495 857 1565 dabit
888 1497 1152 1582 vigintiquinque
1167 1515 1315 1582 marcas,
1332 1503 1366 1562 et
1381 1495 1464 1561 duos

334 1627 435 1690 equos
452 1607 597 1674 valentes
614 1623 672 1674 sex
688 1623 816 1672 marcas
841 1604 983 1689 insimul,
1000 1605 1061 1671 hoo
1077 1610 1126 1673 est
1141 1603 1277 1689 quilibet
1292 1623 1394 1688 equus
1410 1623 1464 1670 sa·

335 1716 404 1782 leat
420 1721 486 1783 tres
518 1733 646 1780 marcas
677 1717 709 1780 et
724 1734 789 1780 non
805 1713 910 1796 ultra;
941 1713 1020 1778 item
1034 1713 1069 1779 in
1099 1711 1221 1780 oomnis
1237 1713 1465 1800 Apostolorum

335 1821 487 1910 Phylippi
504 1829 536 1889 et
552 1821 669 1888 Jacobi
684 1819 776 1889 dabit
786 1819 1049 1905 vigintiquinque
1059 1839 1197 1907 marcas,
1214 1829 1246 1888 et
1263 1821 1367 1888 eciam
1385 1819 1465 1885 duos

336 1951 438 2014 equos
454 1929 606 1998 similiter
637 1930 784 1998 ualentes
800 1948 858 1996 sex
874 1947 1022 2013 marcas;
1049 1927 1124 1994 item
1148 1931 1182 1995 in
1207 1928 1335 1997 octauis
1350 1927 1463 1994 Sancti

335 2039 433 2124 Regis
443 2039 536 2105 dabit
545 2037 782 2122 quinquaginta
793 2036 1018 2122 mercas3item
1030 2036 1063 2101 in
1074 2033 1197 2104 ootauis
1207 2035 1392 2122 Epipbauie
1402 2036 1465 2100 Do-

336 2145 414 2213 mini
425 2145 517 2214 dabit
527 2144 763 2231 quinquaginta
779 2165 916 2212 marcas.
935 2145 1061 2210 Tamen
1086 2141 1301 2227 quorumlibet
1312 2141 1463 2209 termino·

335 2275 404 2320 rum
420 2252 603 2322 soluciones
619 2249 751 2336 (partim
777 2252 811 2318 in
827 2251 937 2338 pensis
953 2249 1144 2338 b)aualibus
1168 2271 1226 2318 seu
1243 2247 1395 2335 pen(sas)
1409 2271 1463 2335 pro

337 2355 1464 2447 mareacomputsndqpartiminextimacionacondignatiautsemper.

259 2473 263 2486 '
335 2469 407 2536 Hoc
422 2489 487 2536 non
502 2467 721 2554 pretermisso,
738 2466 825 2552 quod
841 2464 977 2551 quilibet
1001 2465 1104 2533 eciam
1123 2464 1303 2532 seruientca
1319 2463 1462 2532 eiusdem

337 2577 470 2645 Comitis
486 2575 622 2663 Kemen,
640 2595 721 2661 quos
737 2575 808 2661 ipse
831 2593 942 2642 secum
969 2573 1085 2641 habuit
1110 2582 1205 2660 tunc,
1230 2571 1361 2655 quando
1389 2591 1461 2638 eun·
1556 2549 1557 2564 ¹

337 2686 411 2753 dem
427 2686 585 2754 Jacobum
602 2682 794 2770 captiuauit,
805 2683 960 2766 quamdiu
972 2680 1061 2767 apud
1077 2681 1213 2749 eundem
1224 2681 1350 2747 Kemen
1361 2687 1461 2764 erunt,

337 2813 435 2878 super
451 2792 679 2880 captinacione
695 2797 728 2858 et
744 2789 943 2877 spoliacione
969 2787 1114 2857 eiusdem
1129 2787 1245 2856 Jacobi
1260 2791 1354 2853 eruut
1371 2805 1464 2874 espe-

337 2901 404 2987 diti,
420 2902 449 2968 si
474 2921 550 2968 uero
582 2919 618 2968 se
644 2903 686 2968 ab
713 2899 858 2967 eiusdem
874 2898 1008 2966 Comitis
1041 2898 1163 2964 Kcmen
1179 2893 1327 2980 seruicijs
1354 2929 1398 2942 -
1421 2930 1461 2941 -

337 3028 422 3076 noue
437 3029 473 3077 se
488 3007 574 3078 alias
589 3006 796 3090 remouerint‚
814 3004 900 3073 idem
917 3005 1060 3073 lacobus
1087 3009 1203 3070 extunc
1228 3008 1341 3069 contra
1357 3021 1462 3086 qnem-

335 3115 416 3184 libet
432 3136 472 3182 ex
490 3115 570 3200 ipsis
587 3116 724 3183 liberam
741 3114 863 3201 agendi
880 3121 912 3180 et
931 3111 1129 3200 procedendi
1142 3109 1382 3195 quomodolibet
1398 3111 1461 3194 ple·
1556 3097 1557 3112 ¹

337 3244 412 3290 nam
427 3222 561 3291 babebit
577 3222 775 3290 facultatem.
800 3223 826 3288 Ε
844 3227 957 3289 contra
972 3221 1115 3288 Jacobus
1139 3215 1345 3303 supradictus
1362 3238 1383 3283 a
1398 3217 1462 3300 qui·

338 3331 481 3399 buslibet
496 3331 711 3399 seruientibus
728 3330 804 3414 suis,
822 3329 892 3396 illis
923 3327 1067 3412 scilicet,
1100 3343 1309 3410 quoscunque
1323 3333 1401 3390 tuno
1416 3344 1459 3389 se

338 3459 410 3506 cum
426 3439 560 3524 habuit,
577 3439 707 3522 quando
729 3445 764 3504 et
781 3439 961 3505 seruientes
985 3455 1061 3502 auos
1077 3433 1162 3500 idem
1178 3434 1305 3500 Kemen
1321 3431 1462 3518 captiua·

337 3547 395 3633 uit,
412 3547 478 3614 iam
493 3567 580 3613 nunc
595 3548 666 3631 ipse
682 3547 825 3614 lacobus
842 3543 979 3614 eundem
992 3541 1149 3611 Comitem
1166 3542 1291 3609 Kemcu
1307 3539 1462 3606 tenebitur

339 3651 492 3740 expedire
508 3672 638 3740 semper
654 3690 693 3705 -
714 3691 754 3701 -
772 3671 856 3736 que;
889 3657 1023 3736 excepto
1046 3647 1202 3717 Corraldo
1218 3648 1286 3716 filio
1302 3648 1393 3730 June,
1409 3643 1462 3729 qni

339 3759 470 3843 quidem
486 3760 664 3829 Corraldus
680 3761 783 3828 donec
798 3759 886 3848 apud
902 3759 1040 3826 eundem
1052 3758 1209 3827 Jacobum
1227 3763 1370 3842 maneat,
1381 3754 1461 3821 idern

338 3867 480 3936 lacobus
496 3870 538 3936 ab
555 3867 668 3936 eodem
695 3868 853 3936 Oorraldo
884 3865 1035 3954 expediet
1051 3865 1210 3934 Comitem
1236 3865 1362 3932 Komen
1378 3867 1463 3928 ante·

339 3976 476 4061 dictum;
492 3975 610 4044 sineno
626 3976 669 4042 ab
686 3976 801 4044 eodem
820 3976 942 4042 Jacobo
968 3974 1053 4042 idem
1071 3973 1248 4040 Corraldus
1274 3993 1310 4040 se
1326 3989 1461 4038 remoue·

339 4085 390 4168 rit,
408 4083 475 4148 iam
492 4088 571 4148 tunc
585 4081 671 4148 idem
681 4081 821 4149 lacobus
833 4101 897 4148 non
909 4081 1070 4148 tenebitur
1086 4079 1252 4166 expedire.
1263 4079 1299 4144 Si
1311 4098 1375 4162 qua
1391 4095 1463 4143 uero

339 4188 481 4274 parcium
498 4187 539 4256 de
563 4189 747 4258 huiusmodi
772 4188 1010 4276 composicione
1036 4193 1093 4254 aut
1118 4188 1151 4253 in
1167 4193 1235 4254 toto
1252 4193 1309 4254 aut
1325 4187 1360 4251 in
1374 4189 1462 4270 parte

339 4297 492 4366 resilierit
509 4297 785 4386 quandocunque,
803 4304 860 4364 aut
875 4297 960 4366 forte
984 4297 1017 4362 in
1033 4295 1178 4362 futurum
1194 4293 1313 4361 motrix
1330 4293 1383 4360 uel
1399 4311 1463 4359 sus·

339 4409 469 4474 cicatrix
485 4407 723 4475 discordiarum
738 4407 974 4474 iniuriarumue
990 4404 1142 4490 extiterit,
1156 4411 1188 4472 et
1208 4401 1465 4489 quandocunque

340 4533 437 4599 super
451 4515 514 4600 bys
530 4515 679 4582 omnibus
697 4515 812 4584 Oomes
843 4513 980 4598 tigidius
998 4513 1085 4581 lilius
1100 4513 1200 4600 Petri,
1216 4509 1368 4579 Andreas
1385 4508 1466 4576 filius

340 4619 476 4686 alterius
492 4620 592 4710 Petri,
617 4621 794 4706 Gregorius
820 4623 929 4690 Banus
958 4621 1045 4690 tilius
1059 4619 1216 4708 Pbylpus,
1237 4624 1272 4685 et
1285 4615 1412 4687 Ornold
1428 4611 1467 4680 de
