3140 5150
805 341 962 448 „rse-

324 545 523 618 venerabilis
539 544 602 613 viri
617 541 766 628 Magistri
782 540 951 610 Benedicti
967 539 1089 606 Senete
1098 533 1335 620 strigoniensis
1346 536 1459 602 lleele·

324 656 372 723 sie
388 655 493 721 illecti
511 652 718 734 eiusdemque
731 649 795 718 looi
810 647 944 716 Comitis
960 645 1121 732 perpetui,
1146 643 1309 730 Prepesiti
1328 640 1458 709 Buden-

324 765 393 846 sis,
416 762 541 827 etauio
564 766 673 826 nostre
705 755 971 838 Vieeeaneellarij
999 749 1108 818 dilecti
1142 757 1174 817 et
1204 749 1312 816 fidelis
1343 751 1458 835 nostri,

325 891 412 936 enno
429 869 471 934 ab
482 867 715 936 Iuearuaeioue
725 864 854 932 Domini
871 861 1092 929 ΜὊΟοΙιΧΧο
1108 865 1213 944 sexto,
1232 858 1337 942 Regni
1347 865 1460 924 entem

326 979 429 1048 nostri
447 983 647 1044 unuosexto.

327 1157 463 1224 (Eredetie
477 1152 654 1221 bbrblrtyrlm
674 1169 691 1205 a
716 1154 806 1205 kettiio
825 1150 971 1220 poestmek
997 1148 1124 1202 tbredbke
1150 1145 1325 1214 strga-rbrbs
1339 1144 1457 1211 selyom-

505 1245 629 1298 nsinbrou
643 1241 720 1310 rttgg,
744 1259 760 1296 s
778 1243 863 1294 budei
878 1243 929 1293 bir.
944 1243 1069 1294 kamarai
1082 1235 1275 1304 levtltrirbsn.)

865 2049 919 2120 98.

330 2252 355 2320 Ι
357 2255 391 2322 V.
417 2253 531 2319 Lassus
555 2251 732 2337 birdlyoak
747 2249 906 2338 bizoeyoa,
928 2249 1200 2317 lbenmumdlba'n
1223 2249 1325 2336 febab'
1349 2249 1464 2316 azbllb't

331 2363 489 2449 tdrqpaao
528 2358 720 2428 intestatione
751 2383 772 2424 o
801 2359 991 2445 apriles-ipsit
1031 2357 1260 2446 apdozazdrdu
1299 2361 1463 2424 azdotdro.

848 2469 944 2535 1276.

440 2663 509 2732 Nos
528 2661 704 2730 Ladinlaus
730 2661 792 2729 Dei
817 2661 930 2747 gracia
954 2663 1024 2730 Rex
1049 2661 1216 2746 Hungarie
1241 2661 1467 2746 signifieamns

333 2782 444 2843 tenore
469 2771 675 2860 presencium
701 2771 879 2856 uniuersis3
903 2771 991 2856 quod
1018 2791 1089 2838 eum
1116 2771 1248 2858 domos,
1270 2771 1386 2837 uineas
1399 2823 1409 2858 ,
1435 2780 1471 2839 et

335 2901 446 2951 omnes
462 2879 703 2966 possessiones,
726 2898 833 2946 aeres
850 2877 985 2947 mobiles
1004 2885 1037 2944 et
1053 2877 1233 2946 immobiles
1252 2877 1346 2946 Teku
1363 2899 1470 2964 quen·

334 2987 409 3054 dam
425 2984 467 3053 de
482 2986 586 3070 Aquis
613 2985 736 3054 Calidis
762 2984 834 3052 sine
858 2985 979 3053 herede
1005 2981 1191 3054 decedentis
1220 2981 1371 3053 dominus
1397 2987 1474 3052 Rex

297 3073 303 3090 ⁸
334 3095 380 3163 St
397 3093 526 3179 genitor·
557 3099 668 3162 noster·
699 3091 913 3180 karissimus,
935 3114 974 3160 ae
992 3113 1052 3161 nos
1071 3089 1199 3159 demum
1226 3093 1320 3158 iustis
1346 3092 1473 3160 litteris

335 3211 367 3268 et
383 3200 608 3271 instrumentis
623 3201 884 3288 aceeptebilibus
909 3201 1011 3288 ipsius
1037 3199 1158 3267 domini
1175 3198 1274 3283 Regis
1290 3199 1394 3284 patris
1412 3221 1475 3266 no-

335 3309 394 3376 stri
411 3307 619 3396 superbietis
646 3308 930 3396 possessionibus,
954 3307 1081 3394 uineis,
1104 3307 1201 3374 rebus
1232 3306 1410 3376 mobilibus
1437 3317 1479 3376 et

336 3414 555 3483 immobilibus
582 3415 736 3483 contentis
753 3421 785 3482 et
800 3414 946 3500 legitime
970 3414 1137 3482 ooneessis
1163 3413 1396 3481 contulerimus
1413 3416 1480 3482 do·

335 3523 423 3587 mine
438 3521 596 3609 Elysabet
612 3522 715 3591 sorori
731 3529 839 3590 nostre
865 3519 1043 3608 predileete
1053 3573 1062 3608 ,
1087 3540 1127 3587 eo
1148 3521 1347 3588 Monasterio
1366 3521 1483 3590 Beate

338 3629 487 3713 Uirginis
503 3627 544 3695 de
561 3631 683 3718 Insula,
713 3630 927 3716 possidendas
955 3635 1110 3716 perpetuo
1142 3635 1175 3697 et
1205 3628 1398 3714 habendas;
1444 3641 1485 3698 et

336 3757 422 3804 nune
447 3757 544 3824 super
573 3738 714 3822 quadam
755 3740 853 3808 niuea
878 3738 956 3804 dieti
981 3739 1075 3804 Teku
1101 3737 1136 3804 iu
1161 3737 1376 3804 Tusmenmsl
1405 3743 1486 3807 exi-

335 3844 457 3932 stenti,
497 3865 555 3931 per
595 3845 750 3914 Petunem
792 3853 824 3914 et
857 3846 1057 3933 Stephanum
1097 3845 1182 3914 filios
1223 3847 1317 3912 Pauli
1358 3843 1488 3914 fratris

336 3951 414 4019 dieti
429 3950 522 4018 Teku
546 3952 579 4018 in
597 3955 766 4037 presentia
797 3954 930 4040 Matbey
962 3955 1020 4040 filij
1046 3953 1180 4038 Matbey
1211 3954 1339 4022 dicatur
1365 3953 1488 4022 fuisse

339 4059 468 4141 questio
502 4065 617 4126 eontra
648 4057 811 4127 iusticiam
843 4061 1022 4128 suscitata:
1046 4061 1216 4145 velumus,
1240 4060 1328 4144 quod
1352 4061 1489 4132 eadem

337 4165 471 4232 domina
488 4187 580 4235 soror
596 4173 707 4236 nostra
717 4219 727 4254 ,
752 4175 784 4234 et
810 4167 916 4254 ipsum
935 4167 1166 4236 Monesterium
1177 4217 1186 4251 ‚
1211 4166 1318 4253 ipsam
1338 4167 1494 4239 niueam

335 4273 369 4339 in
387 4273 602 4342 Tasmenmal
619 4274 832 4360 existentem,
857 4275 954 4342 simul
982 4296 1054 4343 eum
1080 4275 1228 4342 domibus
1248 4281 1281 4340 et
1297 4273 1375 4360 alijs
1393 4297 1492 4362 pos·
1551 4336 1554 4340 .

336 4381 535 4450 sessionibus
567 4381 645 4448 dieti
666 4381 759 4448 Teku
776 4389 933 4468 perpetue
959 4389 992 4450 et
1021 4381 1278 4451 irreuoeebiliter
1294 4382 1495 4467 possidere

336 4487 489 4574 valeant;
516 4497 548 4554 et
572 4485 771 4556 collationes
803 4489 942 4574 predicti
974 4488 1095 4558 demini
1111 4490 1219 4578 ‚Regis
1232 4541 1241 4574 ,
1276 4498 1309 4557 et
1331 4499 1499 4586 nostras,

336 4594 417 4682 ipsis
444 4595 637 4662 dominabus
664 4595 868 4682 presentibus
896 4597 1087 4666 roboramus
1105 4605 1137 4666 et
1151 4599 1336 4684 firmamus;
1361 4617 1504 4674 omnes
