3146 5166
841 878 917 948 436.
987 931 999 948 .

328 1077 544 1163 Zamarfaluo
558 1077 708 1162 helyeeyet
723 1079 878 1161 ttiuyyazo
893 1077 1128 1162 tiroenyioezeei
1145 1077 1318 1142 tator-ozae
1337 1076 1445 1161 Oghua

345 1206 454 1264 come,
471 1183 587 1246 Romo
597 1183 657 1267 fia,
673 1185 704 1246 o
721 1183 853 1265 Mutato
867 1183 1063 1268 Memnonen
1071 1184 1124 1266 fla
1142 1183 1220 1247 eea.
1233 1161 1289 1262 niv
1306 1183 1421 1247 noant.

427 1397 547 1461 Datum
564 1415 623 1479 pro
641 1395 807 1480 memoria,
825 1395 910 1480 quod
926 1415 995 1462 oum
1012 1394 1190 1462 seeundum
1206 1394 1443 1461 continenciam

321 1503 500 1568 litterarum
516 1510 697 1568 nostrerum
723 1501 969 1588 memorialium,
996 1503 1082 1570 inter
1105 1503 1252 1568 comitem
1279 1503 1392 1585 Oghuz
1410 1504 1444 1568 fi-

321 1610 400 1675 lium
418 1607 530 1674 Buzed
544 1629 585 1676 ex
601 1629 665 1674 una
680 1615 783 1694 parte,
799 1615 832 1676 et
858 1609 1049 1676 Miohaelem
1074 1609 1174 1675 filium
1199 1609 1378 1695 Myohaelie
1403 1631 1445 1678 ex

321 1719 424 1784 altere
441 1714 674 1798 coniectorum,
691 1735 789 1801 super
805 1716 890 1784 iaoto
916 1723 999 1783 terre
1026 1717 1236 1785 Zamarfotua
1261 1723 1375 1781 noeate
1400 1719 1446 1781 ei·

318 1825 391 1889 dem
409 1823 525 1890 Comiti
541 1823 652 1906 Oghuz
668 1823 881 1890 iuramentum
908 1823 1023 1892 fnisset
1048 1823 1282 1906 adiudicatum
1300 1829 1332 1888 et
1355 1823 1445 1889 idem

318 1933 431 1998 Comes
449 1929 559 2013 Oghnz
574 1929 739 1997 dominum
755 1933 876 2014 Regem
893 1939 925 1997 et
942 1949 1019 1998 suos
1034 1931 1197 1998 Barrones
1214 1929 1391 2014 requisinit,
1409 1940 1448 1997 nt

318 2040 423 2122 ipsum
438 2037 652 2104 iuramentum
669 2039 859 2106 deberemus
883 2059 1045 2124 reuocare,
1077 2059 1136 2123 pro
1162 2059 1200 2104 eo
1225 2037 1311 2120 quod
1335 2036 1445 2122 ipsam

317 2154 436 2213 terrem
453 2145 663 2212 Zamariolua
678 2145 897 2214 mediantibus
919 2147 1038 2213 litteris
1053 2147 1194 2234 Capituli
1211 2143 1446 2230 wesprimien-

318 2257 364 2320 sie
380 2257 422 2322 ab
439 2254 550 2320 eodem
567 2255 737 2340 Myehaele
753 2256 962 2340 comparauit.
979 2254 1072 2320 Vnde
1090 2272 1129 2319 ex
1143 2261 1291 2339 precepto
1318 2251 1448 2318 domini

317 2361 415 2443 Regin
433 2367 466 2426 et
492 2381 622 2429 suorum
647 2363 819 2446 Beronum,
846 2361 957 2428 hahita
983 2381 1079 2445 super
1104 2362 1166 2428 hoe
1190 2361 1449 2448 deliberaeione,

317 2468 422 2552 ipsum
439 2469 655 2536 iuramentum
673 2468 786 2552 Oghuz
797 2468 946 2533 duximus
955 2466 1170 2536 reuocandum
1182 2490 1189 2550 ;
1201 2467 1449 2534 eontineneiam

317 2573 496 2640 litterarum
527 2581 710 2642 nostrarum
729 2575 948 2660 predictarum
964 2575 1199 2641 memorialinm
1215 2573 1249 2638 in
1275 2573 1354 2658 alije
1380 2594 1454 2639 om-

316 2682 411 2746 nibus
428 2681 640 2750 obseruando.
656 2685 777 2748 Datum
793 2682 876 2749 Albe
893 2685 927 2748 in
952 2682 1075 2750 ootauis
1100 2678 1194 2748 Beati
1220 2681 1334 2747 Jeoobi
1361 2682 1453 2766 Apo-

317 2789 402 2855 stoli.
1311 2783 1313 2786 ’

427 2897 561 2963 Kivul
576 2923 592 2962 :i
609 2898 815 2966 Memoriales
832 2917 889 2984 pro
908 2898 1036 2965 Gemite
1053 2897 1165 2981 Oghuz
1189 2915 1285 2984 super
1312 2915 1457 2962 reuoca-

316 3003 409 3071 oione
424 3005 605 3071 iuramenti.

245 3239 248 3245 ·
316 3219 451 3282 (Eredetie
464 3217 638 3285 bttrhtutyin,
652 3237 668 3272 a
681 3217 821 3288 ztrpeeset
835 3222 966 3274 elvennett
977 3242 984 3285 ;
997 3237 1013 3273 a
1027 3221 1109 3273 budai
1132 3222 1182 3272 kir.
1207 3221 1331 3272 kamnrni
1357 3218 1456 3274 level-

822 3307 939 3377 ttrban.)

768 3579 985 3592 -n—nn—-a-
