3138 5164
800 331 977 428 *en-

331 522 457 592 delibus
474 525 592 591 nostris
618 523 769 608 capitulo
795 523 947 607 Agriensi
973 523 1093 589 nostris
1117 520 1237 588 litteris
1264 520 1452 590 dedimusln

329 627 501 714 mandatis,
519 637 555 697 ut
569 631 711 716 ipsorum
743 629 909 697 mitterent
923 628 1088 696 hominem
1102 627 1303 713 fidedignum
1331 648 1393 713 pro
1416 638 1452 697 te·

330 737 494 824 stimonio,
513 757 620 804 eoram
637 758 701 821 quo
718 737 885 803 iohannes
903 739 1010 822 llynta
1025 736 1130 802 dictus
1154 736 1251 801 homo
1275 741 1387 802 noster
1411 755 1453 802 ac·
1540 723 1541 788 Ὗ

299 879 308 888 ·
329 843 459 912 cederet
474 863 571 929 super
587 844 705 912 laclern
722 844 866 911 eiusdem
884 851 977 928 terre,
993 851 1025 910 et
1042 843 1147 928 ipsam
1176 848 1335 908 statueret
1358 842 1454 907 eidem
1540 879 1541 922 3

332 949 449 1016 comiti
477 949 580 1032 Petro,
607 951 637 1016 si
662 971 726 1016 uon
750 951 840 1018 fieret
865 949 1112 1034 contradictum,
1139 947 1398 1015 contradictores
1421 948 1456 1015 ud

333 1063 478 1123 nostram
508 1058 710 1141 presenciam
741 1057 784 1124 ad
815 1057 990 1123 terminum
1023 1063 1257 1141 competentem
1288 1055 1455 1122 odorando.

334 1160 428 1238 Quod
444 1163 575 1245 quidem
602 1163 788 1250 Capitulum
815 1163 974 1246 Agriense
1001 1163 1094 1228 nobis
1120 1163 1360 1245 rescripserunt
1384 1161 1457 1227 huuc

334 1275 477 1335 tenorem
494 1270 707 1354 continentes,
726 1269 812 1352 quod
827 1268 913 1333 idem
929 1265 1044 1334 Comes
1059 1266 1225 1334 Johaunes
1241 1267 1339 1333 homo
1355 1277 1456 1334 noster

335 1375 528 1441 accessisset
543 1395 643 1459 super
659 1373 775 1440 lueiem
792 1373 877 1440 dicte
894 1381 990 1460 terre,
1008 1381 1041 1440 et
1055 1373 1160 1457 ipsam
1171 1375 1204 1438 in
1224 1375 1399 1458 presencia
1412 1373 1458 1440 ho·

227 1535 231 1542 .
336 1481 431 1546 minis
467 1480 651 1548 eorumdem
693 1481 758 1566 ipsi
789 1477 906 1560 Oomiti
938 1479 1032 1546 Petro
1063 1480 1193 1546 nemine
1225 1481 1457 1547 contradicente
1540 1563 1541 1566 Ἴ

336 1587 513 1654 statuisset.
530 1586 598 1653 Nos
613 1589 732 1672 itaque,
749 1587 805 1670 pui
821 1605 862 1650 ex
878 1585 984 1651 officio
998 1585 1141 1670 suseepti
1169 1585 1336 1668 regiminis
1362 1589 1456 1654 nostri

335 1694 489 1761 dehemus
505 1711 646 1778 pensare
661 1693 775 1760 merita
791 1693 1002 1778 singulorum,
1020 1701 1053 1759 et
1068 1693 1243 1776 unicuique
1265 1693 1455 1778 respondere
1540 1733 1541 1742 κ

339 1801 429 1866 iuxta
444 1800 655 1884 exigentiam
682 1820 812 1867 suorum
838 1799 1029 1884 meritorum,
1046 1798 1290 1866 considerantes
1315 1801 1458 1886 multipli·
1540 1839 1541 1852 κ

340 1927 394 1972 ces
404 1913 436 1974 et
447 1906 631 1973 laudabiles
642 1907 821 1972 famulatus
830 1905 932 1990 ipsius
943 1906 1031 1971 Petri
1042 1905 1222 1987 Comitis,et
1231 1907 1458 1972 Jowankaf-
1540 1973 1541 1980 χ

231 2043 233 2048 ’
337 2013 396 2078 tris
413 2012 474 2099 sui,
491 2032 571 2096 quos
587 2012 686 2096 ijdem
702 2011 916 2078 exhibuerunt
932 2011 1028 2076 nohis
1045 2031 1117 2076 cum
1140 2031 1287 2096 sumpmo
1304 2013 1418 2080 ardore
1430 2015 1457 2078 li-
1540 2075 1541 2082 ,

340 2117 491 2185 delitatis
506 2121 538 2184 in
556 2119 698 2184 diuersis
713 2117 979 2202 expedicionibus
988 2117 1094 2200 Regni
1105 2120 1205 2183 nostri
1218 2141 1225 2200 ;
1242 2125 1275 2183 et
1284 2121 1459 2203 specialiter
1540 2171 1541 2188 2

338 2232 425 2311 tuno,
443 2245 518 2293 oum
546 2225 671 2310 perfida
699 2245 781 2308 gens
793 2225 966 2290 Tantorum
991 2223 1062 2308 (igy
1087 2223 1297 2290 Tartarorum
1325 2224 1459 2311 helyett)

337 2333 485 2415 Regnum
502 2339 643 2398 nostrum
663 2330 824 2397 hostiliter
840 2331 999 2414 adhierat,
1015 2340 1046 2395 et
1072 2339 1199 2417 uastos,
1218 2331 1457 2414 destrucciones,
1540 2319 1541 2400 l

339 2435 489 2502 incendia
504 2445 535 2504 et
551 2445 744 2504 nocumenta
760 2457 856 2520 quam
883 2433 1025 2523 plurima¹
1053 2439 1273 2504 committebat
1297 2439 1330 2503 in
1357 2441 1458 2521 Regno

339 2548 447 2608 nostro
463 2545 662 2628 peragendo,
679 2543 777 2626 ijdem
795 2541 911 2610 (lomes
930 2545 1043 2610 Petrus
1059 2552 1092 2608 et
1108 2543 1270 2612 Jowanka
1296 2545 1336 2610 oh
1363 2545 1454 2610 tideli-
1540 2573 1541 2582 ¹

340 2651 440 2714 tatem
466 2649 589 2716 Corone
613 2649 716 2733 Regio
742 2649 895 2732 debitam,
922 2655 953 2712 et
977 2669 1036 2732 pro
1063 2647 1255 2715 defensione
1279 2649 1450 2716 incolarum
1540 2721 1541 2724 Ἴ

342 2753 445 2837 Regni
461 2756 563 2821 nostri
579 2763 690 2822 eontra
700 2755 829 2822 eosdem
840 2755 996 2822 Tartaros
1006 2775 1040 2821 se
1053 2761 1271 2839 opposuerunt
1280 2755 1454 2840 preliuudo,
1540 2739 1541 2744 ἵ

340 2859 394 2926 uhi
405 2859 497 2926 idem
513 2859 676 2926 Jowenka
690 2881 747 2944 per
763 2861 866 2926 dictos
883 2861 1039 2926 Turtaros
1049 2861 1165 2926 letalia
1180 2860 1346 2944 excipiens
1356 2861 1459 2928 uulne-
1540 2871 1541 2940 g

343 2985 381 3031 ra
395 2963 480 3031 diem
497 2966 615 3032 elausit
631 2973 819 3032 extremum.
837 2967 905 3032 Nos
922 2965 1023 3049 igitur
1038 2965 1071 3030 in
1084 2964 1261 3048 aliqualem
1288 2986 1460 3053 recompen-
1540 3017 1541 3044 ,

343 3069 507 3138 sationem
523 3071 735 3138 seruitiorum
752 3072 897 3140 eiusdem
917 3069 1051 3136 Comitis
1068 3071 1167 3157 Petri,
1184 3078 1316 3157 propter
1332 3085 1456 3141 mortem

340 3178 422 3244 dicti
447 3178 619 3262 lovennis,
637 3185 669 3244 et
684 3185 816 3263 propter
831 3177 970 3243 seruicia
986 3177 1089 3260 ipsius
1105 3176 1239 3242 Comitis
1266 3179 1366 3261 Petri,
1393 3183 1462 3246 licet

344 3284 507 3352 modicum
525 3286 576 3370 sit,
592 3283 678 3369 quod
695 3284 739 3350 ad
754 3303 890 3370 presens
906 3285 1047 3367 agimus,
1064 3291 1095 3349 et
1112 3283 1197 3348 idem
1214 3282 1330 3351 Comes
1355 3287 1461 3354 Petrus
1540 3271 1541 3284 ¹

346 3393 461 3458 maiori
478 3391 741 3460 remuneracione
757 3389 875 3473 diguus
893 3397 925 3455 st
941 3387 1139 3454 attollendus
1156 3389 1337 3472 haberetur,
1365 3393 1462 3476 ipsam

346 3507 465 3564 terrem
500 3498 703 3564 Weresalme
727 3505 877 3564 uocatam
913 3516 985 3564 oum
1011 3497 1161 3562 omnibus
1185 3495 1381 3563 utilitatibus
1405 3499 1466 3564 suis

347 3603 453 3672 eidem
481 3605 598 3671 comiti
625 3607 720 3672 Petro
747 3612 781 3670 et
803 3604 872 3672 suis
898 3603 1072 3670 heredibus
1097 3603 1318 3687 heredumque
1344 3625 1466 3672 suorum
1540 3603 1541 3614 *

345 3711 590 3779 successoribus
606 3709 763 3797 dedimus,
781 3711 977 3778 donauimus
993 3719 1026 3777 et
1042 3711 1239 3777 contulimus
1265 3713 1337 3778 iure
1362 3731 1467 3796 perpe·
1540 3697 1541 3782 J

345 3826 400 3884 tuo
417 3823 449 3884 et
463 3817 720 3896 irreuocabiliter
735 3817 978 3902 possidendam.
996 3819 1094 3884 Ocius
1111 3824 1198 3881 terre
1213 3821 1311 3902 mete,
1327 3827 1422 3902 prout
1437 3818 1468 3881 iu
1540 3889 1541 3900 ἶ

346 3923 466 3990 litteris
483 3925 628 3991 eiusdem
646 3923 789 4010 Capitoli
805 3925 947 3992 uidimus
965 3923 1135 4005 contineri,
1145 3924 1208 3989 hoe
1224 3923 1337 3988 ordine
1363 3921 1472 3989 distin·
1540 3923 1541 3996 Ξ

346 4037 485 4113 guntur:
504 4031 614 4096 Prima
629 4033 792 4098 transiens
808 4038 898 4098 meta
914 4031 954 4098 de
970 4023 1186 4115 ultre'Gopou
1202 4036 1233 4095 et
1249 4049 1349 4095 unam
1373 4036 1473 4095 trans·
1540 4033 1541 4120 j

348 4139 420 4203 iens
447 4155 567 4219 aquam
599 4137 730 4206 nomine
762 4138 913 4223 Lytighe,
945 4141 987 4202 ab
1019 4137 1078 4201 illa
1108 4142 1195 4203 meta
1226 4155 1329 4220 usque
1361 4143 1474 4202 terram
1540 4127 1541 4176 l

349 4245 566 4330 Weresalmu3
582 4244 699 4314 deinde
710 4250 830 4312 remote
843 4245 1036 4330 perueniens
1047 4243 1104 4310 illa
1119 4252 1206 4310 meta
1220 4245 1368 4326 usquein
1379 4261 1475 4326 quau·

350 4349 425 4414 dam
443 4369 562 4432 aquam
579 4353 709 4418 Tarcha
724 4359 895 4434 uocatam3
913 4349 1030 4418 deinde
1046 4347 1086 4414 de
1101 4347 1340 4415 Taronauadlt
1355 4349 1390 4414 in
1416 4366 1475 4413 me·
1540 4367 1541 4420 l

349 4455 404 4520 dio
420 4455 488 4542 Syn
511 4459 565 4524 vla
580 4478 702 4542 magne
718 4455 920 4543 procedendo
936 4457 979 4523 ad
989 4472 1125 4542 paruum
1143 4473 1271 4541 squam,
1289 4449 1364 4538 que
1378 4453 1474 4520 nomi·
1540 4465 1541 4552 ,

350 4566 447 4628 natur
471 4561 562 4646 Ozyu
594 4565 715 4648 potok,
748 4569 780 4630 et
795 4565 829 4630 in
860 4564 922 4630 illo
937 4562 1085 4648 procedit
1111 4563 1178 4628 alte
1194 4560 1355 4644 usquead
1381 4579 1475 4626 unum
