3140 5150
798 285 956 386 Q

312 493 374 554 tas.
399 489 586 571 Datnmper
602 503 718 551 manus
735 482 932 551 venerabilis
957 447 1019 550 viri
1044 480 1193 564 Magistri
1218 480 1348 548 NIcolai
1368 482 1445 551 Ele-

313 596 355 662 cti
372 594 519 661 Ecclesie
542 591 696 660 Albensis
724 593 799 658 aute
819 597 930 658 nostre
955 588 1246 676 Viae-Cancellarij
1273 587 1385 657 dilecti
1409 597 1443 658 et

313 700 420 769 fideIIs
435 701 549 788 nostri,
572 719 658 765 anno
676 699 807 768 Domini
826 697 1043 768 N⁰OO⁰LXX⁰
1059 703 1186 764 octaua.

314 878 458 948 (Lodomtr
483 883 643 946 ssatergami
668 879 801 934 erseknck
829 880 943 933 last-kt
968 877 1173 945 tumanykeztsi
1200 875 1441 946 inteakadbsbbiil.)

772 1147 985 1160 *u-

844 1485 921 1554 142.

315 1692 338 1756 I
339 1690 374 1758 V.
394 1669 510 1756 Larcio
524 1687 699 1772 tiratynat
714 1687 940 1773 vdawaabctlya
958 1711 979 1751 a
997 1687 1241 1773 pilaiezbdnyai
1257 1687 1442 1755 vacuatae

734 1801 893 1861 azdmdrc.
923 1795 1020 1862 1278.

422 1971 627 2064 (L)adialaus
653 1975 714 2041 Dei
741 1975 855 2058 gracia
879 1973 1057 2058 Iinngarie,
1087 1973 1265 2058 Dalmacie,
1302 1973 1443 2058 Croacie,

315 2087 427 2164 Reme,
452 2083 584 2170 Seruis,
609 2081 766 2166 GallicIe,
806 2082 1017 2169 Lodomerie,
1043 2081 1199 2149 CumanIe
1228 2081 1443 2166 Bulgarieqne

314 2195 383 2260 Rex
410 2192 557 2258 omnibus
581 2192 784 2277 presencium
803 2181 1042 2276 inspectoribus
1069 2191 1208 2258 salutem
1239 2191 1274 2255 in
1303 2192 1442 2258 omnium

316 2299 487 2366 saluatore.
510 2298 562 2364 Ad
578 2298 800 2366 uniuersorum
826 2298 980 2365 noticiam
1001 2305 1113 2365 tenore
1129 2299 1339 2386 presencium
1355 2299 1441 2365 uoln-
1506 2331 1509 2336 ·

317 2427 387 2473 mus
404 2405 591 2492 peruenire3
616 2407 701 2490 quod
727 2427 785 2473 nos
811 2407 965 2473 tributum
990 2405 1048 2472 fori
1074 2407 1146 2473 siue
1171 2405 1365 2491 sollempnis
1390 2427 1443 2474 sen

317 2513 490 2582 cottidiani
506 2515 540 2580 in
556 2512 671 2580 Gelnic
687 2499 862 2581 statuimus
878 2513 971 2581 nobis
996 2511 1203 2599 exigendum.
1228 2513 1443 2592 Quamobrem

316 2624 464 2689 uolentes
489 2627 659 2707 amputare
695 2642 820 2691 omnem
840 2623 1059 2709 calumpniam
1085 2628 1117 2688 ct
1141 2621 1249 2707 sopire
1273 2621 1442 2692 materiam

315 2728 490 2814 inrgiorum
505 2731 540 2796 in
554 2729 683 2796 tributis
700 2729 872 2813 exigendis
891 2728 962 2796 sine
977 2727 1211 2816 persoluendis,
1227 2729 1338 2796 taliter
1354 2731 1444 2798 duxi·

316 2858 386 2905 mus
402 2836 619 2904 ordinandum
646 2843 678 2903 ct
702 2833 900 2922 taxandum
934 2836 1021 2920 quod
1039 2835 1200 2923 tributarij
1219 2857 1278 2922 pro
1294 2845 1440 2923 tempore

315 2945 481 3014 constituti
497 2943 601 3011 modis
618 2951 651 3009 ct
665 2943 894 3012 taxacionibus
910 2943 996 3011 infra
1020 2946 1187 3012 annotatis
1212 2946 1286 3013 iura
1311 2947 1443 3015 tributo·

315 3074 384 3120 rum
402 3052 542 3118 debeant
558 3070 719 3117 exercere.
737 3050 891 3137 Inprimis
907 3051 1091 3136 statuimus,
1109 3053 1195 3136 quod
1206 3073 1321 3121 currus
1338 3075 1444 3140 panno

316 3161 491 3228 honeratns
522 3177 594 3224 cum
620 3159 789 3225 ciuitatem
805 3159 994 3243 intrauerit,
1027 3159 1190 3245 tributarij
1208 3160 1250 3226 ad
1265 3161 1444 3248 hospicium

188 3265 195 3277 '
316 3267 504 3335 mercatoris
520 3266 690 3354 accedant,
707 3271 740 3332 et
756 3266 906 3335 estiment
920 3287 1073 3356 pannum,
1090 3274 1121 3334 et
1138 3266 1178 3334 de
1193 3289 1303 3354 panno
1315 3271 1446 3337 uolente

316 3373 457 3457 quinque
472 3395 601 3442 marcas
617 3375 777 3460 recipiant
796 3393 896 3441 unum
922 3374 1059 3460 pondus.
1083 3376 1163 3442 Item
1181 3375 1220 3442 dc
1237 3396 1334 3443 curru
1352 3379 1445 3444 hone·

315 3485 386 3546 rato
417 3499 488 3545 cum
515 3481 662 3565 frugibus
688 3481 769 3548 duos
798 3479 961 3548 denarios.
1005 3483 1084 3550 Item
1111 3482 1153 3549 da
1179 3503 1263 3567 equo
1289 3483 1447 3552 honerate

316 3609 414 3657 unum
430 3587 608 3657 denarium.
642 3591 723 3659 Item
751 3589 790 3656 de
811 3596 941 3656 centum
958 3591 1085 3659 salibus
1101 3613 1199 3658 unum
1216 3591 1331 3659 salem.
1366 3593 1446 3656 Item

317 3696 357 3764 da
374 3696 609 3780 quinquaginta
625 3697 750 3764 salibus
767 3695 934 3763 dimidium
951 3697 1075 3782 salem;
1094 3707 1127 3764 ct
1142 3699 1183 3766 dc
1199 3697 1311 3764 decem
1321 3698 1446 3764 salibus

315 3825 411 3871 unum
438 3804 627 3888 denarium,
662 3811 693 3871 et
721 3803 768 3872 sic
795 3802 1001 3872 ascendendo
1026 3825 1129 3890 usque
1155 3805 1446 3892 adjquadragInta.

316 3913 399 3980 Item
421 3911 462 3978 de
478 3931 573 3977 curru
591 3911 768 3978 tumulnnis
786 3911 945 3995 reoIpiaut
954 3916 1019 3978 tres
1032 3911 1190 3979 denarios.
1208 3913 1289 3977 Item
1300 3909 1343 3976 de
1354 3929 1447 3976 cnrrn

314 4019 401 4086 Ierro
418 4019 574 4086 honerate
588 4017 749 4104 recipiant
774 4025 840 4086 tres
865 4018 1026 4086 denarios.
1051 4009 1132 4086 Item
1157 4019 1198 4085 de
1223 4017 1351 4085 tunella
1367 4017 1442 4101 vini,

316 4125 401 4210 quod
421 4126 573 4193 uenditor
596 4125 630 4190 in
657 4125 745 4210 foro,
782 4123 845 4192 duo
871 4127 1026 4212 pondera.
1051 4129 1134 4193 Item
1160 4127 1201 4192 dc
1225 4125 1355 4192 turnella
1371 4125 1444 4211 vini,

315 4231 403 4315 qnod
419 4233 548 4317 ponitur
565 4233 599 4297 in
615 4231 761 4319 cellario,
784 4231 848 4300 duo
865 4231 1021 4319 pondera.
1047 4235 1128 4299 Item
1145 4231 1185 4298 de
1203 4250 1308 4318 curru,
1331 4233 1365 4296 in
1385 4251 1444 4316 quo

319 4343 412 4406 extra
429 4338 596 4405 ciuitatem
624 4345 689 4407 tres
716 4339 837 4406 tunelle
863 4337 1070 4425 deseruntur,
1095 4337 1256 4424 tributarij
1283 4339 1444 4424 repriant

316 4443 486 4513 dimidium
501 4443 675 4532 fertonem
698 4445 920 4533 introeutem,
937 4445 1001 4512 tria
1016 4443 1169 4531 pondera
1192 4443 1275 4511 Item
1293 4444 1334 4511 dc
1351 4463 1442 4512 curru

318 4553 443 4638 plumbi
458 4555 523 4621 tria
537 4553 692 4640 pondera.
715 4555 798 4623 Item
815 4575 887 4624 cnm
903 4573 1026 4643 camus,
1050 4555 1105 4637 qui
1124 4558 1233 4641 portat
1250 4552 1355 4640 pelles
1371 4549 1440 4618 Ieri-
