3080 5160
567 271 724 404 ...ss

85 513 246 564 sessorum
264 503 447 566 nostrorum
462 499 636 566 illustrium
652 498 777 582 Regum
787 489 960 584 Hungurie,
971 517 1067 581 quarn
1083 497 1203 564 nostris

83 606 281 689 temporibus
299 607 539 691 quomodolibet
564 614 799 694 processerunt,
825 607 878 674 uel
893 608 927 674 in
942 614 1104 694 posterum
1120 626 1204 672 emu-

82 720 210 801 nsrent,
226 735 306 800 quos
323 721 354 783 et
369 737 432 802 que
447 717 640 784 auctoritate
656 715 868 802 presencium,
878 734 919 781 ne
934 712 1089 802 premisse
1105 714 1204 782 eolla·
1330 773 1333 778 r

79 820 166 887 oioni
193 830 301 891 nostre
327 824 539 911 preludioium
555 831 711 908 generent
726 823 779 891 uel
795 841 983 908 greusmeu,
1000 841 1201 906 resonemus,

79 947 260 1016 possamus,
288 938 320 999 et
342 931 466 1020 puriter
489 933 663 1000 irritamus.
680 934 718 1000 ln
735 933 826 998 euius
840 933 888 998 roi
904 931 1091 998 memoriam
1106 927 1201 996 firmi-

78 1043 249 1124 tatemque
265 1047 452 1127 perpetuum
478 1048 641 1126 presentes
667 1039 882 1108 ooneessimus
914 1039 1038 1106 litteras
1062 1036 1202 1124 dupliois

77 1145 183 1230 sigilli
197 1149 299 1214 nostri
314 1150 428 1216 robore
443 1151 667 1216 summonitus.
693 1149 813 1216 Datum
830 1167 888 1234 per
903 1165 1018 1212 manus
1036 1144 1203 1212 venerabi·

76 1254 119 1335 lis
144 1255 211 1322 uiri
240 1255 387 1340 Magistri
412 1255 633 1324 Bartholomei
659 1254 735 1322 aule
764 1261 875 1324 nostre
905 1252 1194 1338 Vise-Oanoellarlj

76 1361 194 1429 dileoti
218 1369 250 1431 et
273 1363 381 1430 fidelis
406 1365 520 1450 nostrl,
544 1386 631 1432 suno
648 1363 787 1432 Domini
817 1365 863 1432 Μο
888 1361 953 1431 00⁰
977 1361 1114 1428 LXXX⁰
1138 1359 1195 1428 11⁰.

76 1469 188 1557 Regni
202 1477 313 1538 autem
329 1471 430 1539 nostri
445 1491 531 1540 suno
547 1473 680 1540 deoimo.

75 1665 220 1733 (Erodetis
236 1666 411 1736 bdrhdrtydm
433 1667 546 1736 mslyrdl
569 1667 687 1736 skirdly
699 1670 787 1724 lrsttdu
800 1666 974 1736 peosdtjdnolr
986 1667 1116 1722 terensis
1128 1668 1202 1724 zolu-

179 1763 257 1810 voros
269 1759 496 1842 sslysmzsindron
508 1757 586 1827 sugg,
599 1773 617 1812 s
629 1761 710 1814 budui
723 1761 775 1813 kir.
786 1760 909 1812 lramsrsi
921 1755 1108 1827 lerdltdrbsn.)

534 2073 746 2097 *aas

607 2585 683 2657 237.

77 2789 96 2852 l
102 2785 139 2853 V.
168 2785 286 2854 Lento
309 2787 416 2874 kirdlp
440 2789 618 2874 moperteiri
642 2786 773 2874 Bopdui
788 2792 863 2892 Ille's
878 2791 1035 2856 comesset
1050 2791 1203 2876 Korkyolr

118 2905 203 2962 nevo
210 2895 318 2983 solidet
333 2897 485 2982 tdrqyuzo‘
509 2895 702 2980 admoepot
719 2897 831 2963 Simon
846 2903 876 2963 e's
891 2898 982 2962 Peter
996 2901 1158 2966 serviente·

505 3009 664 3071 szdmdra.
681 3007 779 3074 1282.

184 3218 363 3286 Ladinlaus
388 3219 451 3286 Dei
474 3217 587 3302 grauis
601 3221 671 3288 Rex
688 3220 857 3308 Hungarie
872 3219 1024 3288 memorie
1039 3239 1200 3286 oommen·
1295 3261 1299 3268 ·

73 3326 192 3394 dantes
218 3326 439 3412 significamus
465 3328 581 3412 quibus
601 3328 729 3414 expedit
745 3331 903 3398 uniuersis
920 3327 1122 3413 presencium
1140 3348 1197 3414 per

73 3441 237 3502 tenorem:
263 3435 349 3520 quod
374 3437 489 3504 (lomes
514 3435 616 3524 lllyas
636 3435 678 3503 de
692 3437 807 3521 Bogda
822 3436 866 3504 ud
880 3443 1024 3505 nostrum
1040 3435 1198 3505 aooedeus

73 3543 278 3629 presenciam
303 3541 393 3630 dixit,
419 3541 505 3628 quod
530 3543 693 3628 quandam
711 3551 832 3612 terram
849 3565 940 3614 suurn
955 3543 1129 3630 Kuslryreh
1145 3565 1198 3611 uo·

74 3659 192 3739 eatam,
209 3672 305 3736 quum
323 3672 364 3720 ex
380 3651 558 3725 eolluoione
582 3651 704 3718 domini
719 3653 819 3738 Regis
836 3653 992 3739 Stephani
1010 3653 1063 3739 pie
1079 3669 1198 3717 memo·

71 3761 117 3828 rie
133 3761 238 3847 patris
255 3762 357 3828 nostri
371 3759 538 3828 karissimi
554 3779 591 3827 se
606 3759 735 3828 dicebat
749 3760 927 3849 possidere,
944 3759 987 3826 sd
1004 3761 1068 3827 duo
1084 3763 1195 3826 aratro

72 3868 298 3953 sufficientem,
323 3869 357 3934 in
382 3866 546 3934 Comitetu
565 3866 607 3934 de
622 3867 748 3936 Borsua
764 3869 969 3950 existentem,
986 3874 1116 3955 propter
1131 3886 1195 3933 me·

73 3977 135 4044 ritu
161 3977 372 4045 seruitiorum
397 3975 549 4062 Symonis
575 3977 633 4063 filij
661 3978 766 4044 Ywan
783 3985 815 4046 et
833 3979 920 4044 Petri
935 3977 992 4063 filij
1011 3975 1196 4064 Prybyzloi,

73 4103 133 4167 que
149 4085 258 4152 eidem
274 4083 413 4152 fideliter
430 4083 666 4172 impenderunt,
678 4083 824 4152 dedisset
834 4091 864 4152 et
875 4084 1065 4152 contulisset
1074 4081 1195 4152 eisdem

71 4190 204 4276 Symoui
230 4199 262 4259 st
286 4189 382 4259 Petro
407 4193 624 4260 seruientibus
650 4193 728 4278 suis,
747 4199 779 4259 et
794 4211 852 4280 per
868 4207 939 4259 eum
956 4189 1043 4280 (lgy)
1060 4189 1127 4260 suis
1143 4187 1196 4255 lue·

72 4299 203 4367 nedibus
219 4298 442 4384 heredumque
457 4319 586 4369 suorum
611 4301 854 4368 successoribus
870 4300 1107 4386 inperpetuum
1124 4317 1193 4383 pos

71 4407 259 4493 sidendum3
276 4427 315 4477 eo
331 4407 436 4494 modo,
455 4427 559 4494 eaque
583 4405 793 4494 plenitudine,
809 4405 986 4476 seeundum
1002 4405 1087 4492 quod
1103 4405 1189 4472 idem

72 4515 181 4586 (lomes
206 4515 310 4604 Eluas
334 4537 376 4584 ex
400 4517 580 4584 collusione
606 4515 751 4585 eiusdem
776 4514 880 4603 putris
904 4515 1005 4583 nostri
1030 4514 1133 4582 tenuit
1157 4520 1189 4580 et

72 4623 232 4711 possedit:
256 4631 370 4712 petens
398 4645 471 4696 oum
494 4625 675 4710 instancia,
701 4632 737 4692 vt
761 4645 820 4694 nos
846 4623 953 4710 ipsam
978 4621 1190 4716 oollseiouem
