3138 5164
321 1126 380 1197 IV.
396 1131 512 1198 Lenze
527 1129 705 1215 kirdlyeuk
724 1129 836 1196 Wosde
853 1131 983 1220 Zeleeyq
1000 1133 1192 1220 idemque
1201 1136 1359 1220 tdrqyund
1375 1136 1448 1204 udo·

491 1243 612 1324 maye
628 1238 732 1325 Sedes·
748 1238 876 1325 medie
892 1263 989 1308 eoum
1004 1245 1163 1308 esum
1180 1240 1279 1309 1289.

428 1451 496 1517 Nos
512 1450 689 1518 Ledizluus
705 1449 767 1516 Dei
784 1449 899 1534 grauia
913 1453 983 1520 Rex
997 1452 1167 1538 Hungerie
1183 1453 1339 1522 memorie
1363 1473 1443 1520 eom-

321 1554 511 1624 menduntes
536 1558 758 1643 significemus
782 1559 901 1642 quibus
925 1559 1059 1645 expedit
1082 1561 1252 1644 uniuersis,
1279 1559 1367 1644 qnod
1390 1567 1447 1627 ne's

321 1663 526 1733 attendentes
543 1664 719 1733 fidelitates
739 1672 772 1732 et
780 1667 921 1733 seminia
936 1668 1102 1734 meritorie
1117 1665 1252 1734 Comitis
1267 1666 1448 1752 Myehuelis

320 1769 377 1854 filij
396 1769 531 1838 Emiriei
547 1771 589 1838 de
604 1772 717 1857 Sydon
733 1771 837 1840 fidelis
853 1773 965 1859 nostri,
990 1791 1055 1855 que
1079 1775 1176 1842 nobie
1201 1793 1275 1841 eum
1300 1793 1449 1858 sumpmn

319 1877 476 1944 fidelitate
500 1879 645 1947 exhibuit
669 1886 702 1945 et
725 1880 894 1966 inpendit,
927 1901 967 1948 ee
991 1887 1126 1948 moriem
1152 1880 1287 1948 Comitis
1311 1881 1448 1968 Nyeuiui

320 1983 431 2053 fratris
447 1986 498 2052 sui
513 1986 593 2054 dieti
607 1987 721 2074 Futra,
755 1981 810 2071 qni
827 1987 860 2054 in
877 1987 1016 2054 seruieie
1033 1986 1129 2054 nubis
1144 1990 1176 2053 et
1200 1988 1313 2071 Regno
1338 1995 1447 2056 nostro

300 2092 500 2170 ,exhibendo
517 2095 625 2161 extitit
640 2094 841 2180 interemtus,
857 2096 890 2160 in
922 2097 1111 2162 memorium
1128 2101 1331 2178 renonenies,
1350 2092 1447 2160 villas

303 2201 397 2268 'Wos
412 2211 445 2269 et
460 2203 605 2287 Zelebyg
620 2211 756 2271 ndentes
772 2205 804 2270 in
831 2203 991 2272 comitutu
1017 2203 1059 2270 de
1072 2203 1240 2270 Kumsruu
1269 2202 1444 2272 existentes

318 2307 360 2373 ud
374 2307 589 2376 eellaeiuuem
605 2309 741 2392 Regiam
756 2310 966 2394 pertinentes,
993 2309 1056 2395 ipsi
1082 2309 1202 2376 comiti
1225 2307 1391 2396 Myehueli
1414 2313 1446 2374 et

318 2413 388 2481 suis
403 2413 577 2482 heredibus
593 2415 810 2500 heredumque
826 2435 955 2484 snorum
971 2417 1211 2484 suecessoribus
1227 2437 1298 2486 enm
1324 2415 1446 2482 utilitu-

185 2531 189 2540 '
318 2521 452 2590 tibuunt
471 2522 681 2608 pertiueneijs
713 2524 887 2592 earundem
913 2524 1075 2594 uniuersis
1106 2546 1144 2593 eo
1159 2526 1232 2594 iure
1257 2531 1289 2592 et
1313 2543 1354 2592 ee
1379 2526 1445 2609 ple-

317 2627 484 2715 nitudiue,
521 2631 792 2726 quemadmodum
822 2633 973 2719 primitus
999 2631 1100 2719 'ydem
1131 2653 1171 2700 ex
1201 2639 1314 2701 nostru
1344 2631 1443 2700 enlin·

316 2735 410 2802 niune
425 2737 604 2804 dinoscitur
614 2739 807 2824 pessedisse,
822 2739 1021 2826 reliquimus,
1032 2739 1179 2809 dedimus
1196 2747 1228 2808 et
1245 2739 1440 2807 contulimus

315 2851 469 2927 perpetue
481 2844 698 2929 possidendas
713 2854 745 2914 et
760 2845 934 2914 habendus.
961 2849 1082 2914 Datum
1096 2847 1187 2915 iuxta
1212 2847 1327 2914 uillam
1352 2847 1439 2932 'Pety

317 2949 516 3018 instantius
547 2957 737 3020 oetnuerum
769 2955 921 3024 Omnium
951 2955 1153 3041 Suneterum
1184 2973 1271 3022 nune
1302 2955 1434 3021 Domini

314 3055 578 3126 M⁰OC⁰LXXX⁰
593 3081 688 3130 nouo.

313 3271 376 3338 (111.
390 3275 477 3326 Endre
492 3274 638 3343 kirflynnlr
652 3279 763 3330 1291-ὶί
776 3279 939 3345 megerdsitd
952 3275 1139 3344 ekminydbdl
1153 3293 1170 3330 e
1194 3279 1309 3330 nummu
1333 3291 1441 3328 mnenm

758 3367 998 3436 kezirsreurubsn.)
