3146 5166
817 359 976 462 goo—

334 559 425 624 Bano
441 577 500 643 pro
516 557 632 640 viginti
648 577 706 624 sex
723 557 839 624 marcis
850 557 981 643 pignori
991 557 1196 643 obligauerat
1213 577 1315 644 usqne
1328 563 1462 629 tercium
1555 545 1556 572 ¹

334 664 462 734 termini
479 665 538 733 snb
554 683 640 750 pena
656 662 759 749 dupli,
784 664 813 731 si
829 683 893 731 non
907 664 1123 752 redimerent3
1156 665 1288 736 tandem
1304 667 1387 752 ipsis
1403 675 1464 736 ter-

333 773 429 840 minis
444 771 684 840 occurrentibus
694 770 852 839 redimere
882 791 948 838 uon
973 771 1247 858 potueruntrideo
1272 773 1461 861 sthephano
1556 845 1557 848 ,

334 877 401 944 fllio
415 877 539 962 Nathk,
555 877 608 959 qui
624 897 684 962 pro
700 897 736 944 se
753 882 788 942 et
802 877 956 946 fratribus
974 877 1041 946 suis
1073 880 1287 963 personaliter
1304 882 1462 951 constitu·

334 985 377 1052 iis
395 983 557 1052 nobilibus
573 983 614 1048 dc
630 983 751 1070 Soepes
768 983 864 1050 ricini
883 992 914 1050 et
931 985 1145 1052 commetanei
1162 987 1310 1072 predicte
1325 995 1412 1058 terre
1429 993 1462 1058 in

334 1094 424 1160 nullo
442 1091 748 1176 contradicentibus,
774 1088 833 1158 sed
848 1095 953 1176 magis
984 1094 1168 1162 uolentibus
1183 1102 1215 1160 et
1231 1098 1463 1166 consencienti·
1557 1103 1558 1130 ³

333 1201 406 1286 hos,
422 1197 608 1266 vendidisse
627 1219 685 1282 pro
710 1197 825 1282 viginti
850 1219 908 1266 sex
925 1201 1042 1268 mareis
1067 1209 1099 1268 et
1124 1200 1238 1288 duppli
1254 1223 1367 1271 earum
1384 1205 1460 1274 dire

333 1314 407 1376 runt
422 1306 559 1374 eandem
577 1306 640 1393 ipsi
657 1302 831 1393 Rnphayni
856 1309 957 1392 Bono,
984 1315 1016 1375 et
1031 1331 1089 1396 per
1105 1313 1262 1379 eumenis
1278 1312 1454 1380 heredibus

334 1414 551 1498 heredumque
561 1433 692 1482 suorum
702 1415 943 1483 successoribus
957 1438 1016 1502 pro
1033 1420 1222 1504 octuaginta
1232 1419 1349 1486 marcis
1368 1419 1461 1505 plene

334 1521 453 1589 habitis
470 1527 504 1588 et
518 1520 657 1607 receptis
673 1523 716 1588 ab
733 1521 845 1588 eodem
861 1530 1016 1610 perpetuo
1026 1525 1269 1610 possidendam,
1284 1526 1461 1592 tenendam

335 1635 369 1697 et
384 1630 505 1714 pariter
520 1627 702 1695 habendam
719 1647 791 1695 oum
807 1623 873 1696 suis
900 1631 1094 1698 utilitatibus
1126 1633 1217 1698 etad
1234 1633 1373 1698 eandem
1389 1652 1459 1716 per-

334 1735 484 1820 tinenciJs
502 1735 669 1802 uniuersis.
695 1735 732 1799 Iu
750 1735 843 1803 euius
868 1737 1054 1804 memoriam
1080 1738 1329 1824 firmitatemque
1344 1761 1460 1827 perpe-

335 1849 424 1908 tuam
440 1848 609 1928 presentes
635 1843 854 1911 concessimus
886 1845 1014 1911 litteras
1030 1845 1206 1932 pendentis
1236 1847 1339 1931 sigilli
1355 1848 1461 1914 nostri
1559 1832 1560 1850 ³

334 1949 511 2016 munimine
535 1951 716 2016 roboratas.
748 1952 868 2018 Datum
894 1949 929 2016 in
954 1954 1080 2020 octonis
1104 1951 1222 2020 Ooame
1246 1960 1279 2020 et
1304 1955 1461 2020 Damiani

334 2056 507 2125 Bcatorum
533 2063 716 2124 nostrorum
748 2078 834 2124 anno
850 2057 981 2125 Domini
998 2057 1116 2127 Μθῦὒο
1132 2061 1351 2145 octuagesimo
1367 2082 1455 2128 nono

335 2271 474 2332 (Eredstie
487 2269 662 2338 hdrhirtydn,
687 2273 844 2338 megyssinti
863 2271 1088 2338 selyemasindron
1114 2274 1200 2340 idggo'
1219 2273 1310 2341 peccet
1327 2254 1413 2334 slatt;
1443 2291 1461 2325 a

637 2363 720 2416 hudai
733 2363 785 2414 hir.
799 2364 923 2415 humaret
935 2359 1125 2427 lerelttrban.)

791 2624 1003 2634 ---.---

857 3107 936 3176 ter.

333 3309 532 3378 Asolacdrc'
546 3308 743 3375 kouuentoek
774 3306 1052 3394 otaonpoeqleoete,
1085 3307 1170 3392 hopy
1187 3303 1277 3374 Chdk
1306 3305 1370 3370 dria
1393 3307 1468 3388 fiai

335 3417 486 3504 discrepes
503 3415 658 3502 Roykdoo
674 3417 742 3480 leod
757 3415 943 3482 birtolordsct
958 3416 1063 3480 Ochua
1074 3415 1244 3498 emanet,
1269 3414 1387 3479 Buaad
1412 3437 1466 3480 oo-

665 3522 850 3606 merfldauk
865 3520 1005 3588 eiudtuh.
1018 3519 1116 3588 1289.

437 3739 554 3806 Frater
569 3736 717 3818 Andreas
733 3735 855 3802 Diuina
871 3733 1084 3802 miseracione
1108 3733 1221 3802 Abbas
1245 3733 1464 3803 Zaladiensis

333 3854 483 3932 totusque
516 3844 578 3914 loci
604 3843 749 3913 eiusdem
775 3843 963 3912 conuentus
989 3842 1138 3910 omnibus
1165 3841 1284 3911 Christi
1309 3841 1467 3912 fidelibus

331 3975 466 4044 presens
482 3953 641 4038 seriptum
658 3951 854 4038 inspecturis
886 3943 1027 4020 satutem
1043 3951 1076 4016 in
1111 3949 1254 4017 omnium
1285 3947 1464 4017 smmum.

332 4060 420 4142 Quia
435 4081 495 4148 per
512 4059 682 4128 decursum
700 4065 882 4145 temporum
908 4077 1138 4142 nonnunquam
1162 4075 1271 4124 rerum
1295 4065 1467 4141 gestorum

331 4168 453 4238 ueritas
469 4167 665 4250 ohscuratur,
684 4185 782 4249 quam
798 4184 863 4232 non
880 4171 1011 4232 serenat
1022 4163 1132 4231 lueida
1147 4161 1248 4230 series
1260 4163 1445 4230 litterarum
1460 4187 1468 4246 3

331 4283 530 4362 quapropter
547 4293 628 4360 opus
645 4281 695 4342 est
710 4273 880 4361 sapientis,
897 4277 932 4339 nt
943 4291 1007 4356 que
1017 4277 1157 4354 agantur
1167 4271 1220 4338 uel
1232 4275 1466 4354 memorentur,

335 4381 520 4451 testimonio
529 4380 709 4448 litterarum
720 4378 862 4448 debeant
871 4377 1026 4446 roborari.
1036 4375 1175 4446 Proinde
1185 4375 1228 4444 ad
1238 4377 1467 4444 uniuersorum

332 4489 483 4556 noticiam
500 4494 611 4553 tenore
626 4487 833 4572 presencium
848 4487 999 4553 uolumus
1012 4483 1195 4572 peruenire,
1207 4483 1294 4568 qnod
1304 4480 1466 4551 aoceden-

333 4601 382 4660 tes
398 4594 441 4660 ad
457 4599 600 4661 nostram
616 4593 819 4678 presenciam
834 4593 993 4680 Magister
1009 4592 1119 4663 Buaad
1144 4601 1175 4660 et
1198 4589 1370 4662 Feldrious
1395 4589 1462 4675 filij
