3140 5150
751 363 941 462 Qas-

158 628 168 646 ,
298 568 407 629 sentes
439 562 634 628 contulimus
665 559 767 646 sigilli
797 561 899 626 nostn'
931 558 1111 628 munimine
1142 561 1325 644 roboratas,
1347 579 1426 626 anno

300 669 434 736 Domini
449 669 666 737 ΜὋΟἿιΧΧο
682 675 784 736 sexto.
808 669 1016 735 Presentibus
1034 673 1144 734 tamen
1153 667 1311 752 Magistro
1328 668 1427 734 Paulo

300 779 456 864 Lectone,
482 776 641 860 Magistro
665 778 801 844 Andrea
818 777 967 861 Cantore,
991 774 1135 842 secundo
1160 776 1264 842 Paulo
1284 774 1428 849 Custode,

300 891 332 952 et
349 885 423 969 alijs
439 886 549 952 multis
563 883 685 950 ibidem
702 885 736 950 in
751 885 904 951 Ecclesia
929 886 1030 951 Beate
1045 883 1189 967 Virginis
1214 884 1284 951 Deo
1304 883 1425 950 bumili-

300 1001 348 1059 ter
364 990 598 1060 famulantibus
615 996 648 1058 et
664 988 789 1058 deuote.

303 1173 338 1238 (A
357 1170 435 1225 vieni
448 1169 639 1240 kiptalannak
666 1173 779 1224 leat-ki
804 1167 963 1233 tsirattbcl,
983 1185 1000 1222 a
1023 1171 1107 1222 budai
1128 1156 1179 1222 ls'ir.
1192 1171 1318 1223 kamarai
1344 1169 1426 1224 loudl-

809 1257 929 1324 tdrbau.)

833 1971 907 2040 lll.

305 2177 364 2244 IV.
383 2177 499 2242 Ldazdd
523 2177 634 2261 isiacily
660 2182 814 2239 caucasias
839 2173 1023 2258 odomdapa
1053 2175 1252 2242 Biberstciai
1280 2175 1353 2243 Otto
1371 2181 1431 2242 sad·

758 2284 860 2345 mura.
885 2281 981 2347 1277.

412 2478 587 2545 Ladialaus
617 2477 678 2542 Dei
711 2475 826 2560 gracia
857 2475 1043 2565 Hungarie‚
1078 2476 1257 2576 Dalmaciq
1290 2480 1431 2561 limacis,
1562 2519 1563 2574 p

307 2591 425 2672 Rama,
448 2585 580 2669 Seruis,
604 2582 762 2669 Gallicis,
785 2583 996 2672 Lodomerie,
1031 2583 1184 2652 (tumente
1215 2587 1431 2672 Bulganiequc

307 2698 377 2762 Rex
407 2693 554 2762 omnibus
580 2690 701 2758 Christi
727 2690 877 2758 fidelibus
903 2711 1037 2776 presens
1065 2693 1218 2780 scriptum
1243 2694 1431 2780 inspecturis

308 2803 449 2870 salutem
467 2801 501 2867 in
518 2800 659 2866 omnium
676 2800 876 2867 saluatoone.
900 2801 952 2868 Ad
967 2803 1192 2870 uniuersorum
1218 2811 1285 2870 tam
1305 2823 1435 2889 presan*
1562 2859 1563 2862 ,

308 2913 394 2978 oium
411 2931 508 2996 quam
525 2911 703 2976 futurorum
730 2909 885 2976 noticiam
910 2911 1025 2978 harum
1050 2913 1135 2980 serie
1160 2914 1309 2980 uolumus
1325 2931 1432 2998 perue-

306 3019 395 3102 nire;
421 3017 506 3101 equod
521 3016 669 3083 dominus
686 3001 841 3084 Redditus
857 3018 1074 3085 Romanorum
1094 3020 1163 3085 Rex
1183 3019 1318 3104 Semper
1328 3020 1432 3102 Augu·

309 3133 388 3210 stus,
414 3129 572 3208 cognatus
589 3131 621 3190 et
636 3124 745 3190 affinis
762 3131 872 3192 noster
888 3125 1092 3213 karissimus,
1108 3126 1274 3194 dominum
1286 3125 1433 3193 Ottonem
1562 3127 1563 3134 ’

310 3231 351 3299 de
377 3235 585 3318 Bybursteyn
602 3239 757 3314 tanquam
784 3229 913 3301 fidelem
930 3239 962 3299 et
978 3237 1103 3301 Corone
1120 3235 1221 3320 Regie
1239 3234 1377 3302 fideliter
1392 3233 1408 3299 i
1424 3270 1433 3280 ·
1562 3223 1563 3228 ¹

308 3341 483 3408 molantem
502 3339 595 3407 nobis
613 3339 869 3424 commendauit;
894 3348 1007 3426 petens
1027 3344 1285 3428 nosdiligente1·,
1310 3349 1346 3408 nt
1361 3361 1433 3408 eun·
1562 3391 1563 3394 ,

309 3450 436 3516 demin
451 3454 597 3517 nostram
623 3447 767 3531 resipere
792 3447 1001 3532 dignaremur
1026 3451 1173 3534 graciam
1198 3450 1383 3536 specialem,
1405 3455 1434 3514 et
1562 3479 1563 3530 q

308 3558 475 3624 uniuersas
496 3555 719 3641 possessiones
745 3575 802 3622 seu
818 3557 927 3640 uillas,
952 3557 1043 3623 iuxta
1063 3559 1228 3644 terminos,
1253 3564 1357 3624 metas
1380 3575 1434 3624 seu

309 3665 481 3747 indagines
497 3663 602 3746 Regni
618 3663 720 3730 nostri
739 3670 770 3731 et
786 3666 892 3748 Regni
907 3665 1041 3733 Polonie
1067 3686 1106 3732 au
1121 3667 1233 3753 Ruzye
1252 3665 1434 3747 existentes,

309 3775 349 3840 ob
366 3771 483 3838 merita
500 3771 711 3839 seruieiorum
728 3791 869 3858 suorum,
895 3792 958 3856 que
975 3772 1104 3839 domino
1120 3773 1285 3858 Stephano
1296 3771 1433 3840 Serenis·
1562 3775 1563 3854 3

269 3891 275 3902 ’
309 3880 390 3947 simo
407 3878 488 3963 Regi
504 3878 685 3966 Hungarie,
705 3882 788 3963 patri
804 3887 916 3946 nostro
933 3880 1108 3948 karissimo
1124 3881 1354 3966 piememorie,
1371 3882 1433 3946 lau·
1562 3861 1563 3914 ss

308 3988 464 4054 dabiliter
490 3987 641 4072 inpendit
672 3995 704 4052 et
735 3987 872 4074 denote,
902 3987 1078 4056 seeundum
1104 3989 1242 4074 formam
1273 3985 1433 4073 priuilegij

310 4095 454 4163 ciusdem
470 4095 571 4181 patris
588 4096 691 4162 nostri
716 4094 852 4162 reddere
869 4103 902 4164 et
917 4096 1088 4163 restituere
1106 4094 1148 4163 de
1164 4095 1368 4181 benignitate
1382 4113 1432 4160 no-

309 4211 374 4272 stre
390 4204 501 4288 gracie
517 4204 733 4288 dignaremur.
759 4205 825 4271 Nos
842 4204 953 4288 itaque
969 4203 1183 4288 peticionibus
1201 4212 1233 4270 et
1250 4204 1334 4270 uotis
1352 4201 1431 4269 eins·

308 4314 379 4380 dem
397 4311 517 4378 domini
549 4310 676 4378 Redolfi
702 4331 818 4396 parere
844 4311 1029 4398 cupientes,
1056 4319 1091 4378 ut
1112 4318 1272 4395 tenemur,
1296 4309 1435 4378 conside·
1562 4331 1563 4412 ἐ

308 4427 481 4503 nantesque
496 4425 528 4486 et
543 4418 749 4486 attendentes
774 4418 966 4504 obsequiosa
993 4420 1108 4486 merita
1134 4425 1165 4484 et
1181 4418 1370 4485 meritorum
1386 4418 1438 4483 ob·
1562 4429 1563 4472 l

308 4530 422 4612 saquis
438 4526 582 4595 ciusdem
599 4526 721 4594 domini
739 4525 878 4612 Ottonis,
904 4545 966 4609 que
982 4525 1128 4611 predicto
1155 4525 1240 4610 patri
1257 4529 1378 4610 nostro,
1404 4529 1439 4590 st

309 4637 437 4704 demum
463 4635 556 4702 nobis
583 4634 732 4720 inpendit
758 4635 922 4703 indefesse
947 4636 980 4700 in
1008 4633 1147 4701 diuersis
1172 4631 1440 4720 expeditionibus
