3124 5158
787 315 950 414 ‚m-

297 508 466 576 cuiusdam
482 515 581 599 terre,
605 532 669 597 que
685 507 836 597 Vlchyak
852 517 994 594 vocatur,
1020 508 1163 578 dedisset
1183 517 1215 579 et
1231 513 1438 598 assignasset

298 627 456 704 perpetuo
472 617 703 703 possidendam
717 642 724 703 ;
762 623 868 684 ratam
894 624 926 685 et
941 617 1066 684 firmam
1082 619 1188 705 ipsam
1204 621 1438 688 commutacio-

296 745 372 794 nem
400 725 548 811 atrisque
567 727 715 812 partibus
734 725 930 794 habentibus
945 741 1054 796 coram
1071 727 1178 794 nobis.
1218 728 1305 795 Mete
1323 733 1438 795 autem

297 839 386 900 terre
402 831 571 922 Lyphine,
596 853 658 918 que
683 833 781 902 cessit
807 833 981 919 Gregorio,
1014 841 1090 902 sunt
1117 834 1195 900 hec:
1219 834 1332 902 Prima
1349 841 1440 902 meta

298 939 417 1024 incipit
442 959 463 1007 a
488 939 635 1007 terminis
661 937 806 1008 Lorandi
831 939 917 1006 Bani
942 954 974 1008 et
997 941 1042 1009 ibi
1063 943 1156 1008 iuxta
1179 943 1266 1008 viam
1282 946 1331 1008 est
1346 949 1437 1024 meta
1521 1001 1523 1006 ,

304 1054 411 1116 terrea
419 1099 430 1134 ,
455 1053 488 1114 et
502 1069 560 1134 per
575 1049 680 1134 ipsam
698 1049 784 1116 viam
813 1049 846 1114 in
868 1047 1002 1117 berch
1018 1049 1123 1116 tendit
1137 1068 1250 1118 sersus
1265 1047 1434 1117 meridiem

299 1175 357 1242 per
374 1160 480 1222 metas
495 1163 618 1223 terreas
628 1206 638 1242 ,
662 1163 695 1224 et
720 1155 870 1241 peruenit
888 1155 931 1222 ad
947 1156 1107 1238 quendem
1124 1155 1355 1242 monticulum,
1378 1158 1436 1242 qui

299 1260 419 1330 dicitur
433 1261 601 1348 Zaylrfeu3
634 1263 723 1331 etde
739 1263 815 1330 inde
831 1261 1003 1331 deseendit
1022 1264 1055 1330 in
1071 1263 1227 1332 Puthualr
1243 1265 1379 1351 potuka‚
1404 1271 1437 1331 et

300 1389 359 1454 per
382 1370 487 1457 ipsum
512 1371 613 1455 potok
638 1370 726 1437 cudit
750 1371 784 1436 in
809 1371 943 1439 fluuium
969 1371 1148 1459 Lyphyne,
1173 1376 1206 1440 et
1220 1392 1279 1457 per
1296 1368 1433 1440 eundem

298 1478 432 1546 fluuium
450 1476 556 1545 tendit
570 1479 719 1563 superius
745 1498 868 1550 sersus,
878 1479 1142 1564 septemtrionem
1159 1498 1262 1563 nsque
1278 1479 1356 1548 dum
1371 1481 1432 1545 Ba-

298 1585 426 1673 cbybuu
459 1585 582 1671 potoira
613 1585 755 1670 iungitur
779 1584 823 1653 ad
846 1586 952 1672 ipsam
977 1587 1161 1674 Lypbinam
1187 1593 1220 1652 et
1245 1608 1304 1674 per
1329 1587 1434 1672 ipsum

298 1692 478 1780 Bacbybou
499 1692 623 1778 potoka
638 1690 741 1762 tondit
756 1712 902 1780 sursum,
926 1699 958 1760 et
984 1693 1016 1759 in
1043 1693 1183 1777 quodam
1211 1695 1351 1762 transitu
1367 1693 1433 1761 exit

302 1800 345 1866 de
360 1803 415 1868 via
423 1853 434 1888 ‚
459 1807 492 1867 et
508 1820 567 1886 per
584 1799 723 1868 candem
740 1800 826 1868 viam
843 1801 992 1870 ascendit
1009 1801 1054 1868 ad
1078 1802 1214 1870 berch
1240 1821 1354 1870 versus
1371 1801 1432 1866 ori-

303 1915 431 1994 entem,
459 1913 491 1974 et
516 1907 700 1995 peripsum
731 1908 865 1975 berch
897 1910 1070 1976 reuertitur
1088 1909 1132 1976 ad
1148 1917 1268 1975 metam
1284 1909 1432 1996 priorem,

299 2015 415 2102 ibique
430 2017 631 2084 terminatur.
647 2017 732 2084 Mete
749 2037 826 2084 uero
843 2007 929 2083 ter're
944 2015 1105 2102 Vlchyak‚
1122 2035 1185 2102 que
1201 2015 1300 2083 cessit
1316 2015 1435 2083 Abbati

301 2129 378 2195 sunt
392 2121 473 2192 hee:
496 2123 605 2190 Prima
630 2131 718 2192 meta
743 2123 857 2210 incipit
877 2125 970 2191 iuxta
986 2124 1217 2206 monticulum,
1241 2124 1297 2206 qui
1318 2123 1433 2191 dicitur

299 2231 507 2301 Zalauchieu
523 2253 545 2299 a
561 2239 647 2300 meta
663 2237 768 2299 terrea
783 2232 875 2299 iuxta
890 2233 978 2299 siam
995 2238 1027 2299 et
1041 2255 1098 2319 per
1115 2231 1250 2301 eandem
1266 2232 1355 2300 viam
1365 2252 1431 2318 per·

301 2342 391 2408 uenit
406 2341 450 2406 ad
468 2339 594 2426 pirum,
619 2359 680 2425 que
705 2347 756 2408 est
780 2360 840 2425 pro
857 2346 962 2424 meta;
987 2338 1107 2408 deinde
1132 2361 1190 2425 per
1209 2340 1350 2426 byreh
1365 2359 1432 2408 ver·

300 2467 355 2516 sus
371 2446 547 2516 meridiem
565 2445 608 2514 ad
624 2447 783 2531 quasdam
800 2449 951 2532 arbores,
975 2465 1039 2530 que
1064 2446 1216 2514 dicuutur
1234 2446 1430 2533 malagaya;

300 2555 384 2622 inde
398 2554 570 2622 descendit
584 2554 627 2621 ad
643 2554 867 2641 Malapataka‚
892 2562 924 2621 et
949 2573 1006 2642 per
1023 2574 1150 2621 cursum
1167 2553 1314 2622 eiusdem
1332 2555 1431 2639 potuis
1554 2583 1555 2590 ¹

301 2663 486 2748 descendit,
504 2663 606 2746 donec
622 2683 679 2748 per
694 2661 855 2747 quendam
870 2661 991 2730 fontem
1017 2663 1084 2730 exit
1108 2663 1151 2729 ad
1176 2670 1272 2749 caput
1287 2662 1430 2730 eiusdem

300 2769 426 2856 ioutis3
458 2775 491 2837 et
515 2770 557 2837 de
581 2771 652 2856 ipso
679 2769 768 2838 sonte
793 2770 941 2838 ascendit
970 2771 1014 2838 ad
1045 2773 1067 2837 b
1076 2770 1182 2857 yrch
1208 2789 1312 2852 usque
1329 2776 1428 2836 metas

304 2875 444 2944 Abbatis
475 2878 664 2963 supradicti.
700 2877 738 2944 In
762 2878 852 2945 ouius
876 2899 935 2964 rey
966 2878 1163 2956 memoriam¹
1183 2879 1430 2962 firmitatemque
1554 2895 1555 2986 ]

301 2991 494 3071 perpetuam
526 2991 694 3070 presentes
719 2985 864 3072 utrisque
889 2985 1037 3070 partibus
1060 2984 1278 3052 concessimus
1307 2985 1429 3050 litteras

300 3091 402 3176 sigilli
426 3093 526 3160 nostri
542 3093 718 3162 munimine
743 3091 933 3160 roborando.
957 3093 1073 3160 Actum
1098 3113 1184 3160 anuo
1209 3094 1252 3159 ab
1273 3095 1422 3162 Incarus·

301 3200 395 3267 cione
410 3199 540 3266 Domini
560 3201 604 3267 Μθ
624 3200 687 3268 00⁰
705 3201 810 3268 LXX⁰
825 3221 919 3268 nono.
959 3225 965 3236 ·

301 3380 439 3447 (Eisdetie
464 3378 638 3448 bttrbtrtyan,
659 3381 774 3448 melyrb'l
798 3378 925 3448 apecsbt
943 3379 1253 3435 solutorum-notantes
1273 3381 1419 3447 selysmzsi·

373 3467 455 3523 ntrou
472 3471 590 3537 tttggbtt
609 3471 641 3522 de
660 3467 795 3535 lehullott,
823 3486 841 3524 a
862 3487 950 3524 noma.
965 3487 1088 3524 museum
1101 3467 1352 3536 beabat-theban.)
