3138 5164
886 929 965 999 297.

360 1147 389 1211 A
406 1145 504 1212 Nouo
519 1142 693 1210 dalmatiai
706 1149 802 1211 osteor
817 1148 849 1211 de
865 1143 948 1212 Arde
966 1147 1065 1234 saipet
1080 1147 1167 1214 tuest
1181 1148 1471 1236 dtootpoteoeu-
1540 1243 1541 1246 Ἴ

747 1253 804 1317 nelo
819 1254 987 1321 dioceseos.
1004 1254 1103 1320 1284.
1540 1247 1541 1264 ¹

463 1467 503 1534 In
528 1465 651 1536 Gbristi
675 1447 804 1534 nomine
829 1465 943 1538 Amen.
963 1467 1059 1534 Anno
1074 1464 1319 1537 Incarnacionis
1336 1469 1470 1538 eiusdem

357 1575 402 1642 bl⁰
419 1575 483 1642 00⁰
499 1574 721 1658 octuagesimo
746 1579 871 1661 quarto,
898 1573 1084 1642 indiccione
1106 1574 1209 1660 XIII,
1233 1575 1288 1642 die
1313 1577 1471 1647 undecima

355 1683 500 1750 intrante
524 1699 636 1749 mense
661 1679 851 1748 Decembris
875 1680 994 1766 Jadre;
1022 1681 1221 1766 temporibus
1246 1683 1399 1768 equidem
1424 1684 1470 1752 do·
1540 1671 1541 1744 ζ

355 1787 434 1854 mini
444 1788 601 1856 lobannis
618 1785 763 1854 Danduli
772 1787 894 1871 inclyti
905 1788 1005 1855 Ducis
1015 1787 1290 1872 Veneciarumet
1301 1791 1388 1874 bleg
1396 1792 1468 1856 Lau·

354 1895 453 1982 rencij
465 1893 840 1966 venorabilistadrennis
850 1894 1104 1982 Arcbiepiscopi‚
1127 1915 1167 1962 ao
1183 1893 1305 1964 domini
1321 1896 1469 1967 Jobannis

357 2002 532 2070 contaroni
548 2001 678 2086 Egregij
697 1998 840 2068 Oomitis.
858 2001 926 2070 Nos
953 2002 1085 2084 quidem
1101 2004 1231 2088 Pasqua
1247 2002 1289 2070 de
1305 2003 1469 2070 Varicassa

355 2108 446 2177 dinis
461 2109 631 2176 Jadrensis
647 2107 755 2195 judex,
770 2108 900 2194 arbiter,
922 2109 1095 2176 arbitrator
1110 2117 1143 2176 et
1158 2111 1342 2178 amicabilis
1359 2129 1471 2194 compo·
1540 2101 1541 2190 ]

356 2217 437 2284 sitor
451 2217 536 2286 inter
552 2215 727 2308 Egregium
741 2215 845 2284 virum
871 2216 1036 2286 dominum
1053 2218 1195 2284 Marcum
1212 2215 1405 2284 bliebaclem
1419 2215 1468 2282 (lo-

354 2327 463 2393 mitem
488 2326 569 2393 Arbi
598 2333 630 2392 et
656 2325 831 2392 Commune
856 2324 999 2391 eiusdem
1017 2322 1165 2392 Ciuitatis
1182 2324 1338 2394 Arbensis
1356 2345 1397 2390 ex
1411 2343 1467 2390 una

352 2440 455 2520 parte,
472 2441 504 2499 et
519 2433 660 2502 nobilem
674 2433 780 2500 virum
805 2432 968 2500 domiuum
994 2433 1160 2500 Volcetam
1175 2433 1373 2500 Potestatem
1387 2431 1469 2498 Nune
1540 2417 1541 2420 ¹

354 2546 387 2607 et
412 2536 588 2611 Commune
613 2540 757 2609 eiusdem
782 2539 931 2608 Ciuitatis
947 2541 1041 2607 Nouo
1058 2560 1098 2606 ex
1113 2540 1218 2606 altera
1234 2546 1338 2624 parto,
1355 2545 1389 2606 ut
1402 2556 1468 2603 con-

354 2655 420 2715 stat
444 2669 504 2734 per
523 2649 689 2736 publicum
704 2648 952 2716 instrumentum
969 2647 1190 2732 compromissi
1205 2645 1286 2713 lacti
1301 2665 1397 2714 manu
1411 2644 1467 2710 Ho
1540 2733 1541 2736 Ἴ

356 2755 463 2822 medei
487 2755 545 2841 filij
572 2755 733 2840 quondam
756 2753 915 2823 lobannis
942 2754 1078 2838 Denarij
1104 2753 1270 2840 Imperiali
1286 2752 1466 2820 auctoritate
1540 2803 1541 2808 ,

353 2861 481 2946 Notarij
507 2868 650 2947 etnunc
673 2861 828 2930 Arbensis
853 2859 958 2929 Jurati
984 2860 1110 2946 Notarij
1132 2861 1166 2926 in
1183 2879 1270 2926 anuo
1284 2855 1465 2924 Natiuitatis
1540 2873 1541 2948 ᾗ

355 2966 475 3036 curun
500 2969 551 3034 Μο
566 2968 636 3037 000
651 2968 794 3036 LXXX⁰
817 2973 943 3053 quarto,
971 2966 1155 3034 indiccione
1179 2962 1254 3031 XII.
1282 2965 1337 3032 die
1367 2963 1467 3028 ultimo
1540 2963 1541 3044 i

354 3075 565 3160 Nouembris;
589 3075 708 3164 auditis
725 3083 757 3143 et
772 3073 958 3159 intellectis,
978 3079 1009 3140 ot
1025 3073 1197 3156 diligenter
1206 3071 1398 3140 examinatis
1406 3088 1467 3154 per·

350 3183 507 3249 sonaliter
531 3183 567 3249 in
590 3183 726 3268 utraque
749 3182 883 3250 ciuitate
907 3201 979 3248 curu
1004 3180 1205 3248 solemnibus
1220 3179 1349 3263 nunciis
1364 3185 1395 3244 et
1410 3197 1468 3242 nm·
1540 3183 1541 3230 l

349 3289 588 3358 basciatoribur
604 3293 769 3376 utriusque
785 3289 885 3356 'Perre
901 3289 1049 3356 omnibus
1063 3287 1175 3354 litibus
1192 3294 1225 3354 et
1239 3285 1467 3369 questionibus,
1540 3267 1541 3296 ¹

350 3403 381 3464 et
396 3398 627 3483 controuersijs
642 3418 683 3466 ac
698 3395 881 3484 discordijs,
907 3416 969 3480 que
984 3397 1192 3463 vertebantur
1206 3396 1292 3462 inter
1308 3401 1467 3474 utramque
1540 3389 1541 3420 l

349 3500 533 3593 ciuitatem,
559 3506 710 3574 videlicet
733 3504 856 3572 Arbum
883 3509 915 3571 et
940 3503 1079 3586 Nonam,
1095 3511 1162 3568 tam
1177 3521 1237 3586 pro
1253 3500 1359 3568 diuiso
1374 3518 1463 3584 quam
1540 3557 1541 3584 ᾗ

348 3632 406 3697 pro
439 3615 612 3700 communi,
643 3633 750 3680 coram
782 3610 932 3678 omnibns
964 3611 1141 3695 propositis
1172 3615 1204 3674 et
1234 3607 1389 3692 allegatis
1418 3621 1468 3689 per

349 3727 520 3806 utramque
535 3725 680 3808 partom;
697 3727 730 3786 et
746 3739 843 3805 super
858 3717 908 3785 bis
919 3718 1033 3784 habita
1043 3717 1285 3784 deliberacione
1296 3720 1329 3780 et
1339 3711 1466 3798 consilio

349 3827 499 3914 diligenti
526 3829 665 3915 plurium
691 3829 877 3912 sapientum
901 3831 968 3892 tarn
989 3824 1183 3892 secularium
1200 3841 1298 3906 quarn
1314 3819 1468 3903 religioso
1540 3891 1541 3908 χ

347 3955 427 4019 rum,
453 3943 485 4002 et
510 3956 583 4002 cum
608 3933 758 4019 diligenti
783 3931 892 4000 studio
909 3932 1110 4015 inuestigata
1124 3937 1158 3997 et
1173 3928 1304 4012 cognita
1320 3929 1466 4006 veritam

347 4051 379 4110 et
403 4044 528 4111 voeatis
557 4042 659 4110 eciam
676 4043 771 4108 dictis
781 4041 926 4127 partibus
943 4044 976 4106 et
991 4039 1099 4105 citatis
1112 4056 1226 4106 coram·
1236 4036 1341 4116 nobis,
1357 4043 1388 4102 et
1403 4053 1467 4100 con·

346 4149 452 4218 ductis
477 4150 553 4215 hinc
577 4149 610 4214 in
635 4149 768 4215 ciuitate
792 4147 893 4214 Jadre
908 4165 967 4232 per
981 4147 1144 4230 legitimos
1159 4143 1294 4210 nudoios
1312 4151 1345 4211 et
1361 4143 1462 4208 amba·

346 4259 504 4326 sciatores
528 4259 696 4341 utriusque
721 4255 871 4322 Ciuitatis
898 4261 930 4320 et
946 4253 1118 4336 utriusque·
1128 4250 1316 4319 Communis
1332 4252 1468 4316 astantes

345 4369 514 4452 presentes
541 4365 584 4432 ad
611 4365 679 4449 hec,
697 4371 764 4430 tam
781 4383 840 4448 pro
857 4364 1018 4431 communi
1034 4379 1131 4444 qnam
1147 4378 1205 4444 pro
1221 4357 1329 4423 diuiso
1345 4373 1466 4424 suarum

346 4473 532 4557 ciuitatum,
560 4472 737 4542 secundum
763 4472 900 4538 formam
917 4477 950 4538 et
965 4473 1161 4556 potestatem
1178 4463 1272 4532 nobis
1288 4465 1401 4530 datam
1417 4477 1468 4545 per

284 4625 289 4638 .
345 4587 516 4662 utramque
533 4583 708 4665 partemin
726 4581 812 4646 dicto
829 4579 1084 4664 compromisso:
1100 4575 1161 4641 Dei
1178 4573 1309 4640 nomine
1325 4572 1467 4639 inuocato
