3118 5158
576 295 737 412 „ao-

91 501 198 575 debita
212 499 435 574 omnimodam
450 503 631 593 ueritatem,
648 514 681 575 et
697 505 731 572 in
747 503 895 592 predicta
911 512 1007 574 sexta
1022 501 1105 575 feria
1120 501 1219 594 ijdem

91 635 144 680 sex
161 615 287 682 nobiles
312 612 491 683 secundum
517 615 767 700 inquisicionem
792 613 826 680 in
842 611 906 682 ide
932 614 1074 702 ipsorum
1099 617 1221 684 factam

93 729 246 805 quantum
272 722 449 810 dampnum
475 720 540 808 ipsi
555 719 674 790 Oomiti
693 721 838 791 Jobanni
861 743 920 810 per
935 723 1093 792 Comitem
1110 722 1221 794 chuz

92 831 262 914 irrogatum
288 830 498 915 asseruerint,
523 831 640 899 Comes
657 827 767 898 Ochus
787 829 894 898 eidem
910 831 1081 900 refundere
1095 832 1220 901 tenebi-

93 943 138 1002 tur
154 938 190 1004 in
207 939 357 1007 terminis
373 959 432 1026 per
446 940 536 1025 ipsos
552 937 680 1008 nobiles
696 937 818 1006 adhoc
834 937 1020 1026 deputatis;
1041 945 1074 1007 et
1088 940 1221 1028 insopor

93 1043 205 1112 Comes
221 1043 334 1114 chuz
349 1045 394 1130 id,
421 1044 508 1130 quod
524 1045 638 1114 Comes
653 1043 820 1114 Jobannes
836 1045 872 1114 iu
887 1047 1141 1132 congregacione
1166 1069 1220 1115 no·

93 1161 154 1219 stra
182 1157 217 1221 in
231 1154 349 1240 Kapus
366 1153 533 1224 celebrata
558 1173 632 1221 cum
647 1153 716 1221 suis
742 1155 954 1242 complicibus
981 1164 1096 1224 contra
1114 1155 1220 1241 ipsum

93 1261 235 1352 protulit,
261 1263 425 1348 tolerabit,
448 1261 503 1330 uel
523 1261 553 1330 si
567 1260 706 1349 predicti
723 1282 782 1329 sex
798 1262 1006 1347 inquisitores
1022 1261 1056 1330 id
1072 1261 1217 1330 affirma·
1233 1313 1241 1322 .

93 1369 205 1459 uerint,
231 1377 268 1438 ut
284 1370 399 1437 Comes
416 1368 525 1438 Ochus
541 1369 606 1457 ipsi
623 1365 741 1438 Oomiti
764 1369 908 1441 iohanni
933 1371 1057 1439 nuliam
1081 1370 1221 1440 destruc·

94 1477 213 1563 cionem
237 1477 450 1566 irrogarent,
474 1484 507 1545 et
532 1477 566 1545 in
592 1476 742 1565 predicta
763 1479 1021 1564 congregacione
1040 1477 1221 1546 indebitam

92 1585 334 1654 accusacionem
360 1605 431 1654 oum
456 1587 525 1654 suis
550 1583 761 1672 complicibus
789 1585 946 1654 direxerit
971 1591 1084 1653 contra
1102 1586 1219 1672 ipsum,

94 1700 209 1761 extunc
232 1693 327 1762 iuxta
351 1693 552 1762 sentenciam
578 1695 723 1781 ipsorum
747 1712 807 1762 sex
826 1693 982 1761 nobilium
1001 1689 1088 1758 idem
1105 1690 1221 1759 Oomes

91 1802 258 1870 Jobanncs
288 1797 409 1868 domiti
439 1797 550 1868 chuz
585 1798 626 1867 de
657 1799 855 1868 uerecundia
886 1800 950 1868 sibi
989 1799 1084 1867 illata
1125 1799 1222 1866 debet

93 1929 217 1978 omnem
233 1909 496 1978 satisfaccionem
513 1907 684 1996 exhibere-5
708 1917 741 1978 ct
756 1908 855 1976 iidem
875 1907 988 1978 arbitri
1003 1908 1129 1978 litteras
1144 1927 1221 1977 suas

90 2017 272 2086 concedent
296 2019 369 2104 ipso
386 2013 440 2084 die
457 2015 543 2102 parti
566 2018 699 2103 utrique
719 2033 817 2104 snper
836 2035 992 2104 processu
1007 2016 1136 2104 negooij
1152 2037 1221 2104 pre·

89 2125 204 2194 notati.
228 2123 351 2192 Datum
368 2123 506 2210 Symigij
523 2123 556 2190 in
573 2123 738 2192 dominica
753 2122 924 2192 Inuocauit
939 2125 1001 2191 bie.

197 2233 322 2300 Kasos:
346 2233 409 2298 Pro
425 2230 553 2300 Gemite
567 2232 717 2301 Jobanne
741 2231 809 2300 tilio
834 2233 910 2319 Isep
933 2238 1046 2300 contra
1066 2229 1222 2298 Comitem

89 2339 202 2408 Oobua
218 2342 252 2407 in
269 2341 356 2409 facto
371 2349 461 2409 terre
476 2338 600 2408 (thuna.

88 2517 226 2584 (Ercdetie
248 2507 426 2588 bdrhirtydn,
445 2519 593 2588 melyrbla
613 2519 707 2589 psesdt
726 2521 864 2586 elvessett,
883 2537 899 2574 a
920 2521 1003 2574 budai
1024 2521 1076 2575 kir.
1099 2523 1223 2576 immersi

559 2607 751 2678 levelstrban.)

550 2861 764 2874 ffl-

599 3173 604 3183 ’
631 3217 688 3286 ao.

84 3416 145 3483 IV.
163 3415 283 3484 Lanato
298 3417 408 3504 kirdlp
423 3415 673 3502 napocaulis.
690 3416 773 3482 Boia
787 3421 819 3484 ts
839 3415 873 3482 V.
884 3417 996 3482 Istodn
1009 3414 1224 3501 eirolpokaae

83 3526 234 3613 Macbpic
263 3526 406 3612 Ιιόιοέρέι
437 3526 591 3611 tdrpyuzd
621 3525 892 3612 adomdapozdsdt
922 3524 1096 3591 Parcit-imas
1127 3548 1224 3592 comeo

516 3636 676 3700 saccaro.
702 3637 800 3702 1274.

202 3829 381 3900 Ladizlaus
406 3830 470 3898 Dei
500 3831 615 3916 gracia
641 3828 829 3917 Raugonia,
860 3826 1042 3912 Dalmacie‚
1075 3825 1223 3914 Oroacie,

78 3942 209 4026 Reme,
225 3937 347 4028 Seruio,
365 3939 725 4026 Gallicie,Lodomcn‘e‚
736 3934 904 4022 Cumania
919 3935 1140 4020 Bulgarieque
1156 3934 1225 4002 Rex

77 4047 240 4115 omnibus
257 4067 392 4134 presens
408 4049 565 4134 scriptum
580 4034 776 4132 inspecturis
791 4047 929 4116 salutem
949 4047 983 4111 in
999 4042 1143 4110 omnium
1159 4042 1223 4110 sal·

76 4165 219 4224 uatore.
241 4154 294 4222 Ad
310 4154 535 4224 uniuersorum
551 4156 706 4223 noticiam
728 4161 840 4222 tenore
855 4152 1060 4239 presencium
1075 4150 1226 4218 volumus

75 4263 283 4352 peruenire,
318 4257 405 4347 quod
439 4257 550 4331 fidelis
578 4269 689 4330 noster
715 4260 830 4330 Comes
855 4259 1035 4328 Percbinus
1062 4259 1097 4324 in
1121 4255 1225 4323 nostri

76 4391 288 4460 comparens
314 4370 488 4458 presencia
504 4369 652 4438 exhibuit
676 4375 710 4436 et
724 4365 891 4436 hostendit
909 4365 1003 4435 nobis
1018 4362 1225 4450 priuilegium

73 4479 262 4550 karissimi
288 4479 392 4564 patris
416 4478 520 4546 nostri
544 4475 667 4545 domini
692 4475 850 4564 Stephani
865 4475 964 4560 Regis
989 4473 1099 4540 inclite
1123 4489 1226 4538 recor·

73 4587 254 4675 ducionis,
282 4587 317 4654 in
333 4604 397 4670 quo
423 4585 564 4655 uidimus
589 4584 763 4670 contineri;
787 4579 873 4668 quod
892 4579 1127 4650 Serenissimus
1143 4577 1227 4644 Bela
1264 4613 1273 4620 -

119 4722 303 4763 romnus
318 4719 482 4762 suss.n1su
505 4727 545 4743 ····
563 4719 635 4756 arra.
653 4714 691 4759 1⁷.
1043 4688 1066 4753 4
