3138 5164
330 467 537 552 novitatibus,
552 467 776 535 invasionibus
793 476 826 534 et
856 467 1029 534 insultibus
1044 485 1177 551 prorsus
1202 471 1368 536 abstinere
1384 491 1455 555 pro·

329 581 448 657 curent,
480 593 521 640 ex
549 579 642 658 parte
673 579 804 658 nostra,
823 575 915 640 iuxta
941 573 1053 640 ᾱιιιιιι
1090 573 1150 640 tibi
1176 575 1365 666 a-Domino
1390 596 1459 660 gra-¹

330 685 430 766 tiam,
446 699 579 745 moneas
610 685 641 744 et
671 676 929 762 inducas,'eos,
961 679 990 744 si
1013 699 1095 764 opus
1121 680 1238 766 luerit,
1265 681 1308 748 sd
1331 685 1455 750 restitu-
1550 749 1551 754 ,

328 792 449 856 tionem
481 793 513 852 et
543 787 781 852 revocationem
815 783 945 853 easdem
977 806 1036 870 per
1066 807 1237 856 censuram
1263 789 1453 857 ecclesiasti·

330 914 401 961 cam
417 893 617 977 apellatione
633 897 757 956 remota
772 892 1017 979 compellando,
1049 892 1278 962 nichilominus
1294 914 1354 980 per
1369 915 1404 963 se
1419 914 1453 962 ac

328 1002 427 1068 etiam
444 997 674 1084 stipendiarios
702 1004 735 1063 et
765 997 849 1064 alios
865 998 1073 1082 supradictos
1097 1020 1119 1064 a
1134 1000 1349 1083 novitatibus,
1370 1002 1454 1070 inra-

330 1104 477 1174 sionibus
492 1112 525 1174 et
540 1105 716 1174 insultibus
742 1105 988 1188 quibuscunque
1004 1106 1135 1171 omnino
1151 1106 1359 1192 abstineant3
1376 1119 1408 1176 et
1422 1119 1454 1176 nt
1550 1089 1551 1176 3

328 1215 389 1298 ipsi
406 1211 610 1299 stipendiarij
637 1230 694 1278 seu
720 1211 837 1277 armati
864 1210 905 1277 de
923 1211 1090 1296 provincia
1114 1214 1190 1298 ipsa
1214 1235 1252 1281 se
1277 1216 1452 1299 absentent,
1550 1205 1551 1218 ἢ

328 1339 467 1388 oensme
482 1318 581 1386 simili
599 1315 852 1402 compescend03
868 1317 1024 1402 predictis
1034 1319 1117 1385 Dnci
1133 1327 1165 1386 et
1181 1320 1352 1387 Communi
1367 1341 1453 1406 aper·

328 1428 392 1493 tius
408 1441 628 1510 expressurus,
644 1421 774 1508 quodsi
791 1422 873 1490 forte
899 1423 934 1488 in
950 1415 1153 1510 Ciuitatibus,
1185 1426 1321 1508 Castris,
1355 1429 1450 1510 villis,
1550 1425 1551 1488 3

326 1529 792 1617 terris,etlooisprefatis1us
809 1529 952 1616 aliquod,
977 1531 1062 1597 sicut
1076 1531 1263 1618 predicitur,
1281 1553 1317 1599 se
1335 1533 1450 1600 hahere

267 1651 271 1658 “
328 1633 534 1722 contendunt,
554 1643 763 1722 compareant
794 1657 851 1722 per
866 1627 1036 1723 syndicum
1053 1639 1106 1705 vel
1123 1646 1364 1724 procuratorem
1379 1638 1453 1725 ydol
1550 1673 1551 1732 ι

326 1765 422 1812 neum
438 1743 533 1814 infra.
540 1743 720 1828 predictum
749 1746 919 1810 torminum
950 1763 1058 1810 coram
1083 1745 1182 1812 nobis
1202 1744 1328 1831 paratis
1344 1745 1448 1812 facero

326 1853 406 1935 ipsis
423 1851 695 1935 complementum
719 1847 845 1916 iustitie
873 1849 1027 1917 exbiberi.
1061 1849 1154 1926 Quod
1170 1860 1278 1918 autem
1295 1853 1365 1919 lieri
1382 1872 1450 1918 con·

329 1958 439 2041 tigerit
476 1957 509 2021 in
525 1956 587 2022 hac
602 1963 714 2042 parte,
747 1956 839 2022 nobis
865 1972 923 2041 por
939 1965 1011 2024 tuas
1042 1957 1170 2025 litteras
1203 1961 1319 2025 barum
1336 1959 1447 2024 seriem
1550 1981 1551 2070 ι

325 2065 528 2131 continentes
545 2063 678 2132 studeas
695 2065 824 2148 Plenius
851 2065 1023 2150 explicare.
1041 2066 1162 2132 Datum
1178 2067 1281 2133 Reate
1296 2066 1366 2133 XV.
1396 2066 1449 2129 ha·
1550 2071 1551 2086 ¹

325 2172 441 2238 londos
457 2170 658 2254 Septembris
673 2169 885 2238 Pontificatus
900 2177 1006 2238 nostrl
1021 2191 1108 2238 anno
1124 2175 1238 2258 primo.

327 2365 461 2430 (Thoiner,
478 2367 576 2418 Vetera
589 2367 769 2418 Monumenta
778 2365 921 2418 slavorum
931 2365 1151 2420 Meridionalium
1163 2354 1303 2420 historiam
1315 2368 1449 2421 illustrsn·

757 2457 796 2508 tia
809 2456 831 2505 1.
845 2456 901 2510 tos.
922 2457 982 2506 104.
993 2457 1023 2522 l.)

848 3248 926 3315 olo.

323 3447 382 3511 IV.
399 3447 619 3533 Milloapspo
630 3470 650 3510 o
657 3449 802 3532 pauliaci
812 3447 960 3533 opdtnak
973 3449 1177 3532 cscyhcqyjo,
1189 3451 1270 3532 hopy
1281 3471 1301 3512 a
1311 3452 1444 3515 caturci
1550 3413 1551 3416 Ἴ

321 3555 485 3638 piispiikb‘t
501 3577 539 3619 aa
571 3555 675 3617 odoni
699 3553 984 3618 domokosrecdicls
1002 3554 1079 3618 elien
1095 3555 1256 3620 elkiivetctt
1269 3555 1444 3640 kihdpdsclc
1550 3549 1551 3628 ᾗ

460 3711 466 3721 .
516 3659 710 3747 tdrqydban,
727 3684 747 3724 o
764 3662 871 3726 ronan·
886 3661 959 3725 seclo
976 3661 1023 3725 elo
1037 3661 1149 3724 ide'zao.
1167 3659 1263 3724 1288.

428 3871 584 3939 Nicolaus
601 3869 781 3956 Episcopus
798 3889 911 3938 servus
928 3889 1093 3937 servorum
1110 3867 1170 3935 Dei
1181 3868 1300 3936 dilecto
1334 3863 1399 3938 lio.
1413 3919 1438 3934 ..

322 3979 443 4047 Abbati
457 3979 645 4063 Monasterij
663 3977 774 4046 Sancti
790 3977 957 4046 Michaelis
974 3977 1016 4044 de
1031 3977 1163 4044 Peolinn
1177 3977 1346 4060 Rugusine
1370 3977 1441 4043 Dio·

321 4087 413 4172 cesis,
431 4086 571 4152 salutem
587 4091 620 4152 et
636 4083 856 4169 Apostolicam
877 4083 1143 4153 benedictionem.
1170 4083 1291 4149 Petitio
1317 4083 1443 4148 dilecto·
1550 4071 1551 4158 l

319 4213 390 4261 rum
422 4191 559 4258 filiorum
576 4239 584 4255 .
602 4239 636 4257 ..
662 4189 783 4258 Prioris
808 4197 840 4256 et
870 4187 1006 4255 liatrnm
1037 4187 1168 4256 Ordinis
1201 4185 1441 4270 Prodicatorum

320 4301 566 4370 Gatbarensinm
583 4299 676 4368 nobis
692 4297 837 4368 exhibita
868 4299 1082 4378 continebant,
1097 4295 1186 4380 quod
1212 4316 1285 4363 cum
1310 4293 1381 4379 ipsi,
1405 4309 1445 4357 ac
1550 4371 1551 4400 1

321 4408 485 4494 quondam
501 4406 664 4494 Urbanus,
682 4413 759 4474 tunc
774 4425 884 4473 eorum
898 4405 1000 4490 Prior,
1019 4404 1140 4470 dudum
1157 4403 1192 4468 in
1208 4400 1351 4470 ecclesia
1365 4398 1441 4464 San·
1550 4401 1551 4446 l

321 4519 364 4582 cti
380 4514 600 4582 Bartholomei
616 4512 825 4582 Catharensis
836 4561 846 4598 ,
879 4513 961 4578 cisa
992 4510 1173 4579 venerabili
1203 4509 1307 4575 fratre
1337 4511 1444 4572 nostro
