3138 5164
821 233 976 332 Α

331 453 444 520 parere
453 431 580 514 judicio
604 428 790 499 nullatcnus
806 434 986 512 teneantur,
1005 427 1091 494 idem
1117 427 1233 496 Comes
1259 429 1380 514 iecerit
1406 431 1451 495 uel

331 539 509 608 decreuerit
519 537 717 622 judicando,
736 557 863 604 cassum
881 537 1011 620 penitus
1026 543 1058 602 et
1074 537 1201 602 irritum
1217 537 1400 621 habeatnr,
1425 545 1452 602 et
1535 619 1536 636 χ

326 655 421 716 actor
437 667 494 714 scu
510 645 726 730 aduersarius,
751 647 806 729 qui
831 645 932 712 citare
957 644 1035 712 fecit
1059 645 1200 732 cosdem,
1226 667 1249 713 a
1273 665 1335 712 sua
1360 645 1451 711 cadat
1535 639 1536 684 l

330 755 460 842 penitus
475 755 618 821 accione.
635 755 704 820 Nec
721 752 825 820 eciam
851 753 946 820 huius
971 753 1072 822 nostri
1096 753 1311 838 priuilegiolis
1338 754 1454 819 indulti
1535 767 1536 784 ²

335 863 495 948 quesitum
522 863 556 928 in
586 861 735 928 fraudem
766 861 967 930 reconucniri
997 862 1124 948 possint
1141 867 1173 928 et
1203 861 1346 928 debeant
1375 860 1461 927 dicte.

333 973 453 1038 Sancte
471 969 703 1052 strigoniensis
720 969 867 1038 Ecclesic
889 969 1085 1053 jobagioncs
1110 969 1190 1036 cille
1216 967 1374 1056 predicte,
1401 989 1452 1036 nec

337 1079 543 1145 fideiussores
558 1083 705 1162 prestare
731 1083 899 1161 cogantur,
924 1089 959 1143 ut
978 1077 1197 1161 respondeant
1220 1077 1456 1144 rcconucnicnti

334 1206 443 1250 coram
459 1185 618 1250 Huntensi
635 1182 759 1250 Gemite
769 1237 778 1270 ,
811 1183 1154 1270 uclalijandicibus,
1175 1184 1208 1249 in
1234 1189 1454 1269 quorirmpre-
1535 1225 1536 1228 =

334 1292 446 1358 scocie
461 1291 525 1377 ipsi
558 1291 670 1357 villani
696 1289 736 1358 dc
752 1290 914 1358 Zebheleb
930 1299 1064 1376 urgente
1090 1292 1283 1360 necessitate
1300 1292 1453 1376 compulsi
1535 1301 1536 1366 j

331 1399 497 1482 justiciam
525 1397 756 1486 consequendi,
774 1397 945 1466 conuenire
970 1398 1053 1466 alios
1072 1398 1219 1466 forsitam
1242 1397 1311 1465 suis
1339 1398 1454 1464 vicibus

337 1506 594 1590 compelluntur;
611 1505 697 1589 quin,
713 1507 797 1572 sicut
813 1508 964 1573 nolumus
996 1507 1099 1573 dictos
1127 1506 1321 1592 jobagiones
1355 1512 1457 1572 nostre

336 1617 454 1682 Sancte
469 1612 698 1696 Strigonicnsis
715 1614 860 1680 Ecclesic
876 1634 986 1680 coram
1005 1614 1084 1700 alijs
1102 1616 1205 1698 Regni
1222 1614 1326 1682 nostri
1342 1615 1364 1680 J
1367 1612 1455 1679 udici-
1535 1601 1536 1630 ³

335 1724 469 1790 bns'seu
495 1722 741 1805 quibuscunque
767 1719 948 1787 Comitibus
979 1721 1167 1804 conueniri;
1194 1723 1361 1788 siceciam
1377 1722 1456 1806 ipsos
1535 1723 1536 1804 j

334 1829 516 1913 sepedictos
533 1827 682 1894 Ecclesie
699 1833 807 1894 nostre
827 1827 1024 1912 jobagiones
1050 1827 1091 1896 de
1106 1828 1269 1896 Zebheleb
1288 1849 1350 1896 nec
1364 1847 1454 1911 agen-

335 1944 383 2004 tes
400 1944 513 2004 contra
529 1935 614 2002 alios
629 1933 749 2019 Judicij
768 1935 802 2000 in
818 1937 929 2020 ligura,
945 1936 978 2001 in
994 1936 1146 2022 ipsorum,
1163 1936 1296 2003 Comitis
1312 1936 1457 2004 videlicet
1535 1987 1536 1998 ,

335 2042 515 2109 Huntensis
532 2047 564 2107 et
586 2042 725 2110 aliorum
753 2044 924 2127 presencia
947 2063 1213 2128 quorumcunque
1228 2045 1398 2128 Comitum,
1414 2061 1455 2107 re·
1535 2061 1536 2102 r

336 2150 500 2217 conueniri
515 2150 739 2236 permittimus,
755 2152 947 2218 auctoritate
962 2152 1166 2237 presencium
1182 2171 1290 2218 coram
1306 2151 1406 2236 ipsis;
1421 2169 1457 2214 nc

337 2267 446 2326 nostre
461 2267 528 2326 tam
544 2257 773 2343 iustissimum,
798 2265 930 2342 tamque
945 2259 1190 2326 deuotissimum
1205 2258 1397 2328 serenitatis
1412 2259 1453 2322 in·

336 2364 460 2434 dultum
476 2365 694 2452 priuilegium,
710 2365 813 2432 multa
826 2373 1007 2433 nostrorum
1033 2367 1203 2452 Beronum,
1219 2387 1260 2434 ac
1273 2366 1451 2434 sublimium
1535 2351 1536 2354 ¹

340 2472 542 2558 Optimatnm
558 2473 663 2557 Regni
679 2473 791 2553 nostri,
806 2493 864 2541 seu
887 2473 1060 2542 Procerum
1076 2475 1216 2542 consilio
1231 2476 1404 2543 maturiore
1413 2472 1457 2538 de
1535 2459 1536 2484 ³

338 2589 471 2668 cretum,
499 2582 586 2666 qnod
601 2581 820 2650 firmissimum
844 2602 917 2650 csse
942 2583 1093 2650 volumus
1109 2582 1194 2648 omni
1211 2603 1280 2667 cuo,
1297 2583 1405 2650 saltim
1418 2587 1457 2645 ta·

337 2688 414 2756 liter
428 2687 584 2772 indirecte
600 2690 711 2758 ualeat
726 2689 887 2757 lacesciti.
912 2689 1095 2758 Adiicimns
1112 2689 1215 2758 eciam
1231 2688 1390 2776 presentis
1412 2707 1458 2752 no

338 2797 396 2864 stri
421 2797 586 2884 priuilegij
620 2819 679 2883 per
704 2803 866 2884 tenorem,
895 2795 981 2880 quod
1011 2796 1119 2864 nullus
1150 2816 1288 2882 prorsus
1305 2785 1462 2863 Baronnm'

338 2907 443 2989 Regni
458 2905 570 2991 nostri,
587 2904 744 2973 videlicet
758 2923 819 2973 nec
834 2911 945 2971 noster
961 2904 1075 2976 Comes
1093 2902 1343 2988 Palatinus,nec
1358 2901 1457 2970 Judcs

338 3010 436 3079 Ouric
453 3017 574 3097 nostre,
591 3031 651 3079 occ
660 3011 815 3096 Magister
824 3010 1112 3094 Thacarnicornm,
1130 3029 1190 3076 nec
1206 3010 1370 3096 quispiam
1380 3009 1458 3076 alins

338 3118 493 3187 nobilium
508 3117 615 3202 Regni
630 3118 743 3199 nostri,
752 3138 945 3202 quocunqne
957 3117 1141 3204 prefulgeat
1150 3118 1324 3204 dignitate,
1337 3117 1459 3184 descen-

338 3245 410 3292 sum
425 3244 519 3294 suum
536 3231 760 3310 presumpmat
785 3223 894 3292 lacere
925 3245 1023 3310 snper
1042 3223 1157 3292 villam
1188 3224 1327 3292 mndcm
1343 3225 1459 3292 Zebbc·

337 3334 390 3400 leb
406 3329 623 3417 sepedictcm3
639 3333 723 3416 quo'd
742 3331 770 3400 si
780 3331 925 3417 quisquis
941 3341 1053 3400 contra
1064 3331 1126 3400 hoc
1139 3342 1284 3400 nostrum
1302 3330 1460 3397 indultum

194 3475 206 3520 ·.
338 3440 450 3508 venire
466 3439 718 3526 presumpserit,
735 3459 809 3506 rcus
834 3439 904 3507 dati
929 3437 1063 3524 dampni
1088 3439 1208 3506 Sancte
1231 3437 1461 3530 strigoniensis

339 3545 486 3613 Ecclesie
502 3565 540 3612 eo
556 3545 637 3631 ipso,
653 3547 740 3629 qnod
757 3547 948 3616 descensum
965 3546 1104 3614 indicta
1132 3545 1214 3612 villa
1238 3544 1366 3630 fecerit,
1383 3565 1461 3613 com·

338 3654 475 3740 probato
493 3673 554 3738 per
569 3654 680 3720 omnia
695 3654 739 3720 ad
755 3652 969 3721 iuramentum
990 3652 1115 3722 Judicis
1131 3673 1171 3720 ac
1186 3657 1326 3738 quatuor
1342 3653 1464 3720 Jnrato

338 3782 410 3828 rum
427 3760 511 3830 dicte
526 3761 617 3849 ville,
634 3769 800 3846 tamquam
816 3762 845 3832 si
870 3763 946 3850 alijs
972 3761 1140 3847 legittimis
1156 3759 1414 3847 probacionibns
1428 3757 1464 3824 de

338 3869 573 3938 consuetudine
588 3870 691 3955 Regni
708 3870 810 3938 nostri
826 3873 995 3939 conuictus
1012 3870 1171 3952 extiterit,
1202 3869 1368 3953 puniatur.
1399 3867 1464 3932 Hoc

337 3977 427 4044 idem
443 3977 584 4046 dicimus
601 3965 642 4047 ds
666 3978 867 4064 predonibus
899 3985 932 4048 et
946 3977 1127 4046 latrombus
1144 3973 1248 4059 Regni
1279 3975 1394 4059 nostri,
1410 3973 1462 4058 qni
1535 4065 1536 4070 ἵ

342 4085 464 4154 dictam
479 4085 603 4154 villam
611 4085 811 4154 offenderent
835 4087 1019 4173 spoliando,
1050 4085 1104 4153 uel
1119 4081 1461 4167 aliquosjobagiones,
1535 4107 1536 4168 j

342 4201 400 4263 aut
414 4193 562 4277 aliquem
570 4191 649 4260 ville
665 4192 808 4262 eiusdem
825 4201 1056 4278 commeantes,
1073 4200 1131 4261 ant
1146 4199 1357 4260 transeuntes
1371 4209 1463 4275 nego
1535 4189 1536 4234 ἶ

339 4299 496 4368 cincionis
512 4319 572 4366 sne
587 4319 647 4383 pro
658 4320 767 4387 causa,
777 4321 836 4386 per
851 4287 956 4384 Regni
969 4300 1073 4369 nostri
1088 4299 1214 4385 itinera,
1244 4297 1383 4368 forsitan
1398 4319 1464 4384 spc-
1535 4327 1536 4330 ¹

344 4409 478 4476 tierent:
496 4426 608 4475 verum
624 4407 839 4494 nbi‘dampna
854 4409 980 4476 maiora
998 4409 1221 4495 infligerentur
1235 4407 1296 4473 toti
1312 4407 1401 4494 ville,
1411 4411 1464 4476 ant

346 4513 509 4596 aliquibus
525 4514 738 4602 villanorum
755 4521 832 4584 tanc
847 4516 967 4586 Sancte
991 4515 1227 4606 Strigonicnsis
1243 4513 1392 4584 Ecclcsic
1407 4513 1463 4580 Dc·
1535 4515 1536 4608 ᾗ
