3124 5158
543 363 701 462 —ae-e-

64 552 204 620 nobilem
221 559 254 621 et
268 553 449 643 prouidum,
466 558 629 640 quandam
646 564 766 626 terram
782 558 885 627 Castri
902 558 1000 626 vestri
1009 558 1181 626 Nitriensis

67 661 157 728 Kend
182 669 330 730 rotatum
360 683 499 731 raouam
529 673 561 734 et
590 665 826 734 habitatoribus
856 665 1060 753 destitutam,
1091 664 1182 732 iuxta

62 769 191 838 fluuium
224 770 381 857 Radysna
412 775 623 858 existentem,
659 774 718 842 sub
743 775 838 842 metis
869 775 1029 860 antiquis,
1062 772 1179 856 quibus

64 877 211 946 Castrum
227 881 333 947 tenuit
347 887 380 949 et
394 881 549 967 possedit,
560 882 655 950 Petro
671 882 739 949 filio
755 881 918 968 Zubuzlai,
928 883 1020 950 iuxta
1035 888 1178 950 vestrum

60 986 246 1054 mandatum
271 995 304 1055 et
328 995 512 1076 preceptum
537 991 651 1058 statuit
676 990 915 1076 possidendam,
942 990 1035 1057 nollo
1052 996 1177 1056 eontra-

61 1093 180 1164 dietore
202 1097 333 1182 penitus
349 1097 516 1166 existente.
542 1101 662 1166 Datum
685 1099 720 1166 in
744 1099 826 1167 iesto
850 1099 945 1168 Beati
958 1099 1046 1165 Luoe
1060 1099 1178 1164 Erran-

60 1202 183 1288 geliste.

148 1383 207 1451 (IV.
224 1383 322 1439 Litauid
339 1385 429 1454 kirtly
442 1386 710 1454 aeomtnylovettbtl
724 1391 794 1440 mint
808 1386 916 1440 sentebb
932 1384 990 1440 193.
1004 1405 1040 1440 su.
1053 1385 1089 1452 a.)

513 1711 723 1720 ———-.—....

511 2294 516 2303 .
581 2211 657 2279 soa.

58 2393 237 2480 Apose'poe'
252 2395 478 2480 kdptolonnak
492 2394 772 2480 bizonyadpleoele,
790 2397 873 2482 bopy
892 2395 1025 2475 Rosold,
1045 2391 1176 2460 Rolond

56 2503 186 2567 bdnnak
194 2502 259 2585 fia,
269 2503 455 2568 Peebntban
465 2503 679 2568 levetis-tolete
690 2503 788 2570 Zoboo
797 2504 931 2588 fiainole
946 2503 1062 2569 elodta.
1075 2502 1174 2566 1280.

165 2697 352 2784 Capitulum
377 2699 523 2767 Eeelesie
555 2699 647 2766 Beati
681 2701 772 2768 Petri
796 2701 837 2768 de
866 2701 995 2785 Posaga
1025 2699 1172 2765 omnibus

58 2807 178 2876 Christi
193 2805 345 2876 fidelibus
362 2815 428 2874 tam
444 2808 646 2892 presentibus
663 2827 759 2892 quam
776 2808 892 2876 intutis
907 2809 1044 2877 salutem
1061 2806 1095 2873 in
1110 2809 1173 2873 Do·

58 2919 145 2983 mino
179 2917 418 3002 sempiternam.
451 2916 503 2983 Ad
528 2917 747 2984 uniuersorum
773 2916 925 2984 notitiam
950 2916 1064 2984 barum
1089 2917 1174 2982 serie

58 3025 206 3092 volumus
232 3027 401 3112 peruenire
422 3028 507 3112 quod
523 3025 684 3094 Roooldns
698 3027 783 3094 filius
798 3026 939 3092 Rolandi
955 3028 1038 3093 Bani
1053 3027 1095 3092 ab
1110 3047 1175 3093 vna

57 3139 162 3219 parte,
190 3141 223 3200 et
246 3131 428 3220 Ladizlans
443 3134 615 3220 Amoldus,
633 3135 719 3202 Gula
734 3155 773 3201 ao
789 3133 919 3203 Blasius
934 3135 992 3220 filij
1010 3135 1117 3201 Zoboo
1133 3134 1175 3199 ab

58 3239 164 3306 ultera
191 3262 297 3310 coram
324 3245 417 3312 nobis
442 3243 657 3329 personalitas
674 3250 749 3311 sunt
765 3243 946 3328 constituti3
965 3250 997 3310 et
1012 3243 1098 3308 idem
1114 3242 1174 3308 Ro-

57 3348 169 3417 ooldus
186 3351 352 3421 confessus
368 3358 416 3420 est
433 3354 509 3420 uiua
524 3373 612 3440 vooe,
628 3353 791 3438 quandam
806 3353 1000 3439 particulam
1014 3361 1098 3419 terre
1116 3369 1174 3416 sue

61 3459 214 3543 emptioie
238 3461 365 3528 Peobne
389 3469 516 3545 vocate,
549 3481 610 3546 que
626 3459 791 3529 Jeisewek
816 3461 948 3549 dieitur,
977 3459 1173 3546 supradietis

56 3567 219 3654 Lamnae,
237 3568 388 3657 Amoldo,
405 3571 512 3659 Cynle
528 3591 568 3638 ao
583 3571 694 3638 Blasio
715 3592 775 3657 pro
791 3569 926 3655 triginta
940 3571 1058 3638 mareis
1074 3569 1172 3637 dena-

55 3678 177 3744 riorum
201 3679 299 3765 plene
324 3680 464 3764 receptis
488 3678 676 3746 vendidisse
700 3678 1110 3766 perpetuopossideudam3
1127 3677 1174 3744 ita

55 3791 172 3872 tamen,
196 3787 326 3871 quodsi
351 3787 453 3854 frater
470 3807 556 3873 suus,
574 3788 626 3854 nel
643 3787 826 3871 quicunque
841 3788 881 3854 de
896 3787 1044 3871 cognatis
1058 3788 1126 3854 suis
1143 3793 1174 3851 et

57 3896 144 3982 alijs,
169 3895 274 3980 ipsam
300 3895 494 3982 particulam
510 3902 593 3963 terre
618 3896 658 3962 de
678 3896 873 3982 supradietis
888 3895 963 3980 filijs
979 3895 1087 3962 Zoboo
1104 3915 1172 3982 pro·

56 4026 149 4074 sessu
165 4005 345 4092 temporum
360 4006 540 4092 impeteret,
557 4004 643 4070 idem
654 4005 813 4072 Roooidns
829 4004 987 4071 tenebitur
1009 4003 1171 4089 expedire.

55 4115 168 4181 Prima
182 4122 271 4183 meta
286 4113 390 4199 ipsius
406 4119 500 4200 terre,
516 4113 601 4180 siout
616 4113 715 4196 ijdem
730 4115 918 4199 retulerunt,
928 4112 1042 4197 ineipit
1053 4118 1172 4198 aparte

55 4223 322 4310 septemtrionali,
341 4224 433 4289 iuxta
449 4222 609 4306 quoddam
636 4222 769 4309 kalisto,
787 4243 849 4306 que
864 4229 914 4290 est
925 4221 1019 4306 juxta
1034 4221 1120 4286 viam
1138 4219 1172 4285 in

56 4339 165 4401 monte
190 4331 378 4416 brocheyob,
404 4329 542 4398 tendens
559 4329 603 4396 ad
618 4327 791 4416 meridiem,
808 4337 841 4396 et
856 4329 1022 4396 deseendit
1037 4327 1171 4394 inferius

55 4443 97 4510 ad
113 4441 426 4528 Jelseweohpotoka,
444 4448 476 4508 et
491 4461 548 4526 per
562 4439 668 4526 ipsum
689 4437 789 4524 potok
805 4436 1030 4506 descendendo
1046 4436 1113 4504 exit
1128 4436 1172 4501 ad

55 4554 201 4620 arborem
226 4554 305 4636 piri;
327 4549 403 4619 inde
419 4549 510 4618 vadit
525 4573 581 4637 per
596 4551 700 4618 siluas
716 4549 759 4618 ad
775 4551 920 4618 arborem
935 4550 1009 4635 iyu;
1025 4545 1099 4615 iude
1115 4565 1172 4632 per

56 4660 228 4746 qnamdam
255 4659 429 4747 planiciem
454 4660 601 4744 peruenit
626 4658 669 4724 ad
694 4660 839 4727 arborem
863 4657 1009 4746 harasth,
1035 4676 1097 4742 que
1123 4661 1172 4724 est
