3124 5158
348 1205 407 1274 IV.
432 1209 548 1275 Marto
577 1209 755 1294 kirolyant
788 1210 1018 1294 toroouykaze'si
1041 1207 1249 1272 anabudalma
1279 1201 1404 1284 ufitoty
1433 1201 1463 1264 ts

378 1315 500 1404 Eyyed,
523 1315 756 1400 Ubulfioinnk,
775 1318 1041 1403 molon-meyyei
1056 1317 1148 1403 nopai
1163 1316 1323 1380 amorosa.
1340 1311 1430 1375 1281.

380 1531 383 1536 '
453 1531 521 1597 Nos
546 1528 721 1596 Ladizlaus
744 1531 808 1596 Doi
833 1530 946 1613 grauia
970 1531 1042 1598 Rex
1062 1527 1231 1612 Hungario
1246 1524 1458 1609 significamus

346 1644 456 1703 tunore
471 1636 674 1723 presencium
690 1638 806 1720 quibus
823 1637 954 1722 expedit
973 1638 1142 1718 vninsrsis,
1158 1633 1247 1720 qnod
1262 1635 1340 1715 qnia
1355 1633 1457 1698 Comes

346 1743 495 1830 Myohaot
512 1751 545 1811 ot
560 1744 696 1829 tigidius
711 1744 771 1828 fiiij
788 1745 905 1830 Wbu15
922 1745 1117 1830 Stephanus,
1135 1743 1291 1827 Magister
1306 1741 1416 1806 Petrus
1432 1747 1462 1804 at

348 1852 470 1919 Paulus
485 1853 543 1936 filij
562 1853 708 1920 eiusdem
723 1853 859 1920 Comitis
875 1853 1064 1938 Myuhaelis,
1081 1852 1175 1918 nobis
1191 1859 1223 1916 at
1238 1851 1352 1933 Regno
1361 1855 1459 1915 nostro

346 1961 503 2042 obsequia
518 1959 657 2027 fideliter
673 1960 893 2046 multiplieiter
908 1961 1140 2045 impenderunt
1151 1958 1458 2042 uniuersospopulos

347 2067 520 2134 uorundom
549 2069 582 2134 in
608 2069 769 2134 Oomitatu
795 2067 835 2133 da
858 2067 999 2134 Zoboloh
1025 2069 1209 2148 existentes,
1234 2087 1257 2131 a
1266 2063 1391 2150 Jndioio
1406 2083 1457 2130 aon

340 2172 572 2256 jurisdiooiono
603 2176 743 2242 omnium
775 2175 934 2243 Comitum
966 2174 1202 2241 Paroohialinm
1234 2195 1292 2260 pro
1325 2180 1457 2258 temporo

346 2284 590 2348 oonstitutorum
607 2283 677 2350 sore
694 2283 845 2350 duximus
862 2286 1098 2370 inperpetuum
1116 2280 1326 2365 arimend0s3
1353 2289 1385 2347 et
1398 2299 1457 2364 spa·

346 2391 473 2458 uialitar
498 2413 608 2459 omnes
633 2413 761 2476 causas,
786 2413 848 2477 qua
873 2395 907 2458 in
923 2393 1004 2460 uilla
1019 2394 1122 2476 ipsius
1138 2392 1273 2458 Comitis
1290 2389 1457 2476 Myobaelis

345 2505 378 2565 ot
393 2500 532 2566 filiorum
549 2519 678 2566 suorum
695 2501 911 2586 predictorum
937 2502 1077 2586 Ssmyan
1094 2505 1221 2584 vooata,
1237 2501 1271 2564 in
1286 2517 1354 2582 qua
1368 2498 1456 2564 torm

348 2606 468 2673 dicitur
483 2607 652 2690 celebrari,
670 2615 734 2674 tum
752 2609 786 2674 in
801 2608 854 2674 die
871 2609 942 2696 fori,
964 2627 1060 2692 quam
1077 2607 1153 2694 alijs
1169 2606 1371 2692 temporibus
1384 2611 1458 2671 mota

345 2711 464 2780 inerim
479 2721 511 2782 ot
527 2723 638 2782 oxortu
653 2735 713 2801 per
727 2717 876 2783 hominos
892 2737 950 2783 sou
968 2716 1104 2802 populos
1120 2717 1154 2781 in
1170 2715 1282 2783 eadem
1293 2711 1455 2782 villaoom·

344 2830 516 2908 morantes,
542 2831 599 2890 aut
625 2843 683 2910 por
707 2825 791 2892 alios
817 2831 998 2912 axtraneos,
1023 2823 1110 2892 idem
1135 2822 1249 2891 Oomes
1270 2823 1417 2910 Myohael
1432 2827 1456 2886 ot

343 2928 402 3014 filij
421 2928 562 2998 eiusdem
579 2931 721 3000 debeant
735 2933 883 2998 finaliter
899 2933 1054 2999 indicare.
1076 2933 1170 2999 Vnde
1187 2933 1339 2999 uolumus
1354 2939 1385 2998 et
1398 2949 1457 3016 pre·

345 3035 481 3123 oipimus
498 3035 614 3105 Oomiti
631 3060 688 3106 seu
704 3039 884 3107 ourialitori
901 3041 943 3108 do
963 3039 1103 3108 Zoboloh
1119 3061 1177 3127 pro
1194 3048 1341 3126 temporo
1356 3037 1456 3106 consti·

346 3152 423 3232 tuto,
440 3153 601 3229 quatenus
617 3153 753 3234 populos
770 3145 945 3214 eorundem
962 3147 1098 3214 Comitis
1112 3145 1303 3232 Myohaelis,
1319 3146 1424 3213 fratris
1432 3155 1458 3210 ot

344 3251 482 3319 filiorum
507 3271 638 3318 suorum
663 3252 812 3336 superins
828 3257 1075 3337 nominatorum,
1092 3255 1125 3320 in
1142 3253 1229 3320 dioto
1246 3253 1409 3321 comitatu
1424 3252 1457 3316 de

343 3358 485 3427 Zoboloh
517 3362 702 3448 existentes,
725 3361 835 3427 nullus
868 3362 1041 3428 eorundem
1074 3361 1191 3428 debeat
1222 3381 1279 3429 san
1305 3367 1457 3445 prasumat

344 3486 514 3554 agrauaru,
533 3487 591 3534 seu
606 3468 707 3536 eoiam
724 3468 917 3554 molestaro;
944 3491 1017 3538 uum
1033 3471 1164 3538 eosdem
1179 3471 1324 3558 populos
1340 3491 1362 3536 a
1372 3467 1456 3554 juris·

345 3573 492 3643 diooiono
507 3575 681 3644 eorundem
697 3577 856 3646 Comitum
873 3579 1112 3646 Paroohialium
1127 3577 1223 3646 modo
1238 3578 1396 3663 premisso
1410 3575 1456 3640 du·

344 3683 486 3750 norimus
511 3682 708 3752 eximendos
734 3685 856 3751 Datum
881 3685 914 3750 in
939 3685 1021 3752 villa
1038 3687 1151 3772 Gapey
1166 3685 1250 3752 faria
1266 3687 1381 3769 quinta
1395 3702 1455 3769 pro·

343 3789 432 3858 xima
456 3799 530 3876 post
554 3799 690 3861 octauas
716 3792 896 3878 Epiphanie
923 3795 1052 3862 Domini
1080 3814 1167 3861 anno
1184 3795 1318 3861 Domini
1333 3795 1382 3860 Μο
1396 3789 1456 3856 CO·

346 3901 568 3990 octuagesimo
586 3903 700 3986 primo.

344 4079 466 4146 (medati
487 4077 661 4148 bb'rhirtyiu,
682 4098 700 4134 a
713 4080 788 4135 utuul
801 4083 854 4136 oda
864 4089 986 4150 nyomott
997 4079 1146 4151 pomitnek
1158 4083 1288 4137 toradika
1301 4095 1455 4153 megrana

610 4187 701 4224 nomes
713 4169 814 4239 Ktltsy
826 4169 977 4226 osalidnak
990 4170 1198 4240 tevttttttban.)
