3140 5150
917 985 993 1052 122.

383 1186 504 1254 Mimos
527 1186 632 1251 reddor
656 1185 736 1250 Paeo·
753 1186 908 1272 aoproayi
921 1183 1106 1272 polqdraoie
1122 1183 1318 1266 admadoycr
1333 1183 1494 1268 moperda'ti

577 1319 598 1359 a
613 1295 859 1360 bcrsmoooatroi
875 1295 1014 1379 opdtadp
1032 1295 1194 1356 azdmcira.
1220 1293 1284 1357 127
1288 1294 1308 1357 7
1310 1339 1318 1354 .

489 1491 557 1557 Nos
573 1489 728 1557 Nicolaus
744 1490 914 1557 Palatinus
924 1542 933 1577 ,
959 1488 1074 1557 Comes
1099 1488 1330 1574 Soprvnicnsis
1356 1492 1389 1554 et
1404 1486 1493 1556 Joder

384 1599 609 1683 comanorum,
626 1597 849 1681 significamus
866 1605 977 1666 tenore
1004 1596 1204 1680 presencium
1225 1594 1399 1682 vniuersis,
1421 1591 1495 1677 qnod

382 1708 433 1774 vir
447 1706 647 1773 venerabilis
665 1705 814 1774 dominos
830 1707 861 1774 S.
878 1707 988 1774 Abbas
1003 1703 1123 1773 Montis
1139 1705 1256 1772 Sancte
1271 1704 1375 1772 Maris
1386 1711 1416 1770 ct
1426 1701 1493 1769 Corr-

380 1820 497 1882 ucntus
514 1820 627 1882 nostra
643 1813 676 1880 in
693 1815 862 1900 presencia
878 1813 1046 1882 constituti
1062 1813 1247 1900 petinenmt
1262 1831 1283 1878 a
1299 1811 1392 1880 nobis
1403 1811 1494 1878 hnmi-

380 1923 454 1990 liter
471 1927 504 1988 et
519 1922 646 2008 deuote,
671 1927 705 1988 vt
721 1922 931 1991 donacionem
948 1921 1070 1990 domini
1095 1920 1177 1988 Pcer
1196 1919 1358 2005 quondam
1375 1917 1453 1986 einis
1467 1923 1495 1984 et

380 2027 505 2098 Judicis
521 2028 759 2116 Svprvniensis,
784 2030 940 2098 videlicet
955 2029 1136 2098 Ecclesiam
1161 2028 1274 2094 Sancti
1298 2025 1415 2096 Jacobi
1431 2045 1495 2092 oum

378 2143 448 2203 tota
463 2157 524 2206 ana
540 2138 745 2223 possessione
761 2138 893 2223 ibidem,
910 2158 972 2223 qne
989 2144 1123 2204 vocatur
1133 2136 1233 2221 vulgo
1243 2133 1495 2221 Chiingenpacir,

378 2253 505 2330 partem
521 2267 649 2331 quoque
664 2245 823 2333 Stephani
854 2246 979 2314 Judicis
1012 2245 1157 2314 eiusdem
1181 2245 1264 2333 ioci,
1290 2251 1323 2312 ct
1346 2242 1497 2328 Philippi,

377 2373 475 2438 quam
491 2353 562 2440 ipse
576 2354 721 2441 predicto
736 2355 819 2422 Peer
834 2353 978 2422 tradidid
993 2351 1079 2443 (igy)
1097 2355 1270 2440 plurimum
1279 2361 1357 2424 ante
1367 2359 1497 2439 tempus,

377 2467 408 2526 ct
424 2467 552 2546 partem
581 2462 719 2529 aliorum
750 2463 926 2552 nobilium,
951 2462 1121 2549 Laurencij
1148 2463 1189 2530 de
1213 2462 1284 2546 Bik,
1317 2459 1452 2552 ditmarr
1468 2465 1497 2524 et

375 2567 546 2652 Lanrcncij
565 2567 704 2636 filiorum
720 2569 843 2658 Taoke,
869 2591 951 2656 quas
977 2571 1047 2658 ipse
1072 2571 1203 2658 propria
1229 2573 1271 2640 ab
1297 2571 1345 2640 cia
1364 2567 1500 2655 pecunia

375 2677 585 2763 comparauit,
611 2678 787 2745 secundnm
805 2679 891 2764 quod
915 2681 950 2746 in
974 2680 1148 2766 priuilegio
1174 2671 1291 2748 ciuium
1308 2679 1438 2766 plenius
1454 2681 1500 2744 est

331 2769 336 2782 ’
375 2803 576 2873 expressum,
596 2794 708 2854 nostro
725 2787 934 2872 dignaremur
948 2787 1122 2874 priuilegio
1137 2789 1338 2858 confirmare.
1364 2789 1434 2856 Nos
1445 2787 1502 2853 ita·

374 2911 437 2974 qne
453 2891 523 2960 vieo
538 2892 724 2981 priuilegio,
741 2893 926 2980 auditisque
936 2894 1062 2963 ciuibus
1072 2895 1244 2982 rniuersis,
1261 2895 1368 2982 quiin
1384 2894 1504 2962 codem

372 3007 566 3068 testamento
582 3008 614 3068 et
630 3007 769 3070 tractatu
788 3003 917 3071 fuerunt
936 3025 1039 3089 vsqne
1054 3005 1098 3071 ad
1114 3005 1258 3074 debitum
1279 3025 1379 3074 cansa
1392 3006 1504 3091 finem,

373 3103 583 3175 donacionem
599 3110 777 3197 supradicti
793 3113 883 3198 Peer,
893 3117 898 3160 ·'
908 3111 1086 3181 secundnm
1101 3113 1188 3197 qnod
1204 3115 1273 3200 ipse
1290 3120 1504 3200 prenotatam

370 3220 489 3282 terram
506 3217 705 3304 possederat,
729 3239 802 3287 cnm
819 3221 965 3288 omnibus
982 3221 1051 3290 ains
1076 3223 1295 3310 pertinencijs,
1320 3225 1507 3293 secundum

371 3321 488 3390 ciuium
504 3323 713 3411 priuilegium
733 3327 842 3413 sigillo
857 3335 966 3396 nostro
990 3329 1189 3399 ratificamus
1205 3335 1238 3398 et
1252 3331 1288 3398 in
1303 3341 1509 3420 perpetuum

370 3430 571 3500 roboremus.
594 3433 716 3502 Datum
741 3439 774 3502 in
800 3435 924 3506 Gindes
942 3438 976 3505 in
993 3437 1247 3508 circumcisione
1261 3440 1396 3510 Domini
1416 3461 1509 3510 anno

369 3537 500 3604 Domini
521 3539 827 3612 M⁰OO⁰LXX⁰VII⁰.

369 3715 505 3786 (Eredctic
527 3719 708 3790 biirhdrtydn,
733 3728 860 3794 melyrrck
873 3727 951 3782 hatur
976 3730 1162 3796 odanyomott
1183 3727 1302 3798 pacsdtje
1321 3733 1476 3796 elvcszctt,
1498 3753 1516 3788 ι

680 3815 763 3868 budai
776 3817 827 3871 kir.
846 3819 969 3871 kamarai
990 3818 1180 3888 icvdltdrban.)
