3118 5158
848 245 1009 348 „so-

367 444 436 507 Rex
462 435 680 507 auus'nostcr
705 440 886 508 contulerat
910 447 942 506 et
959 439 1140 506 donauerat
1161 439 1268 506 eidem
1290 439 1481 504 0011111111-

367 549 463 614 chino
481 548 646 630 quandam
672 553 791 613 terram
809 548 915 613 Castri
941 547 982 612 de
997 545 1139 632 Ryuche,
1167 566 1230 630 que
1246 544 1415 610 uillicatns
1431 545 1481 609 lla·

367 655 453 738 chylr
479 661 693 738 nuncupatur,
720 655 812 718 iuxta
837 673 956 736 aquam
971 652 1101 739 Velyka
1126 653 1318 719 existentem
1346 671 1419 716 curn
1436 670 1481 716 suo

367 761 540 846 priuilegio
558 768 715 845 perpetuo
743 761 995 846 possidendam3
1020 760 1105 844 quod
1129 759 1260 842 quidem
1287 757 1483 843 priuilegium

367 871 423 936 aui
439 871 543 936 nostri
569 869 725 936 insertum
751 875 821 934 erat
837 869 878 934 de
904 869 1002 935 uerbo
1028 866 1071 933 ad
1089 870 1221 933 uerbum
1238 867 1303 952 ipsi
1322 865 1482 952 priuilegio

366 977 490 1043 domini
516 977 618 1060 patris
644 978 758 1060 nostri,
785 983 817 1042 et
841 969 898 1062 pei
925 976 1009 1042 idem
1037 973 1278 1058 confirmatum
1304 995 1368 1058 que
1392 975 1483 1040 eciam

367 1083 545 1169 priuilegia
570 1083 699 1150 demum
726 1091 758 1149 et
773 1104 831 1150 nos
857 1104 956 1168 super
972 1082 1156 1150 huiusmodi
1172 1082 1354 1148 collacione
1369 1079 1483 1167 prefato

367 1192 483 1258 Comiti
500 1191 639 1257 Percino
656 1189 745 1257 facta
760 1191 991 1285 approbantes,
1020 1211 1093 1256 cum
1110 1199 1219 1257 nostro
1235 1189 1416 1256 feceramus
1431 1187 1483 1271 pri-

367 1298 488 1381 uilegio
514 1298 706 1365 confirmari.
731 1297 796 1365 Sed
820 1299 897 1382 quia
922 1300 1045 1384 placuit
1071 1298 1175 1365 eidem
1202 1297 1320 1364 Comiti
1336 1295 1482 1363 Perchinc

367 1407 486 1474 dictam
502 1413 624 1472 terram
640 1426 802 1490 exponere
823 1406 1015 1490 uendioioni,
1040 1406 1140 1490 pecijt
1167 1405 1296 1470 anobis
1314 1401 1443 1488 placide
1457 1408 1484 1464 ct

366 1516 537 1596 instantor,
554 1521 589 1579 ut
605 1513 668 1579 sibi
685 1513 725 1579 de
742 1515 856 1595 Regali
873 1513 1122 1596 magnificencia
1137 1511 1395 1592 concederemus,
1410 1505 1483 1591 quod

347 1621 489 1706 ,dictam
516 1627 635 1686 terram
654 1641 745 1686 suam
763 1619 960 1686 donaticiam
987 1619 1091 1706 possit
1106 1627 1139 1685 et
1154 1621 1265 1685 valeat
1280 1617 1384 1684 libere
1399 1635 1483 1700 expo·

367 1748 444 1794 nere
470 1727 665 1796 uendicioni.
690 1729 757 1794 Nos
782 1729 883 1812 igitur
910 1727 1004 1793 iustis
1029 1727 1172 1794 eiusdem
1191 1725 1327 1793 (lomitis
1345 1721 1486 1789 Perchini
1555 1797 1556 1822 ,

367 1837 517 1921 precibus
543 1834 767 1902 fauorabiliter
791 1845 978 1923 annuentes,
1002 1836 1223 1902 concessimus
1242 1843 1275 1900 et
1291 1831 1486 1919 permisimus

366 1942 428 2010 sibi
455 1943 596 2008 uendere
630 1945 820 2027 cuicumque
854 1945 956 2010 uellet
986 1949 1104 2009 terram
1134 1944 1371 2028 supradictam.
1405 1939 1485 2005 Idem
1555 1957 1556 1976 ¹

366 2052 476 2135 itaque
502 2051 616 2117 Comes
636 2051 812 2118 Perchinus
838 2053 871 2116 in
897 2052 1009 2118 eodem
1034 2053 1169 2118 instanti
1194 2049 1294 2136 dedit,
1314 2047 1446 2114 tradidit
1460 2052 1488 2110 et

367 2157 513 2224 uendidit
529 2177 636 2223 coram
663 2159 757 2224 nobis
772 2159 879 2243 ipsam
896 2166 1016 2225 terram
1033 2159 1074 2223 de
1089 2159 1233 2242 Ryuche,
1251 2176 1314 2239 que
1331 2155 1489 2221 uillicatns
1555 2191 1556 2264 ,

367 2265 509 2346 Machyk
535 2263 662 2343 dicitur,
687 2265 874 2330 Alexandro
891 2265 932 2330 de
949 2265 1062 2332 llehns
1088 2261 1305 2349 personaliter
1331 2263 1364 2326 in
1390 2257 1488 2326 nostri
1555 2273 1556 2354 l

366 2373 535 2457 presencia
561 2373 744 2453 constituto,
772 2393 828 2456 pro
855 2373 1001 2439 ducentis
1026 2380 1058 2438 et
1074 2375 1247 2456 sexaginta
1272 2371 1391 2437 marcis
1407 2389 1489 2436 com·
1555 2369 1556 2444 ᾖ

365 2480 472 2546 munis
489 2481 618 2563 argenti
634 2480 697 2546 sibi
715 2479 870 2565 plenarie,
889 2480 973 2545 sicut
983 2481 1077 2563 dixit,
1093 2479 1277 2565 persolutis,
1295 2481 1357 2546 sub
1373 2477 1490 2543 eisdem
1555 2459 1556 2526 l

365 2587 458 2652 metis
475 2593 507 2650 et
522 2585 666 2652 terminis
690 2586 724 2650 in
740 2587 837 2652 dictis
852 2587 1036 2671 priuilegijs
1054 2587 1308 2672 comprehensis,
1338 2590 1491 2670 perpetuo
1555 2621 1556 2640 2

365 2697 398 2758 et
423 2692 680 2758 inreuocabiliter
704 2692 947 2778 possidendam.
978 2695 1018 2759 Vt
1044 2694 1143 2777 igitur
1168 2693 1263 2758 huius
1290 2689 1493 2758 condicionis
1555 2677 1556 2702 i

364 2799 465 2865 series
491 2819 530 2864 ex
546 2806 659 2866 nostra
679 2800 891 2884 permissione
916 2802 1002 2866 facte
1022 2807 1179 2886 perpetuo
1204 2807 1410 2884 perseueret,
1436 2817 1495 2863 nec
1555 2845 1556 2862 r

363 2927 421 2990 per
437 2909 622 2991 quempiam
648 2908 750 2990 possit
774 2907 807 2972 in
824 2907 949 2973 irritum
977 2908 1164 2992 retractari;
1191 2914 1363 2990 presentes
1388 2906 1495 2974 eidem

363 3013 553 3079 Alexandro
570 3012 687 3078 Oomiti
707 3013 855 3080 dedimus
872 3015 1008 3098 litteras,
1029 3014 1167 3100 duplicis
1184 3013 1289 3098 sigilli
1306 3014 1413 3080 nostri
1431 3031 1495 3077 mu·
1555 3091 1556 3094 Ἴ

362 3119 484 3187 nimine
501 3123 677 3186 roboratas.
702 3121 824 3186 Datum
850 3142 909 3206 per
935 3141 1050 3188 manus
1067 3119 1213 3204 Magistri
1229 3119 1403 3186 Benedicti
1423 3123 1498 3185 Pre-

364 3228 462 3310 positi
479 3226 639 3292 Budensis
664 3227 741 3292 aule
761 3231 870 3292 nostre
886 3226 965 3292 Vioe
981 3224 1177 3312 (lancellarij
1199 3225 1311 3292 dilecti
1333 3233 1366 3291 et
1391 3226 1499 3290 tidelis

362 3333 467 3397 nostri
483 3353 569 3396 anno
584 3331 716 3396 Domini
741 3330 913 3397 millesimo
930 3331 995 3397 00⁰
1011 3333 1252 3417 septuagesimo
1272 3342 1405 3418 quarto,
1434 3335 1500 3418 pri-

363 3437 417 3501 die
434 3437 507 3501 idus
525 3437 686 3524 Januarij,
704 3439 808 3522 Regni
829 3445 937 3504 antem
953 3441 1056 3506 nostri
1082 3460 1167 3505 anno
1193 3440 1350 3506 secundo.
1378 3442 1500 3506 Metro-

363 3543 472 3626 polica
504 3543 591 3608 Sede
622 3544 853 3627 Strigoniensis
884 3547 1030 3612 Ecclesia
1062 3553 1218 3629 vacante;
1243 3547 1504 3612 venerabilibus
1555 3629 1556 3636 ἵ

361 3649 509 3734 patribus
525 3649 688 3734 Stephano
705 3653 875 3717 Golocensi
902 3658 933 3717 et
948 3653 1096 3718 Johanne
1115 3653 1304 3737 Spalatensi
1324 3653 1504 3738 Archiepi·

361 3759 488 3844 scopis;
515 3758 687 3842 Lamperto
711 3759 883 3841 Agriensi,
907 3759 1034 3825 Briccio
1054 3760 1287 3845 Chanadiensi,
1313 3760 1380 3827 Job
1398 3760 1507 3838 Quin·
1555 3811 1556 3814 ,

360 3863 634 3950 queecclesiensi,
663 3865 763 3929 Panlo
780 3865 1030 3950 Wesprimiensi
1051 3867 1125 3931 aule
1140 3872 1249 3932 nostre
1267 3867 1509 3951 Cancellari03

359 3972 534 4058 Phylyppo
551 3971 717 4036 Waciensi
743 3973 818 4037 aule
835 3969 967 4038 domine
987 3975 1108 4056 Regine
1133 3973 1308 4040 karissime
1335 3977 1511 4043 consortis

359 4082 470 4142 nostre
495 4077 722 4160 Cancellari03
747 4077 940 4144 Lodomerio
967 4079 1183 4162 Waradiensi,
1212 4083 1431 4165 Thymotheo
1451 4085 1513 4148 Za-

358 4183 532 4268 grabiensi,
550 4186 709 4266 Dyonisio
726 4185 892 4252 lauriensi
909 4193 941 4251 et
956 4187 1052 4252 Petro
1064 4189 1304 4254 Transsssnano
1321 4189 1514 4274 Episcopis

359 4291 525 4357 Ecclesias
543 4292 605 4356 Dei
621 4291 758 4356 feliciter
773 4291 1040 4373 gubernantibus.
1074 4293 1233 4378 Dyonisio
1248 4295 1430 4378 Palatino,
1452 4295 1515 4362 Go-

357 4397 436 4463 mite
462 4396 502 4462 de
528 4396 662 4480 Oclyclr,
689 4396 806 4462 Judice
833 4397 1067 4482 Cumanornm3
1102 4401 1236 4466 Herrico
1265 4402 1363 4468 Bano
1399 4405 1517 4470 tocius

357 4505 552 4587 Sclauonie5
570 4503 716 4586 Nycolao
734 4504 904 4587 Woyuoda
920 4505 1136 4570 Transilvano
1153 4505 1280 4570 Gemite
1299 4509 1342 4574 de
1362 4512 1519 4598 Zonuk3
