3140 5150
855 749 932 818 147.

335 949 385 1016 Aa
410 953 590 1037 mzterpumi
614 951 839 1036 kdptatuanak
863 947 1126 1036 bizonyadqteoele
1135 997 1145 1029 ,
1169 949 1251 1032 tropy
1273 941 1366 1012 Cito-i
1386 945 1461 1008 Len-

273 1057 275 1061 ’
335 1058 433 1124 donec
451 1059 517 1144 fiai
540 1058 660 1122 retitkct
685 1054 818 1142 Godyno
843 1080 943 1124 comeo
972 1053 1156 1140 asatorpomi
1171 1053 1356 1139 polpdrnclc
1380 1052 1461 1118 etud-

808 1167 872 1235 tcttc.
893 1166 989 1234 1278.
1413 1172 1423 1183 ‘

604 1364 635 1431 A
895 1365 921 1430 B
1170 1357 1196 1424 0

446 1522 633 1610 Capitulum
648 1523 796 1592 Ecclesia
811 1521 1044 1608 strigoniensis
1061 1520 1212 1588 omnibus
1228 1518 1349 1588 Christi
1364 1517 1461 1584 fideli·

338 1631 399 1699 bus
415 1639 580 1717 presentes
606 1632 734 1700 litteras
760 1631 953 1718 inspecturis
970 1631 1108 1698 salutem
1133 1630 1167 1696 in
1192 1629 1334 1696 omnium
1360 1630 1462 1698 salua-

339 1745 417 1808 tore.
453 1739 505 1806 Ad
531 1741 754 1808 uniuersorum
783 1740 938 1808 noticiam
964 1747 1076 1806 tenore
1092 1738 1292 1823 presencium
1317 1738 1462 1804 volumm

338 1847 525 1934 peruenire,
551 1848 637 1932 quod
662 1847 843 1934 Dyonisius
868 1855 900 1914 et
924 1846 1072 1914 Andreas
1098 1845 1156 1929 filij
1177 1843 1341 1928 quondam
1357 1843 1462 1909 Lende

339 1953 380 2019 de
410 1953 481 2021 Ohu
511 1973 619 2021 coram
645 1955 738 2022 nobis
770 1953 983 2040 personaliter
1014 1953 1181 2020 constituti
1213 1949 1352 2018 confessi
1383 1958 1461 2034 sunt,

340 2060 428 2144 quod
442 2060 519 2145 qnia
536 2062 600 2147 ipsi
616 2063 776 2150 compulsi
793 2069 825 2128 et
841 2063 940 2128 artati
956 2060 1085 2126 fuerant
1110 2060 1222 2126 ordine
1248 2059 1408 2126 iudicatio
1425 2055 1462 2122 ad
1555 2151 1556 2156 ἵ

340 2167 533 2235 soluendam
549 2167 658 2236 dotem
675 2170 787 2237 relicte
802 2167 949 2236 Ladizlai
964 2167 1023 2252 filij
1040 2167 1147 2252 Lnger
1164 2166 1297 2251 cognati
1314 2165 1462 2251 ipsorum,
1555 2185 1556 2200 ¹

340 2281 371 2343 et
385 2276 490 2361 ipsam
507 2273 615 2342 dotem
630 2295 694 2342 non
705 2283 854 2362 poterant
873 2275 958 2342 alias
977 2275 1146 2342 commode
1162 2275 1300 2360 soluere,
1326 2279 1362 2338 ut
1377 2273 1461 2339 dixe-

341 2391 435 2468 runt,
458 2385 603 2450 fenetum
631 2404 723 2451 suum
741 2383 782 2450 de
800 2383 972 2468 Oholnuk,
1007 2383 1094 2466 quod
1118 2382 1153 2447 in
1179 2400 1297 2466 magno
1323 2385 1416 2463 prato
1432 2399 1463 2444 se
1555 2391 1556 2406 ¹

341 2489 515 2574 habuisse,
539 2491 624 2574 quod
645 2491 747 2558 eciam
774 2489 1004 2559 hereditarium
1023 2511 1117 2557 suum
1133 2489 1234 2556 inisse
1251 2493 1463 2570 asseruerunt,
1555 2489 1556 2544 l

341 2598 558 2666 uendiderunt
588 2604 621 2679 et
651 2601 879 2666 alienauerunt
913 2599 1054 2667 totaliter
1085 2597 1202 2665 Comiti
1233 2595 1373 2682 Godyno
1404 2593 1462 2660 ciui

342 2705 576 2792 Strigouiensi,
600 2712 632 2773 et
658 2727 714 2792 per
740 2728 813 2774 cum
828 2707 897 2775 suis
914 2705 1086 2773 heredibus
1104 2704 1324 2787 heredumque
1338 2721 1464 2770 suorum
1555 2731 1556 2740 κ

343 2816 584 2884 successoribus
610 2835 669 2901 pro
694 2815 820 2884 duabus
847 2816 964 2882 marcis
983 2815 1066 2882 finiti
1083 2813 1210 2898 argenti
1227 2814 1298 2878 iure
1314 2819 1465 2896 perpetuo

345 2921 595 3009 possidendum
635 2931 668 2990 et
698 2925 788 3009 ipsas
820 2925 901 2991 duas
925 2943 1052 2991 marcas
1078 2921 1159 2988 finiti
1185 2921 1312 3005 argenti
1329 2917 1465 2986 confessi

343 3037 419 3098 snnt
437 3029 609 3097 abeodem
636 3029 775 3116 Godyno
802 3031 925 3097 Gemite
948 3051 985 3096 se
1009 3028 1155 3116 plenarie
1181 3026 1362 3112 recepisse,
1388 3027 1465 3091 etin
1555 3043 1556 3070 r

343 3137 450 3204 dotem
468 3138 645 3221 predictam
656 3137 865 3224 persoluisse.
886 3140 1038 3204 Preterea
1058 3137 1189 3204 domina
1206 3141 1310 3200 mater
1327 3135 1465 3217 ipsorum
1555 3203 1556 3228 ξ

343 3243 494 3329 Dyonisij
513 3252 545 3310 et
560 3244 699 3327 Andree,
717 3243 832 3328 relicta
847 3242 965 3330 Lenda,
992 3251 1024 3313 et
1049 3244 1150 3312 frater
1175 3239 1349 3310 eorundem
1366 3242 1467 3306 iunior

342 3350 493 3418 Demenk
509 3352 655 3436 nomine,
696 3371 804 3418 coram
828 3350 957 3418 homine
981 3359 1110 3437 nostro,
1144 3370 1239 3435 quem
1273 3348 1316 3413 aul
1339 3347 1467 3414 eosdem
1555 3343 1556 3350 ’

344 3459 546 3543 miseramus,
570 3458 712 3526 confessi
738 3466 814 3526 sunt
839 3460 944 3528 eciam
965 3460 1143 3546 predictum
1159 3458 1301 3524 fenetum
1319 3455 1360 3521 de
1376 3453 1468 3520 Chol·
1555 3475 1556 3506 1

345 3565 414 3632 nuk
430 3565 471 3631 ob
487 3567 680 3649 premissam
698 3587 830 3636 oausam
858 3567 947 3634 dotis
964 3569 1082 3635 Comiti
1099 3565 1236 3652 Godyno
1254 3571 1286 3629 et
1303 3563 1404 3647 ipsius
1420 3561 1470 3628 he·

344 3673 476 3741 reditus
503 3673 669 3741 uenditum
695 3673 794 3743 tuisse
819 3676 859 3743 de
880 3697 990 3744 eorum
1007 3676 1173 3742 uoluntate
1190 3679 1221 3739 et
1237 3687 1409 3736 consensu.
1436 3667 1470 3733 ln

345 3785 436 3852 cuius
461 3781 509 3850 rei
534 3781 752 3850 testimonium
783 3790 816 3850 et
843 3784 1032 3851 memoriam
1052 3781 1094 3851 ad
1114 3780 1307 3868 peticionem
1322 3775 1470 3861 parcium

343 3898 510 3976 presentes
527 3891 745 3958 concessimus
763 3891 886 3960 litteras
911 3890 1014 3974 sigilli
1029 3889 1133 3958 nostri
1148 3885 1323 3954 munimine
1337 3883 1471 3950 roboru-

346 4009 407 4066 tas.
432 4000 553 4064 Datum
569 4016 626 4080 per
643 4017 755 4064 manus
771 3998 918 4082 Magistri
938 3998 1021 4065 Sixti
1038 3997 1186 4066 Ecclesia
1202 4002 1312 4062 nostre
1325 3993 1472 4060 Lectoris
1555 4007 1556 4088 j

345 4127 432 4174 anno
447 4103 579 4172 Domini
595 4105 768 4173 millesimo
786 4105 850 4174 00ο
867 4107 973 4174 LXX⁰
990 4107 1082 4208 Vlll⁰
1098 4106 1132 4171 in
1147 4101 1254 4172 idibus
1270 4105 1290 4171 J
1294 4100 1364 4184 ulij.

347 4269 484 4334 (Eredetie
498 4263 674 4334 birhartytn,
688 4268 798 4333 melyriil
809 4285 824 4320 a
834 4267 926 4336 peccet
939 4261 1344 4332 utros·uirga-atld·riolasaintt
1360 4261 1472 4328 salyem-

524 4355 649 4408 asinoron
672 4357 748 4423 sugg,
766 4373 783 4409 a
805 4359 887 4410 budai
901 4359 952 4408 kir.
966 4359 1089 4410 kamarai
1103 4351 1294 4419 lavtlttrban.)

802 4553 1014 4566 *a*
