3080 5160
844 987 919 1058 243.

321 1202 370 1268 As
387 1207 454 1290 eps
469 1203 691 1291 luptuhnnab
706 1207 977 1296 tempusue,
994 1211 1076 1296 sopp
1091 1208 1236 1274 ubsola
1246 1191 1444 1296 zoipumu

313 1315 362 1398 flu
379 1316 410 1379 de
426 1313 538 1378 Midou
553 1314 791 1400 Tumdsuukfiu
807 1315 920 1384 Buten
936 1318 1004 1384 tend
1020 1318 1132 1384 drbkb's
1147 1315 1333 1383 hietokulera
1347 1319 1443 1383 uisne

316 1495 319 1502 Δ
399 1445 419 1486 u
434 1417 575 1486 Chauud
589 1423 822 1510 uemzetadpheli
835 1427 1022 1493 nemesekkel
1038 1424 1250 1514 eppezkedtele.
1267 1423 1366 1490 1282.

430 1633 586 1705 Omnibus
611 1637 732 1707 Christi
748 1639 900 1710 fidelibus
915 1647 982 1708 tem
997 1641 1200 1729 presentibus
1216 1659 1313 1724 quam
1329 1638 1446 1707 tuturis

325 1765 459 1834 presens
485 1747 641 1833 seriptum
674 1747 869 1835 inspecturis
894 1748 1081 1836 Capitulum
1107 1747 1250 1815 Euelesie
1275 1747 1447 1832 Agriensis

324 1856 462 1923 sulutem
478 1853 663 1922 iuomuium
680 1855 914 1924 saluatorehd
926 1859 1145 1926 uniuersorum
1161 1855 1315 1924 notieiam
1331 1862 1446 1923 tenore

331 1963 533 2050 presencium
558 1962 704 2030 volumus
729 1966 917 2051 peruenire;
943 1965 1028 2050 quod
1046 1963 1188 2033 Rathold
1211 1963 1297 2032 iilius
1322 1964 1452 2049 Zeryne

330 2080 363 2137 et
378 2073 500 2158 Mykou
515 2070 600 2139 tilius
616 2071 740 2140 Thomu
756 2073 797 2140 ab
813 2093 878 2140 uua
893 2081 995 2160 parte,
1015 2075 1056 2140 ub
1073 2073 1178 2140 altera
1192 2093 1269 2140 reru
1285 2071 1407 2158 Symon
1420 2080 1451 2140 et

328 2181 449 2247 Paulus
465 2179 522 2266 tilij
537 2179 675 2246 Obanad
691 2201 749 2266 pro
765 2201 811 2265 se,
828 2189 861 2250 et
876 2204 934 2269 pro
944 2181 1048 2268 chub,
1064 2181 1209 2249 Emeriuo
1226 2187 1259 2246 et
1275 2181 1451 2248 Benedietu

327 2289 481 2356 tratribus
497 2291 574 2374 suis,
591 2290 668 2356 item
679 2290 782 2360 dietus
798 2292 919 2361 Paulus
933 2313 992 2379 pru
1006 2292 1127 2378 Mykuv
1142 2291 1209 2358 tilio
1225 2289 1369 2374 Nieulai,
1386 2289 1450 2354 hn-

331 2395 425 2463 dress
441 2398 526 2465 filius
542 2395 680 2488 Andree,
696 2399 871 2468 Ladizlaus
889 2401 975 2468 filius
996 2401 1168 2487 humperti,
1184 2399 1351 2467 lohannes
1367 2399 1455 2465 filius

329 2505 477 2573 Siluestri
502 2507 608 2591 eth
623 2505 708 2575 tilius
725 2508 863 2576 Iwauka
878 2509 919 2576 de
935 2527 1052 2593 genere
1067 2509 1139 2595 wg,
1154 2527 1292 2575 vnaeum
1308 2506 1452 2592 Stepha-

327 2634 369 2678 nu
380 2613 471 2680 Banu
481 2612 548 2681 filio
564 2615 699 2683 Comitis
714 2617 798 2683 Ders
814 2623 845 2684 et
862 2617 1056 2686 Comitelob
1072 2614 1139 2682 lilio
1154 2616 1258 2682 Janus
1274 2613 1315 2681 de
1331 2613 1450 2681 eadem

329 2723 560 2807 generaeioue‚
592 2745 699 2792 eoram
724 2726 817 2792 uobis
841 2725 1055 2812 personaliter
1079 2724 1250 2792 constituti
1275 2721 1430 2789 dixerunt
1447 2747 1466 2821 εΙ

329 2827 463 2912 quadiu
480 2851 588 2917 eausa,
606 2830 683 2920 (que
710 2833 750 2932 de
765 2831 868 2922 fautu)
886 2834 1046 2921 partieule
1072 2840 1158 2901 terre
1189 2831 1331 2919 ipsorum
1363 2831 1456 2898 bere-

331 2933 446 3002 ditarie
471 2939 512 3006 de
536 2939 594 3006 Bel
620 2942 820 3030 mouebatur,
836 2943 921 3009 inter
936 2949 1045 3030 partes
1071 2940 1289 3008 mediantibus
1314 2940 1393 3006 viris
1411 2940 1454 3008 de

331 3049 543 3127 genereuioue
562 3071 623 3118 suu
642 3051 683 3118 sd
708 3052 831 3120 firmam
847 3054 939 3139 pasis
959 3053 1109 3120 unionem
1126 3049 1322 3117 deuenerunt
1338 3048 1401 3138 (et)
1420 3051 1454 3116 iu

330 3165 509 3224 memorata
525 3163 612 3226 terra
628 3181 688 3228 sua
703 3162 803 3228 talem
819 3161 905 3228 inter
921 3181 956 3229 se
971 3159 1126 3229 fecissent
1142 3159 1352 3227 diuisionem:
1367 3157 1457 3242 quud

333 3262 537 3332 medietatem
564 3266 649 3335 dicte
673 3269 833 3352 particule
855 3275 938 3337 terre
952 3267 996 3334 ad
1010 3269 1142 3336 fluuium
1158 3267 1245 3352 Egur
1260 3267 1421 3334 iuuentem
1439 3287 1461 3332 a

334 3385 427 3456 parte
454 3373 647 3442 oeuidentali
673 3377 818 3444 habitam
834 3415 878 3426 -
894 3415 937 3426 -
955 3415 993 3426 -
1016 3415 1054 3426 -
1075 3373 1276 3460 edifieijsque
1292 3413 1336 3423 -
1355 3415 1392 3426 -
1416 3413 1454 3422 -

333 3479 528 3550 utilitatibus
549 3491 581 3550 et
600 3485 808 3577 pertiuenuijs
825 3487 892 3556 suis
908 3486 1067 3554 eommuui
1092 3505 1251 3553 eonseusu
1266 3489 1299 3552 et
1314 3485 1386 3570 puri
1403 3507 1458 3552 vu-

334 3585 459 3656 luntate
469 3590 668 3660 dimisissent
682 3593 838 3662 Ratholth
853 3602 885 3662 et
902 3593 1025 3682 Mykuv
1042 3629 1080 3641 -
1099 3629 1143 3642 -
1159 3630 1203 3641 —
1219 3629 1262 3641 -
1278 3591 1457 3660 heredibus

336 3685 553 3784 heredumque
563 3723 693 3771 suorum
703 3703 942 3772 suecessoribus
956 3739 992 3751 -
1008 3738 1045 3752 -
1060 3709 1268 3788 -perpetuo
1285 3703 1459 3787 possiden·

336 3803 411 3872 dum
420 3815 452 3874 et
464 3809 644 3878 habendam
658 3844 665 3878 ι
684 3813 790 3880 altera
804 3818 898 3900 parte
913 3809 1066 3880 videlieet
1081 3832 1102 3877 a
1118 3818 1213 3896 parte
1229 3810 1380 3878 orientali
1396 3813 1464 3878 exi-

336 3920 442 3981 stente
459 3917 572 3984 eudem
591 3920 687 3989 modo
713 3941 784 3989 eum
805 3919 1000 3988 utilitatibus
1017 3925 1050 3985 et
1064 3917 1272 4004 pertineneijs
1299 3919 1462 3985 uniuersis

338 4021 433 4089 dietis
458 4025 535 4109 filijs
553 4025 689 4097 Chanad
705 4037 737 4096 et
752 4031 850 4115 soeijs
867 4027 1044 4096 eorundem
1063 4026 1251 4093 memoratis
1268 4033 1300 4092 et
1316 4027 1462 4110 ipsorum

334 4129 508 4201 heredibus
518 4136 734 4222 heredumque
744 4139 982 4207 sumessoribus
998 4135 1096 4204 simili
1106 4133 1202 4202 modo
1212 4141 1371 4222 perpetuo
1387 4155 1462 4219 pos·

337 4239 507 4310 sideudam
524 4249 556 4310 et
580 4243 775 4314 habendam.
801 4248 886 4314 Mete
910 4251 1020 4314 autem
1044 4249 1130 4310 terre
1155 4241 1277 4310 eisdem
1303 4241 1461 4308 Ratboltb

336 4356 369 4417 et
384 4351 503 4438 Mykov
517 4353 692 4439 assignate,
716 4355 803 4421 sieut
825 4360 935 4441 partes
960 4371 1069 4420 eoram
1085 4349 1179 4419 uubis
1195 4351 1381 4436 recitarunt,
1398 4349 1462 4415 hoe

340 4457 455 4528 ordine
470 4458 706 4547 distinguntur:
738 4462 846 4530 Prima
870 4469 956 4530 mata
978 4459 1092 4545 insipit
1116 4457 1205 4544 apud
1231 4465 1351 4524 metam
1378 4465 1464 4524 terre

340 4567 473 4634 comitis
497 4569 587 4636 Keue
602 4569 659 4660 filij
680 4568 792 4655 lpuleh
807 4571 901 4638 iuxta
921 4569 1043 4636 dietum
1067 4565 1199 4632 fluuium
1216 4565 1305 4648 ligur
1320 4564 1409 4652 apud
1422 4601 1460 4612 -

342 4709 385 4724 -
397 4671 450 4758 di;
465 4675 540 4740 iude
555 4695 655 4769 supra
670 4674 806 4748 eundem
821 4677 954 4754 fluuium
969 4671 1177 4764 prosedendo
1197 4673 1336 4744 flectitur
1351 4693 1467 4743 uersus
