3080 5160
655 271 670 304 .

572 333 729 433 EQ.

89 531 264 624 Elysabeth
289 531 330 599 de
345 531 458 598 Insula
472 531 573 598 Beate
588 529 734 614 Uirginis
758 527 860 596 sorori
885 527 1006 594 domini
1023 527 1124 595 nostri
1141 529 1203 594 Re·

90 645 148 732 gis,
166 642 444 710 Excellentissime
460 639 589 708 donnino
605 645 736 727 nostre,
764 637 998 706 oemmissimus
1026 640 1135 706 omnin
1149 638 1208 704 illa

92 753 255 820 obseruari
271 749 558 818 leniendaDatnm
569 749 656 836 apud
672 747 818 818 Sombuk
829 747 863 814 in
880 745 969 815 Cena
984 745 1113 815 Domini
1123 763 1209 812 anno

91 859 235 928 eiusdem
252 857 501 927 roceam
519 857 631 927 ternio.

89 1075 228 1142 (Erodttie
239 1073 415 1143 borhtrtytn,
435 1091 452 1128 o
470 1073 548 1128 sttui
562 1075 741 1142 odonyomott
761 1073 907 1142 poosttnek
919 1070 992 1126 atoni
1009 1070 1207 1140 maradrtnyei

248 1165 311 1236 meg
331 1167 543 1236 megrannak,a
560 1166 644 1220 tadei
663 1167 715 1219 kir.
734 1167 858 1219 lramml
877 1160 1064 1230 reserarem.)

542 1437 755 1452 u-——u-u—-wuv

615 1911 691 1982 258.

87 2109 237 2178 Abodai
251 2110 479 2198 tapalaaaat
496 2110 761 2200 bizonyrdgleoele
770 2162 781 2194 ,
805 2117 887 2201 kopp
912 2108 999 2200 Sapo·
1020 2110 1123 2180 Jeme
1139 2107 1209 2194 Sap

87 2220 270 2308 helprepben
285 2221 352 2286 levo
366 2221 457 2309 oppilo
472 2219 666 2288 birtnlrtezdt
681 2243 703 2288 o
717 2220 907 2310 aysiieeipetr'
923 2216 1208 2310 apaaazarcta'nat

532 2329 648 2396 clarita.
665 2330 763 2398 1283.

357 2535 385 2594 Δ
645 2529 671 2595 Β
864 2587 869 2600 ,
917 2523 942 2591 G

195 2685 264 2754 Nos
289 2686 473 2772 capitulum
499 2688 657 2757 Brrdensis
682 2689 830 2758 Eoolesio
855 2687 1076 2774 signifieamns
1092 2685 1209 2770 onibus

90 2793 223 2881 expedit
238 2796 419 2883 uniuersis,
445 2797 528 2882 qnod
544 2797 708 2867 lohannes
732 2798 816 2865 filins
832 2799 919 2864 Petri
944 2795 1061 2864 nobilis
1085 2794 1126 2860 (le
1141 2793 1208 2878 Sap

88 2903 131 2968 ob
149 2921 215 2968 una
230 2909 341 2990 parte,
359 2911 391 2970 et
415 2905 661 2974 Bartholomeus
686 2903 836 2973 officialis
860 2925 1005 2972 sororum
1031 2901 1072 2970 de
1094 2901 1209 2970 Insula

87 3009 193 3077 Beate
208 3009 352 3096 Uirginis
377 3033 435 3098 pro
460 3015 620 3081 uniuersis
646 3015 810 3082 sororibus
834 3013 877 3082 de
899 3011 1014 3080 eadem
1036 3031 1076 3079 ex
1092 3009 1207 3098 altera,

87 3139 199 3186 eoram
215 3119 307 3187 nobis
322 3123 539 3206 personaliter
553 3123 730 3210 constituti,
748 3122 912 3208 prediatus
930 3119 1094 3188 Jnhennes
1105 3137 1206 3206 quan-

88 3226 166 3293 dam
182 3232 367 3314 porcionem
396 3229 438 3298 de
462 3236 551 3298 terra
565 3251 625 3298 sna
655 3230 852 3299 hereditaria
868 3209 936 3315 Sap
960 3234 1097 3315 uocata,
1114 3226 1207 3294 metis

88 3335 281 3420 subscriptis
297 3335 492 3425 distinctam,
509 3358 566 3425 per
582 3337 743 3406 hominem
758 3345 903 3406 nostrum
919 3336 1079 3420 ydoneum
1095 3335 1137 3403 ad
1147 3335 1209 3402 hoo

87 3445 277 3531 specialiter
287 3445 475 3532 deputatum
485 3449 731 3534 reambulatarn,
740 3447 830 3514 nullo
839 3447 966 3532 penitus
977 3443 1209 3512 contradictore

87 3558 285 3637 apparente,
310 3554 477 3623 ooniossns
501 3561 551 3622 est
576 3575 612 3622 se
629 3554 816 3624 uendidisse
842 3555 964 3623 eisdem
988 3554 1151 3622 sororibus
1177 3559 1210 3620 et
1274 3625 1278 3634 ,

89 3659 236 3728 Enelesie
250 3661 352 3729 Beate
373 3661 519 3747 Uirginis
550 3663 591 3731 de
616 3664 729 3733 Insula
754 3685 812 3750 pro
837 3664 971 3748 triginta
993 3663 1112 3731 mareis
1127 3661 1209 3730 finiti

88 3769 217 3854 argenti
248 3770 345 3856 plene
376 3770 515 3856 receptis
531 3779 688 3859 perpetuo
703 3770 952 3858 possidendam
983 3789 1209 3856 assumpmens

88 3877 222 3963 insuper
236 3875 324 3945 idem
340 3877 507 3948 Johannes
522 3882 612 3966 ipsas
630 3901 757 3949 sorores
773 3887 806 3947 et
822 3882 1000 3948 Ecclesiam
1018 3879 1117 3947 Beato
1138 3877 1208 3947 Uir·

90 3987 176 4070 ginis
192 3991 367 4052 memorate
389 3989 430 4054 ab
456 3989 604 4057 omnibus
630 3989 799 4056 oooasione
827 3986 912 4054 dieto
944 3987 1102 4074 partioole
1126 3993 1210 4054 terre

90 4095 264 4160 molestare
278 4093 466 4162 uolentibus
483 4095 657 4166 defensare
671 4115 730 4164 sno
745 4098 857 4164 labore
868 4095 998 4182 proprio
1010 4101 1042 4162 et
1058 4114 1209 4180 expensa

90 4200 269 4268 Distinooio
285 4209 393 4270 autem
419 4211 576 4272 metarum
600 4203 684 4272 dioto
708 4205 888 4291 partionis,
905 4211 1000 4289 prout
1024 4203 1138 4272 eodem
1154 4200 1209 4269 ho·

91 4309 176 4377 mine
191 4317 300 4410 nostro
316 4310 535 4380 intelleximus
560 4313 740 4400 referente,
774 4314 835 4380 hoo
851 4311 965 4380 ordine
982 4309 1209 4398 distinximns;

90 4417 199 4484 Prima
214 4424 301 4485 meta
316 4418 430 4506 incipit
445 4441 466 4486 a
487 4426 580 4506 parte
604 4421 753 4488 orientali
768 4439 867 4506 super
881 4425 1019 4505 pratum,
1038 4441 1058 4482 a
1074 4438 1136 4501 qno
1151 4439 1210 4504 per

92 4525 232 4592 medium
247 4523 414 4594 cuiusdam
431 4527 570 4596 nemoris
580 4527 730 4614 peruenit
740 4527 782 4594 ad
799 4527 943 4594 arborem
954 4525 1019 4613 piri
1036 4526 1208 4611 siluestris,

94 4633 204 4700 subtus
221 4653 317 4716 qnam
333 4643 409 4701 sunt
424 4637 487 4702 dne
503 4643 606 4720 mete;
628 4635 704 4704 inde
720 4634 824 4702 tendit
840 4634 883 4702 ad
898 4639 1050 4721 montem,
1065 4635 1121 4702 nbi
1136 4645 1210 4703 sunt
