3080 5160
865 1027 939 1095 aut.

313 1351 317 1356 Ι
349 1265 441 1330 Troo
456 1267 550 1328 odros
574 1265 726 1350 butoudqu
757 1263 923 1350 Votetpoor
948 1267 1037 1330 troni
1056 1267 1189 1354 poipdrt
1202 1263 1459 1350 fettututmozzo,

345 1377 425 1460 bopy
440 1399 461 1437 u
476 1372 656 1458 meuuyibou
671 1373 849 1457 tajojoban
864 1379 894 1439 e'u
909 1372 1125 1440 terotedetmt
1141 1371 1316 1440 ozikkoibeu
1327 1368 1458 1458 Spututo

344 1487 437 1548 odron
460 1482 543 1548 strat
568 1481 826 1566 ipuzudptuluurtl
841 1481 1068 1563 koroutttutott,
1077 1482 1228 1569 foplulcta
1242 1485 1339 1566 uttjriu
1353 1485 1458 1565 mupcu'·

556 1590 622 1654 nuk
636 1589 866 1656 tondunitdat
881 1591 1131 1656 ozkozutteoen.
1149 1590 1245 1655 1283.

453 1841 491 1906 In
516 1837 636 1905 Christi
670 1839 799 1907 nomine
831 1841 942 1906 Amen.
973 1841 1067 1908 Anno
1099 1840 1290 1908 Natiuitatis
1319 1839 1456 1908 eiusdem

345 1948 459 2016 M⁰GG⁰
473 1945 613 2014 LXXX⁰
628 1947 729 2014 teroio
744 1947 797 2014 die
814 1947 890 2014 lune
905 1947 964 2014 XI.
980 1948 1100 2016 mensis
1115 1948 1265 2032 Januurij
1283 1948 1341 2014 XI.
1356 1948 1455 2012 indie-

350 2045 466 2140 oionu;
482 2055 679 2142 temporibus
696 2056 815 2122 domiui
831 2055 975 2123 Ladislai
986 2057 1047 2122 Dei
1056 2059 1168 2140 grauia
1183 2055 1386 2122 Serenissimi
1401 2055 1457 2118 Re-

346 2164 396 2249 gis
424 2163 577 2248 Vngarie
603 2164 797 2230 venerabilis
811 2165 915 2250 patris
933 2164 1054 2231 domini
1080 2163 1225 2249 Gregorij
1252 2165 1315 2230 Dei
1346 2163 1453 2246 grauia

346 2269 744 2357 bbagnriensisEpiroopi,
754 2277 787 2338 et
802 2270 917 2338 nobilis
935 2273 998 2339 viri
1015 2271 1134 2340 domini
1150 2271 1318 2338 Pranuisoi
1333 2267 1454 2336 Paletri

346 2379 386 2446 de
410 2377 559 2462 Veueoijs
583 2379 760 2447 Potestutis
781 2380 943 2464 Tragurij.
959 2378 1025 2446 Nos
1045 2379 1237 2446 Pranoisous
1252 2380 1399 2446 Faletrus
1414 2375 1455 2442 de

345 2485 494 2572 Veneoijs
519 2487 665 2554 Potestas
690 2487 839 2572 Tragurij
867 2488 1009 2573 presenti
1029 2487 1159 2572 publiea
1172 2486 1331 2573 seriptum
1345 2490 1456 2552 notum

344 2593 479 2660 faoimus
503 2599 536 2660 et
550 2597 714 2677 testamur,
732 2594 817 2678 quod
834 2593 910 2662 olim
926 2594 1046 2680 pluries
1062 2617 1118 2681 per
1133 2596 1270 2664 nuneios
1287 2592 1457 2662 oblitteras

346 2699 504 2786 speciales
546 2700 701 2768 Potestati
741 2702 868 2788 Spalati
900 2709 931 2769 et
971 2703 1137 2770 Communi
1173 2705 1277 2789 ipsius
1306 2711 1392 2769 torre
1419 2719 1456 2766 en

344 2813 437 2894 parte
450 2814 561 2875 nostra
576 2815 608 2876 et
628 2810 728 2876 tocius
744 2810 874 2895 Consilij
892 2811 1042 2880 Ciuitatis
1057 2811 1208 2896 Tragurij
1232 2808 1454 2878 transmissum

344 2917 458 3004 extitit,
469 2923 504 2984 vt
512 2917 726 2984 amicabiliter
740 2917 863 3002 lignum
879 2927 911 2985 et
926 2939 977 2985 res
994 2920 1077 2986 alias
1093 2919 1251 3004 Vuloigne
1267 2917 1330 2985 uiui
1346 2923 1457 2982 nostro

345 3026 470 3094 restitui
486 3026 641 3112 iacerent,
652 3026 737 3110 quod
748 3033 780 3094 et
796 3047 876 3112 quas
891 3028 1065 3096 incivitate
1082 3027 1207 3114 Spalati
1223 3027 1297 3113 oapi
1312 3031 1344 3092 et
1360 3025 1457 3090 intro·
1523 3013 1524 3024 ’

343 3133 426 3200 mitti
442 3135 585 3202 fecerant
594 3134 736 3204 indebite
746 3144 779 3202 et
789 3137 858 3204 siue
868 3137 979 3205 ordine
1003 3135 1154 3221 racionis,
1172 3137 1286 3221 quibus
1302 3129 1457 3200 Potestati

343 3248 375 3308 et
400 3241 565 3309 Communi
589 3242 716 3328 Spalati
739 3243 844 3311 dietus
863 3245 1022 3329 Vuloigna
1036 3265 1101 3312 non
1118 3245 1306 3328 tritaeque
1322 3240 1453 3307 estout-

267 3393 270 3400 ·
346 3346 463 3433 pabilis
477 3349 548 3416 'vllo
564 3351 667 3433 modo,
684 3352 754 3434 ipse
770 3350 919 3418 Potestas
935 3357 967 3418 et
981 3351 1155 3420 Commune
1163 3351 1263 3436 ipsius
1277 3357 1363 3416 terre
1378 3349 1458 3430 Spa·

281 3447 284 3454 '
346 3453 406 3520 lati
426 3453 545 3522 dietum
563 3458 684 3541 lignum
701 3465 732 3524 et
747 3478 798 3524 res
813 3459 933 3527 iniuste
947 3459 1091 3526 detinent
1107 3465 1220 3525 eontra
1234 3459 1338 3524 Deum
1355 3464 1387 3522 et
1401 3453 1457 3519 bo-

217 3549 221 3556 ’
346 3564 464 3646 mines;
482 3569 513 3628 et
524 3562 609 3631 dioto
619 3565 778 3650 Vuloigne
788 3569 956 3634 restituere
970 3568 1152 3651 noluerunt,
1169 3586 1273 3650 neque
1286 3565 1404 3648 volunt,
1423 3563 1458 3626 in

348 3671 449 3756 ipsius
475 3670 631 3754 Vuloigne
655 3673 866 3759 preiudioinm
884 3682 916 3740 et
931 3675 1097 3742 iacturam.
1114 3675 1205 3742 Vnde
1219 3695 1278 3741 nos
1293 3672 1461 3759 prediatus

344 3778 537 3847 Prunoisous
562 3783 708 3851 Potestas
725 3785 886 3870 Tragurij‚
904 3785 1048 3852 volentes
1065 3783 1181 3850 dietum
1197 3789 1340 3849 nostrum
1356 3780 1461 3845 ciuem

343 3886 378 3951 in
403 3888 470 3954 suis
486 3887 608 3956 iuribus
625 3897 842 3978 manutenere,
860 3899 893 3958 et
908 3893 970 3958 sibi
986 3892 1146 3959 iustiuiam
1161 3891 1278 3976 iuuere,
1297 3889 1386 3954 velut
1403 3885 1461 3952 de-

343 3998 411 4076 oet;
427 3991 600 4080 habitoque
616 3997 690 4064 bino
705 4000 781 4066 inde
797 4019 867 4066 oum
883 4000 1083 4085 ConsiliariJs
1099 3999 1216 4066 nostris
1235 4007 1266 4066 et
1283 4019 1355 4064 oum
1373 3997 1456 4063 Gon-

343 4101 417 4168 silio
427 4098 827 4192 deliberaoionediligenti,
838 4108 1080 4175 sentencialiter
1090 4109 1325 4175 sentenciamus
1333 4113 1365 4171 et
1374 4106 1461 4172 deli·

342 4209 500 4296 heremus,
517 4219 549 4277 et
563 4233 621 4298 per
637 4213 849 4282 deffinitiuam
866 4215 1062 4282 sentenoiam
1089 4214 1342 4301 promulgamus,
1358 4219 1465 4296 atque

341 4317 443 4384 eoiam
458 4319 659 4408 mundamus,
684 4325 717 4390 et
742 4323 909 4391 lieenoium
935 4324 1105 4390 tribuimus
1131 4323 1288 4408 Vuluigne
1304 4323 1465 4409 predicto,

341 4433 489 4510 utsupra
506 4429 596 4494 bonis
613 4449 873 4515 quorumeunque
899 4433 1149 4518 Spalatensium,
1171 4432 1352 4516 ubieunque
1366 4434 1466 4500 inue-

344 4531 480 4618 niuntur,
501 4537 710 4620 represaliam
727 4539 833 4606 fauore
849 4539 965 4607 debeat
981 4541 1141 4625 anoigna
1156 4542 1329 4628 predictus,
1345 4547 1376 4608 et
1397 4541 1466 4608 sibi

344 4637 496 4705 satisfieri
514 4642 619 4710 fauere
635 4644 676 4710 de
692 4645 775 4712 dieto
792 4646 882 4730 ligno
899 4653 931 4714 ot
956 4651 1060 4731 rebus,
1086 4658 1235 4734 utsupra
1251 4650 1368 4716 dietum
1388 4659 1467 4732 est3
1516 4703 1517 4750 p
