3124 5158
595 361 753 472 *aor-

111 563 336 652 possidenda;
359 583 494 651 qnorum
519 563 652 651 quidem
676 562 886 650 septuaginta
905 565 1058 652 jugorum
1083 572 1168 634 tarra
1179 618 1189 656 ,
1215 587 1236 634 a

108 680 203 760 parte
229 681 314 744 terre
338 674 480 744 eiusdem
494 672 726 742 Archidiaooni
742 679 775 739 et
789 673 900 742 fratris
916 675 967 742 sui
983 694 1097 743 uersus
1112 681 1234 744 terram

112 780 256 852 eiusdem
271 782 440 852 Michaelis
455 789 540 850 mete
555 781 664 850 taliter
679 779 915 866 distinguntur:
931 781 1041 850 Prima
1050 784 1137 851 enirn
1147 791 1235 850 meta

111 891 228 979 incipit
243 893 334 978 apud
350 899 415 960 tres
431 893 512 976 uias,
522 891 556 957 in
573 888 702 958 modurn
718 890 824 960 crucis
840 889 1010 959 distinctas
1026 892 1113 959 circa
1129 893 1236 959 termi-

112 1021 188 1068 num
214 1000 293 1069 rille
318 1000 459 1088 Warad3
485 999 604 1068 deinde
629 999 696 1072 itur
721 999 764 1066 ad
789 1019 900 1069 nemus
917 1001 950 1066 in
967 1000 1184 1086 antiquaria,
1202 1009 1235 1068 at

113 1109 312 1177 transeundo
338 1111 440 1178 lutum
466 1131 565 1176 vnum
582 1115 656 1177 sunt
671 1107 733 1176 dne
749 1117 853 1195 mate;
871 1117 901 1177 cl
917 1109 951 1175 in
966 1107 1099 1194 antiqua
1114 1109 1170 1175 via
1186 1129 1239 1175 oe-

113 1219 202 1286 nitor
217 1217 260 1285 ad
276 1238 427 1303 magnam
443 1219 541 1306 viam,
560 1237 728 1303 perquam
746 1219 810 1285 itur
824 1218 867 1290 ad
883 1218 995 1286 uillam
1011 1215 1180 1301 Dalanoh3
1202 1225 1234 1284 et

114 1329 148 1393 in
165 1327 302 1394 transitu
319 1325 404 1394 dicte
419 1327 499 1394 uilla
516 1329 580 1394 duc
595 1333 679 1394 mete
697 1329 840 1394 existunt
856 1347 877 1392 a
891 1334 985 1412 parte
1001 1325 1159 1409 orientali,
1179 1325 1234 1392 ubi

112 1442 164 1502 est
179 1441 419 1502 commetaneus
435 1435 521 1502 dicte
536 1443 620 1502 terra
636 1435 750 1504 Gomcs
771 1435 913 1503 Thomas
929 1433 1091 1519 prelatus;
1116 1433 1235 1500 abhinc

112 1542 257 1610 tenditur
282 1543 324 1611 ad
352 1547 478 1628 partem
503 1541 747 1631 occidentalem,
773 1549 806 1610 at
829 1543 874 1610 ibi
899 1542 1082 1630 incipiendo
1103 1541 1233 1608 adorno

113 1649 233 1717 Jacobi
257 1651 298 1719 de
322 1653 435 1719 Manus
460 1671 563 1736 usque
579 1651 623 1718 ad
639 1652 752 1720 villam
768 1651 911 1719 Saechen
927 1659 1001 1718 sunt
1017 1652 1127 1719 decern
1144 1658 1240 1734 mate,

112 1757 270 1826 uidelicet
295 1761 330 1826 in
355 1759 498 1844 quolibet
524 1757 634 1827 decern
661 1761 803 1828 locorum
826 1759 903 1826 hine
929 1765 1021 1846 mete,
1046 1740 1101 1826 ubi
1127 1777 1238 1825 cursus

113 1873 272 1934 metarum
289 1867 376 1934 cadit
391 1868 434 1936 ad
448 1873 552 1936 melas
568 1869 729 1952 antiquas.
756 1869 912 1935 Preterea
927 1866 1094 1935 rniuersas
1109 1866 1238 1934 litteras

112 1974 267 2044 lodicum
284 1975 378 2043 Curia
394 1976 513 2042 domini
529 1977 638 2064 Regis,
656 1997 762 2043 coram
779 1977 937 2060 quibusin
948 1973 1092 2059 presenti
1103 1974 1236 2060 negocio

111 2090 163 2151 est
179 2107 383 2172 processum;
399 2085 554 2153 uidelic'et
570 2092 636 2151 tam
648 2083 827 2170 judiciales
843 2104 938 2168 quam
956 2085 1058 2151 eciam
1069 2083 1239 2150 dilatorias

114 2201 298 2283 cassarunt,
316 2201 349 2262 et
363 2193 561 2278 reliquerunt
586 2191 723 2260 friuolae
749 2197 780 2258 et
796 2193 920 2278 inanes,
937 2191 966 2257 si
983 2211 1044 2274 qne
1060 2211 1100 2256 ax
1116 2192 1163 2258 eis
1179 2211 1239 2275 per

111 2301 262 2370 fraudem
271 2303 326 2371 rel
335 2303 498 2371 maliciam
507 2301 626 2369 fuerint
643 2309 816 2369 reseruata.
831 2301 978 2369 Judioam
995 2303 1026 2366 et
1043 2298 1233 2384 pristaldum

112 2419 227 2498 partes
252 2411 294 2479 de
319 2415 480 2480 commoni
505 2413 692 2498 placabunt.
717 2413 836 2478 Datum
862 2431 949 2478 anno
965 2409 1096 2477 Domini
1112 2411 1156 2476 ll⁰
1173 2407 1237 2476 00⁰

111 2521 333 2605 octuagesimo
349 2521 452 2608 primo
468 2519 630 2590 dominica
646 2519 795 2608 proxima
810 2529 883 2606 post
898 2519 1013 2586 testum
1025 2517 1136 2587 Sancti
1148 2515 1236 2584 Galli

112 2628 325 2698 confessoris.
629 2619 631 2631 '

146 2825 207 2896 (111.
222 2829 314 2882 Endre
326 2825 417 2897 kirtly
430 2830 542 2885 llas-ki
555 2825 694 2882 ittlettbltl
706 2844 724 2882 a
735 2829 817 2883 burlai
831 2829 881 2882 hir.
895 2829 1019 2882 kamarai
1032 2823 1203 2898 lertlthrba.)

572 3101 784 3114 m

641 3555 719 3623 220.

108 3751 162 3820 Aa
189 3755 377 3841 eaeterpami
391 3753 614 3841 kciptalconolc
635 3754 909 3842 bizooyadplevale,
925 3755 1009 3842 hcqy
1023 3755 1165 3821 Benedelc
1189 3773 1238 3822 co·

109 3888 178 3932 mas
188 3865 286 3930 atlas·
295 3863 359 3928 Pol
368 3863 733 3952 oeazprcmiptlsphkcalc
749 3866 875 3928 testaceo
885 3863 1040 3929 Machares
1050 3866 1080 3929 έε
1091 3863 1238 3930 Monkad

299 3971 493 4059 eapropter
508 3971 630 4038 Miletos
648 3973 806 4038 commeat
821 3972 939 4037 aladta.
958 3971 1055 4036 1281.

223 4167 408 4256 Capitulum
424 4168 568 4238 Ecclesia
589 4167 820 4254 strigoniensis
835 4166 982 4236 omnibus
999 4165 1119 4234 Christi
1135 4164 1236 4232 fideli-

109 4279 180 4348 bus
202 4283 369 4366 presentes
395 4278 521 4360 litteras
546 4277 741 4366 inspecturis
766 4279 904 4346 salutem
919 4277 953 4344 in
968 4277 1107 4344 Domino
1123 4273 1239 4359 sempi-

109 4395 254 4456 tamam.
275 4383 329 4452 Ad
343 4387 565 4454 vniuersorom
581 4385 735 4454 noticiam
751 4391 862 4453 tenore
877 4385 1076 4472 presencium
1092 4381 1240 4451 volumus

107 4472 296 4582 peruenire,
313 4489 400 4579 qood
415 4489 531 4564 (lomes
547 4493 740 4564 Benedictus
765 4494 864 4563 frater
879 4495 963 4562 bono
978 4491 1128 4560 memorie
1144 4487 1240 4558 Panli

108 4603 280 4688 qnondam
296 4602 451 4690 Episcopi
468 4603 732 4693 vesprimiensis,
753 4623 891 4672 unacum
901 4603 1004 4671 Paulo
1021 4601 1087 4668 filio
1103 4621 1162 4668 suo
1179 4620 1240 4686 pro
1309 4649 1315 4666 .

106 4732 161 4800 se,
179 4719 212 4780 et
226 4732 285 4800 pro
300 4711 460 4783 Michaele
475 4713 579 4784 altero
595 4713 662 4782 filio
678 4733 736 4782 suo
753 4732 794 4780 ex
810 4735 875 4783 una
889 4718 990 4802 parte,
1006 4718 1039 4781 et
1055 4708 1174 4778 nobilis
1186 4711 1239 4776 uir
1330 4746 1335 4759 ·

1012 4817 1075 4888 20*
