3118 5158
178 492 326 558 omuibus
358 489 555 558 vtilitatibos
587 497 619 558 et
646 491 857 574 portineneijs
888 487 956 554 suis
991 487 1149 552 uniuersis
1182 485 1305 554 eisdem

176 599 331 666 Ledizlao
357 607 389 666 et
411 599 578 685 Nyeolao,
605 618 644 664 eo
668 619 726 684 per
751 619 807 665 eos
833 597 988 680 Magistro
1014 594 1183 672 Theodoro
1209 593 1302 658 fratri

176 708 329 794 ipsorum,
348 714 381 772 et
397 707 571 774 eorundem
589 705 772 792 heredibus,
791 705 949 791 dedimus,
975 703 1165 772 doneuimus
1183 707 1216 768 et
1232 722 1306 767 eou-

177 814 306 882 tnlimus
338 813 408 880 iure
438 819 594 900 perpetuo
626 820 659 879 et
689 813 825 900 peeifioe
857 812 1099 900 possidendam.
1131 812 1173 878 Vt
1205 811 1305 895 igitur

177 923 273 990 huius
289 923 335 988 rei
350 921 453 988 series
470 923 567 988 robur
583 921 727 1008 optineat
746 927 903 1007 perpetue
920 920 1084 988 firmitatis
1093 973 1101 1006 ,
1126 927 1158 986 ot
1173 941 1215 988 ne
1230 942 1304 1006 pro-

176 1049 267 1097 eessu
292 1037 470 1116 temporum
496 1049 556 1114 per·
581 1031 766 1114 quempiam
791 1029 897 1114 possit
921 1028 973 1094 vel
989 1028 1107 1094 debeat
1127 1029 1160 1094 in
1177 1029 1303 1096 irritum

175 1137 351 1220 retraetari,
362 1144 527 1224 presentes
541 1136 758 1204 concessimus
772 1136 898 1202 litteras
915 1135 1078 1222 dupplieis
1090 1135 1189 1222 sigilli
1201 1139 1304 1204 nostri

175 1246 348 1312 munimine
373 1245 549 1311 roboratus.
590 1245 711 1309 Datum
738 1263 797 1328 per
823 1263 936 1309 manns
961 1243 1109 1327 Magistri
1135 1243 1302 1312 Benedicti
1427 1299 1429 1303 ,

173 1355 292 1421 Sancte
317 1353 548 1437 Strigonienris
574 1351 720 1418 Eeolesie
744 1351 865 1437 Eleeti,
905 1351 1047 1419 eiusdem
1077 1353 1141 1419 loei
1168 1353 1302 1420 Comitis

174 1465 366 1550 perpetuui,
393 1463 469 1528 sule
484 1467 593 1529 nostre
621 1458 919 1544 Vise-OauuellnriJ‚
945 1460 1104 1544 Prepouitt
1128 1461 1301 1550 Budeusis‚

173 1570 284 1638 diieoti
310 1577 341 1638 et
365 1569 469 1639 fidelis
504 1571 606 1637 nostri
640 1589 726 1636 anno
756 1567 888 1648 Domini
913 1567 1147 1635 M⁰oo⁰uxx⁰
1173 1579 1298 1657 quarto,

171 1680 276 1762 Regni
291 1687 400 1746 sutem
416 1679 521 1746 nostri
536 1699 624 1746 nuno
641 1679 784 1746 seeundo
810 1678 877 1744 11-0
892 1678 1005 1743 Nonas
1022 1674 1172 1764 Augusti,
1193 1679 1299 1746 Indie·
1406 1703 1408 1709 ·

172 1787 263 1854 eione
280 1787 434 1855 seeundo„
453 1786 706 1854 venerabilibus
723 1786 871 1871 patribus
887 1785 1053 1872 Stephano
1070 1783 1252 1875 Colooensi,
1269 1794 1301 1854 et

170 1895 321 1963 iohanne
337 1895 522 1981 Spelutensi
539 1893 810 1981 Arohiepiseop²s,
828 1895 999 1980 Lamperto
1015 1895 1180 1980 Agriensi,
1197 1895 1299 1962 Paulo

170 2002 417 2089 wesprimiensi
439 2003 515 2069 eule
539 2009 650 2070 nostre
668 2000 872 2068 Ouneellerio
883 2053 892 2088 ,
917 2001 1042 2070 Briooio
1070 1999 1298 2088 Chanadiensi,

168 2109 324 2195 Philippo
340 2110 505 2177 Wuoiensi
522 2111 598 2176 aule
609 2107 738 2177 domine
753 2109 877 2194 Regino
893 2110 1051 2177 consortis
1068 2117 1177 2177 nostre
1194 2110 1297 2176 karis-

168 2220 250 2284 sime
267 2217 485 2300 Canoellerio,
500 2215 691 2285 lodomerio
708 2217 927 2304 waradiensi,
943 2217 1007 2282 Job
1017 2215 1297 2302 Quinque-Ecule-

168 2326 279 2408 sieusi,
303 2325 487 2411 Tymotheo
512 2323 735 2409 Zagrsbieusi,
765 2323 922 2410 Dyonisio
947 2326 1122 2408 moriensi,
1150 2330 1182 2391 et
1198 2325 1295 2392 Petro

167 2433 402 2502 Transsilnano
421 2435 593 2520 Episcopis
610 2433 776 2500 Euelesias
787 2435 848 2500 Dei
864 2432 1004 2500 feliciter
1020 2432 1296 2518 gubernantibus5

167 2541 328 2631 Dyouisio
353 2541 505 2610 Palatino
529 2540 654 2608 Oomite
680 2541 720 2607 de
737 2539 863 2608 Okiuoh
881 2548 912 2608 et
936 2539 1054 2609 Judiee
1070 2541 1296 2627 Cumanorum,

167 2651 303 2718 Herrieo
325 2653 417 2718 Bono
442 2651 546 2718 tonius
564 2651 760 2737 Solanonie,
785 2652 932 2736 Nyeolao
958 2651 1153 2736 Woyeuoda
1176 2651 1296 2716 Trans·

167 2760 296 2827 siluano
313 2761 440 2828 Comite
458 2759 499 2830 de
514 2758 670 2844 Zounuk‚
692 2759 853 2828 Joaelrino
868 2759 1025 2844 Magistro
1041 2757 1296 2826 Tauurnieorum

165 2875 368 2955 nostrorum,
392 2867 562 2955 Reynoldo
587 2869 746 2952 Magistro
774 2867 1004 2952 Dapiierorum
1030 2875 1211 2934 nostrorum
1237 2864 1294 2930 Co-

165 2977 242 3042 mite
257 2973 533 3058 Zulgegeuriensi,
553 2974 719 3042 Herbordo
730 2974 890 3058 Magistro
909 2973 1097 3058 Agasouum
1113 2980 1295 3040 nostrorum

164 3083 291 3150 Gemite
307 3082 348 3149 de
364 3084 505 3170 Barnun,
523 3083 671 3164 Nyoolao
686 3083 842 3166 Magistro
852 3081 1084 3148 Pinoernarum
1100 3089 1293 3168 nostrorum,

165 3191 268 3258 Paulo
284 3190 377 3257 Bane
402 3190 443 3256 de
458 3189 607 3274 Zeurino,
629 3189 777 3276 Nyoolao
794 3189 912 3256 Judioe
928 3187 1023 3256 Ourie
1048 3195 1156 3256 nostre
1171 3190 1296 3258 Gemite

165 3299 206 3364 de
223 3296 401 3381 (sinesiis,
425 3299 518 3383 Moys
533 3297 690 3380 Magistro
715 3297 968 3363 Tnuarnioorum
995 3295 1138 3363 eiusdem
1164 3297 1295 3364 domine

163 3406 289 3490 Regiae
309 3403 434 3472 Comite
457 3403 672 3490 symigiensi,
696 3404 849 3471 iohanne
874 3404 998 3472 (inmite
1023 3405 1237 3492 supruniensi
1262 3415 1296 3474 et

163 3515 237 3598 nlijs
255 3533 354 3597 quam
378 3511 527 3598 pluribus
544 3511 722 3580 Comitatus
738 3514 843 3596 Regni
863 3513 966 3580 nostri
992 3517 1176 3583 tenentibus
1192 3523 1224 3583 et
1239 3516 1294 3582 ho·

163 3641 269 3688 nores.

161 3799 224 3865 (111.
243 3799 338 3852 Endre
350 3797 441 3866 kirtly
457 3803 567 3853 leel-ki
585 3800 823 3869 megerosttestbol
845 3818 862 3854 a
880 3805 970 3870 Rumy
983 3801 1075 3856 esulaid
1088 3801 1292 3868 ieviitiribnu3

380 3885 510 3944 misoluta
520 3907 538 3944 a
555 3907 670 3960 magyer
683 3893 825 3946 ukudemia
837 3891 1076 3957 kiziruttiribnu.)
