3140 5150
687 303 691 311 ,
769 208 932 308 „34:²-

284 407 455 478 hausibilis
470 403 610 473 altitudo
625 403 730 488 Regni
749 404 971 488 gubernacula
992 401 1136 486 Regibus
1154 399 1324 470 Catholiae
1338 400 1418 468 fidei

286 536 324 584 eo
340 511 512 583 oommittit
527 510 656 578 felieius
672 508 900 597 gubernanda,
921 529 985 596 quo
1000 509 1101 596 ijdem
1115 510 1222 593 Reges
1238 507 1433 595 Eeelesias‚,

286 623 408 692 Christi
423 622 584 708 sanguine
599 619 801 707 rubricatas,
825 638 884 688 sue
908 619 1009 686 tutele
1034 618 1244 706 commissas,
1267 617 1416 687 nituntur

286 730 392 800 ditare
417 730 451 797 in
467 728 702 815 temporalibus
725 726 857 796 vberius
887 747 945 794 seu
976 725 1109 813 dotare,
1133 723 1320 814 [presertim
1346 746 1418 814 eas,

287 859 350 923 que
375 846 488 908 saneto
513 835 682 924 religionis
716 835 860 904 modulis
885 835 986 921 oultuj
1013 835 1135 904 Diuiuo
1162 832 1318 904 deuoeius
1343 841 1421 904 sunt

287 965 426 1016 annexa.
450 947 591 1016 Proinde
615 945 658 1013 ad
684 945 905 1014 uniuersorum
930 945 1084 1014 noticiam
1115 949 1184 1012 tam
1214 945 1422 1032 presencium

287 1075 385 1139 quam
410 1055 591 1124 futurorum
615 1053 730 1122 harum
755 1053 840 1121 serie
864 1055 1012 1122 volumus
1038 1053 1228 1140 peruenire,
1251 1054 1339 1138 quod
1358 1074 1420 1122 nos

289 1163 343 1249 pie
360 1161 549 1230 deuoeionis
575 1158 840 1230 eonsideraeione
849 1211 860 1248 ,
884 1158 1042 1245 quemad
1057 1159 1236 1244 gloriosam
1252 1159 1315 1226 Dei
1330 1160 1420 1244 geni-

287 1270 418 1355 trioem,
441 1289 504 1354 que
529 1269 680 1351 ouiquam
705 1267 795 1334 lideli
818 1269 987 1336 nouereari
1012 1288 1076 1336 non
1100 1269 1211 1356 nouit,
1243 1268 1416 1355 habemus,

288 1377 522 1462 benignissime
538 1375 664 1444 indueti
673 1428 684 1463 ‚
707 1375 849 1446 insulam
865 1395 962 1462 super
978 1375 1129 1446 Danubio
1154 1377 1243 1444 eirea
1267 1377 1419 1444 Veterem

288 1487 414 1556 Budam
431 1484 642 1569 existentem,
665 1505 730 1568 que
747 1483 912 1567 quondam
930 1483 1044 1552 Insula
1056 1485 1215 1570 Leporem
1242 1484 1422 1569 wlgariter‚

287 1615 372 1663 nuno
390 1601 500 1662 autem
523 1593 637 1660 Insula
661 1593 763 1658 Beate
787 1591 890 1660 Maria
915 1591 1061 1676 Virginis
1080 1599 1303 1679 nunoupatur‚
1327 1611 1420 1658 eree

287 1704 352 1788 ptis
369 1703 519 1770 claustris
536 1707 569 1768 et
584 1701 686 1786 septis
712 1700 862 1768 Fratrum
888 1702 1047 1768 Minorum
1065 1707 1098 1766 et
1114 1699 1262 1770 Fratrum
1283 1699 1419 1768 Ordinis

287 1807 638 1878 Premonstratensium
649 1807 690 1874 de
701 1807 896 1876 Monasterio
907 1807 1001 1876 Beati
1009 1807 1189 1894 Myebaelis
1199 1809 1234 1874 in
1245 1807 1360 1875 eadem
1370 1808 1419 1874 in-

289 1919 561 2003 sulaooustitutis,
573 1915 734 2002 dedimus,
745 1917 949 2002 domuimus,
957 1917 1418 2009 contulimusetoonaessimus

290 2025 420 2093 domine
437 2026 614 2112 Elysabeth
631 2023 807 2092 karissime
822 2025 927 2094 sorori
942 2031 1071 2111 nostre,
1094 2043 1135 2092 ao
1150 2024 1303 2092 omnibus
1316 2024 1423 2093 domi·

290 2133 413 2219 nabus,
438 2132 605 2202 sororibus
630 2130 783 2200 videlieet
809 2132 998 2216 Monasterij
1025 2133 1126 2200 Beate
1151 2133 1297 2216 Virginis
1316 2131 1351 2198 in
1367 2153 1423 2200 ea·

293 2241 365 2306 dem
383 2240 490 2308 insula
521 2239 641 2324 iugiter
665 2241 737 2306 Deo
762 2240 1017 2328 famulantibus,
1041 2259 1188 2326 sumpmo
1207 2239 1371 2308 desiderio
1388 2247 1422 2306 et

291 2349 429 2433 affeetu5
453 2348 600 2416 volentes
626 2352 659 2414 et
669 2347 893 2432 consedentes,
925 2347 1014 2432 quod
1039 2369 1061 2414 a
1085 2349 1183 2416 modo
1213 2355 1281 2414 tam
1314 2347 1422 2433 ipsum

291 2457 521 2525 lionasterium
545 2453 690 2542 Virginis
718 2454 934 2540 Intemerate,
965 2474 1062 2539 quam
1087 2455 1238 2524 uniuerso
1265 2455 1422 2539 religiose

294 2582 424 2632 sorores
441 2563 475 2629 in
491 2559 604 2629 eodem
620 2561 761 2630 felioiter
786 2563 1001 2647 detengentes
1018 2561 1104 2652 (lgy)
1121 2563 1304 2632 eollaoione
1323 2561 1421 2629 huius

291 2670 397 2739 insule
414 2689 471 2755 per
485 2690 545 2737 nos
565 2670 720 2754 regaliter
744 2669 834 2738 faeta
858 2691 972 2740 seoure
997 2677 1030 2738 et
1053 2670 1179 2740 illibate
1205 2671 1376 2756 gaudeant
1389 2679 1421 2740 et

291 2778 448 2845 fruantur.
472 2780 511 2844 In
535 2779 628 2844 ouius
654 2779 702 2846 rei
728 2778 916 2848 memoriam
950 2771 1197 2864 firmitatemque
1229 2787 1420 2868 perpetuam

291 2893 457 2972 presentes
488 2887 707 2954 oonoessimus
732 2886 860 2956 litteras
892 2885 1032 2973 dupliois
1057 2888 1161 2973 sigilli
1186 2886 1288 2956 nostri
1304 2889 1419 2954 roboro

292 2993 510 3062 communitas.
527 2995 648 3061 Datum
664 3015 723 3080 per
738 3014 853 3064 manus
869 2995 1141 3065 venerabilisviri
1156 2995 1306 3082 Magistri
1317 2995 1419 3062 Bene-

292 3099 372 3168 dioti
396 3102 515 3170 Sanote
539 3100 771 3186 strigoniensis
796 3103 942 3172 Eoolesie
967 3103 1089 3192 Eleoti‚
1112 3105 1276 3191 Prepositi
1295 3103 1419 3170 urden-

291 3209 357 3294 sis,
380 3208 467 3278 Aule
497 3211 608 3278 nostre
640 3209 929 3298 Vioeoaneellarij‚
958 3211 1070 3280 dileoti
1096 3218 1129 3279 et
1154 3212 1262 3279 fidelis
1294 3213 1418 3296 nostri,

292 3336 376 3382 anno
393 3316 525 3386 Domini
551 3318 766 3385 ut⁰oc⁰txx0
781 3325 873 3388 sexto
883 3371 893 3407 ,
922 3340 1007 3387 nono
1031 3320 1192 3389 kalendas
1207 3319 1420 3406 Septembris,

291 3423 397 3506 Regni
413 3429 521 3492 autem
537 3424 640 3492 nostri
659 3446 744 3494 anno
755 3434 880 3511 quarto.

293 3597 430 3666 (Eredetie
444 3601 620 3672 bb'rhdrtydn,
643 3623 662 3658 a
672 3575 919 3674 sarge-uiolasainli
940 3608 1025 3675 fllggd
1039 3605 1133 3676 pecsdt
1152 3605 1280 3661 lbreddke
1293 3623 1418 3675 magram,

595 3713 613 3749 a
627 3697 709 3750 budai
723 3697 774 3749 lrir.
788 3699 908 3750 kamarai
922 3694 1114 3766 levtlttrban.)
