3126 5150
247 1089 304 1156 IV.
322 1091 438 1157 Leiszld
453 1092 561 1178 kiraly
586 1095 761 1178 recapeso'aite¹
776 1093 834 1158 IV.
852 1093 933 1157 Bc‘la
947 1095 1120 1180 leirdlyoak
1146 1119 1166 1158 a
1190 1118 1232 1159 az.
1250 1096 1378 1182 Milzcily

247 1199 437 1286 ayalceipeti
460 1212 619 1267 monostor
645 1205 675 1266 e's
700 1199 771 1266 Aba
796 1202 1022 1288 neaezetse‘pheli
1047 1203 1119 1266 Ata
1142 1205 1378 1271 koztl1253-lei

690 1311 812 1375 lietera.
835 1314 931 1376 1272.

355 1523 530 1592 Ladizlaus
561 1522 623 1592 Dei
655 1525 769 1609 gracia
800 1524 978 1613 Hongarie,
1009 1525 1200 1611 Dalmacie,
1233 1523 1377 1612 Croaeie,

247 1632 357 1718 Rome,
372 1633 494 1720 Seruie,
512 1631 665 1716 Gallicie,
682 1632 881 1718 Lodomeric‚
899 1633 1056 1699 Cumania
1072 1633 1291 1717 Bulgarieque
1306 1636 1376 1700 Rex

249 1741 398 1807 omnibns
416 1748 483 1806 tam
500 1742 716 1825 presentibus,
742 1763 838 1826 quam
856 1743 972 1809 futuris
1000 1749 1167 1828 presentes
1183 1742 1312 1808 litteras
1327 1743 1376 1808 in-

250 1847 409 1933 specturis
435 1848 572 1914 salntem
590 1849 623 1915 in
641 1851 781 1916 omnium
798 1853 970 1920 saluatore.
998 1852 1049 1916 Ad
1068 1851 1289 1916 vniucrsorum
1306 1857 1374 1916 tam

250 1955 463 2042 presencium,
488 1975 585 2039 quam
610 1957 787 2025 futurorum
813 1958 965 2026 noticiam
981 1959 1096 2025 harum
1122 1957 1204 2024 serie
1223 1961 1375 2026 volumus

249 2061 431 2149 peruenire,
459 2064 543 2147 qnod
566 2063 668 2132 frater
693 2066 834 2134 Jacobus
859 2067 951 2133 Prior
977 2064 1109 2132 Ordinis
1135 2064 1272 2131 fratrum
1297 2066 1375 2131 Pre-

250 2171 496 2240 mcnstratensis
513 2174 703 2260 Monasterij
732 2175 826 2241 Beati
843 2175 1012 2241 Michaelis
1029 2173 1228 2257 Archangeli
1257 2173 1297 2240 de
1323 2175 1375 2239 In·

249 2279 322 2348 snla
337 2279 481 2363 Virginis
497 2279 599 2356 llario
624 2281 667 2347 ad
692 2289 833 2350 nostram
862 2283 1022 2349 accedens
1047 2281 1259 2368 presenciam,
1286 2280 1374 2348 exhi-

250 2389 320 2457 buit
344 2388 439 2456 nobis
464 2388 671 2474 priuilegium
697 2390 818 2458 domini
834 2391 913 2456 Bele
933 2390 1076 2458 Illustris
1093 2389 1190 2475 Regis
1208 2389 1377 2473 Hungarie

250 2495 356 2562 felicis
373 2495 612 2564 recordacionis
629 2497 791 2566 karissimi
808 2498 863 2564 ani
878 2499 992 2584 nostri,
1014 2505 1128 2582 petens
1143 2497 1322 2582 supliciter,
1340 2505 1377 2562 nt

250 2603 338 2671 idem
361 2607 466 2669 ratum
482 2603 613 2689 habere,
639 2612 672 2671 et
698 2612 811 2672 nostro
837 2605 1044 2690 dignaremur
1069 2605 1242 2689 priuilegio
1263 2603 1377 2670 confir-

250 2729 348 2780 mare.
373 2709 473 2777 Cuius
489 2716 579 2778 tenor
593 2713 670 2779 talis
687 2719 736 2779 est
754 2738 761 2777 :

357 2819 438 2887 Bela
453 2821 492 2884 D.
509 2839 556 2904 gr.
574 2817 741 2903 Hungarie
757 2821 819 2888 stb.
835 2822 903 2886 Rex
920 2823 983 2888 stb.
1002 2817 1215 2906 (kdvetlrezik
1226 2821 1280 2886 IV.
1293 2821 1378 2885 Bela

123 2951 125 2954 ·
251 2925 427 3012 kirtlynak
447 2925 1377 3014 1253-kiiteletc‚mintlentebbgylljtomenyttnlrllll-ik‚

251 3037 368 3122 vagyis
384 3057 406 3102 a
421 3033 572 3102 masodik
588 3033 709 3120 folyam
727 3034 797 3101 2-ik
813 3035 985 3102 koteteben
1003 3037 1079 3104 351.
1095 3032 1130 3122 l.)

357 3145 426 3213 Nos
451 3141 549 3226 igitur
573 3141 788 3228 peticionibus
812 3142 955 3210 eiusdem
981 3143 1091 3209 fratris
1112 3143 1226 3210 Jacobi
1241 3144 1376 3209 Prioris.

252 3273 315 3337 que
329 3251 414 3319 iuste
439 3257 472 3318 et
486 3270 628 3333 congrue
645 3271 716 3318 esse
734 3249 937 3338 videbantur,
962 3249 1190 3317 fauorabiliter
1214 3250 1376 3336 inclinati,

251 3359 459 3448 priuilegium
484 3357 624 3443 predicti
648 3357 813 3424 karissimi
838 3359 894 3423 aui
919 3360 1022 3426 nostri
1048 3366 1153 3426 ratum
1170 3359 1325 3426 habentes
1343 3367 1377 3424 et

251 3472 430 3552 acceptum,
453 3463 623 3532 inserendo
649 3464 690 3532 dc
714 3467 813 3532 uerbo
839 3465 881 3530 ad
906 3468 1051 3551 uerbum,
1078 3465 1238 3551 presentis
1263 3465 1376 3551 scripti

252 3574 435 3662 patrocinio
476 3572 628 3639 duximus
668 3572 918 3640 confirmandum
961 3573 1099 3659 duplicis
1133 3573 1234 3656 sigilli
1271 3574 1376 3639 nostri

251 3680 428 3751 munimine
451 3683 654 3748 roborantes.
694 3682 813 3747 Datum
838 3701 897 3766 per
923 3703 1036 3748 mansis
1067 3680 1215 3764 Magistri
1242 3680 1376 3747 Nicolai

250 3791 411 3878 Propositi
436 3788 589 3855 Alliensis
614 3789 758 3856 Ecclesia
785 3789 1018 3856 'l'ranssilunne
1049 3791 1125 3854 aule
1150 3797 1260 3856 nostre
1284 3789 1379 3885 Viae-¹

253 3895 457 3980 Cancellarij,
483 3895 594 3964 dilecti
611 3905 643 3962 et
667 3895 773 3964 fidelis
799 3899 909 3984 nostri,
935 3919 1018 3963 anno
1035 3897 1163 3962 Domini
1179 3897 1289 3962 ΜΟΟΟο
1305 3915 1378 3979 sep-

251 4005 432 4090 tuagesimo
458 4005 618 4091 secundo,
644 4005 757 4089 quinto
783 4027 886 4071 nonas
911 4006 1114 4092 Decembris,
1139 4005 1241 4088 Regni
1268 4010 1375 4068 autem

252 4116 352 4191 nostri
377 4133 463 4182 anno
491 4115 604 4199 primo,
630 4115 812 4180 indiccione
841 4115 912 4179 XV.
947 4115 1197 4180 Venerabilibus
1228 4111 1377 4197 patribus

218 4303 223 4316 ι
253 4221 405 4308 Philippo
421 4221 634 4304 strigoniensi
659 4228 880 4305 perpetuoque
897 4221 1022 4285 Conrite
1048 4219 1110 4285 loci
1138 4219 1291 4302 eiusdem,
1308 4219 1377 4295 Ste-

251 4332 359 4416 phano
375 4330 545 4397 Colooensi
562 4337 595 4396 et
611 4329 759 4396 Johannc
779 4327 966 4414 Spalatensi
982 4325 1255 4412 Arolriepiscopis,
1282 4326 1376 4390 Lam-

252 4445 342 4524 perto
366 4437 539 4522 Agriensi,
562 4435 625 4502 Job
652 4434 992 4520 Quinqueeeclesiensi
1018 4436 1141 4501 Comite
1165 4433 1377 4516 Musuniensi,

250 4544 414 4632 Phylippo
430 4543 585 4612 Vaciensi
611 4547 687 4609 aule
704 4543 833 4609 domine
852 4541 975 4626 Regino
991 4541 1163 4610 karissime
1188 4541 1301 4606 matris
1323 4560 1378 4606 no-

251 4659 319 4719 stre
345 4651 550 4720 Oancellario
577 4648 703 4717 Comite
727 4649 985 4736 Neugradiensi,
1014 4649 1114 4716 Paulo
1140 4647 1378 4734 vesprimiensi
