3118 5158
321 986 423 1054 Diues
438 987 542 1053 reddor
566 989 598 1052 6⁸
614 983 747 1072 Geryeiy
762 985 824 1050 bdn
839 987 918 1050 mint
942 985 1111 1052 cdiosztott
1129 984 1223 1050 coco
1237 987 1348 1052 ittletet
1363 1009 1449 1053 mon-

321 1094 428 1161 daooic
451 1093 555 1162 Jcooo
588 1116 686 1160 comes
710 1093 837 1181 Ieipoeic
851 1093 905 1176 fia
929 1098 960 1158 ἐι
988 1092 1092 1160 Ocitcz
1119 1116 1217 1160 comcs
1241 1096 1323 1160 tom.
1350 1098 1447 1162 1273.

854 1201 957 1268 torol.

427 1417 495 1484 Nos
509 1416 550 1482 D.
566 1413 744 1500 Palatinus,
769 1414 886 1481 Comes
910 1413 1124 1500 symigiensis
1151 1420 1185 1481 et
1207 1414 1316 1484 Judcx
1330 1415 1445 1482 Cumo-

321 1547 443 1611 norum,
471 1529 503 1590 ct
520 1522 695 1608 Gregorius
714 1521 825 1588 Bonus
850 1520 967 1588 damus
992 1541 1050 1608 pro
1075 1522 1239 1610 memoria,
1264 1523 1351 1607 quod
1376 1544 1445 1590 com

319 1634 405 1701 inter
422 1632 578 1700 Comitem
594 1631 775 1698 Jchounem
791 1629 893 1696 fllium
908 1629 975 1716 Isip
993 1637 1133 1697 actorem
1153 1631 1195 1697 ab
1211 1649 1277 1697 uua
1292 1637 1398 1717 porte,
1416 1639 1447 1698 ct

319 1741 475 1809 Comitem
502 1737 611 1804 Ochnn
638 1757 678 1804 ex
693 1738 799 1805 altera
822 1757 919 1824 super
943 1737 1029 1804 iacto
1055 1745 1138 1806 terre
1162 1737 1297 1805 Chucue
1316 1745 1442 1824 uocate,

320 1855 353 1916 ct
378 1845 602 1914 destruccioue
637 1841 781 1912 eiusdem
808 1843 943 1911 Comitis
967 1843 1126 1912 iohannis
1150 1864 1246 1930 super
1270 1851 1358 1912 terra
1375 1847 1446 1912 'sno

321 1954 383 2022 Sur
397 1959 516 2020 nocato
541 1951 718 2038 peripsum
735 1947 891 2018 Comitem
908 1951 1018 2018 Ochus
1037 1951 1134 2038 iectu,
1159 1957 1195 2017 ut
1210 1949 1362 2031 dicebat,
1382 1969 1444 2016 non

321 2067 357 2127 ut
369 2057 508 2146 judices,
532 2059 591 2126 sed
608 2066 644 2126 ut
658 2060 782 2144 erbitry
807 2057 849 2127 de
865 2061 1032 2128 uoluntate
1059 2060 1163 2146 partis
1178 2059 1346 2142 utriusque
1362 2059 1444 2124 arbi-

319 2174 497 2250 traremur;
530 2166 615 2233 idem
648 2166 764 2234 Comes
795 2166 961 2236 Johannes
994 2169 1179 2254 asserebat,
1212 2163 1298 2252 quod
1330 2167 1442 2232 Comes

322 2273 431 2342 Ochuz
446 2273 625 2362 predictam
642 2281 759 2342 terram
785 2293 876 2340 suom
893 2272 1027 2341 Chuono
1052 2281 1201 2342 uocatam
1218 2272 1376 2340 detineret
1401 2274 1445 2338 in·

318 2380 424 2449 debite
449 2387 656 2466 occupatam
680 2402 698 2448 e
717 2401 873 2450 conuerso
889 2381 1004 2448 Ccmcs
1022 2379 1138 2447 Ochun.
1156 2380 1334 2468 respoudit,
1355 2381 1441 2462 qood
1552 2439 1553 2456 ξ

319 2489 497 2576 predictam
508 2494 628 2555 torrem
639 2489 680 2557 de
694 2495 846 2574 precepto
865 2488 992 2556 domiue
1005 2487 1128 2570 Regino
1144 2489 1281 2557 senioris
1298 2508 1358 2556 sue
1375 2509 1443 2574 pro-

319 2595 457 2664 teccioui
473 2615 530 2681 per
546 2593 682 2663 eandem
699 2594 903 2662 commissam
922 2603 1077 2678 tanquam
1097 2603 1260 2682 protector
1277 2595 1443 2676 detineret,

320 2722 418 2786 super
442 2721 504 2787 quc
529 2705 676 2789 partibus
692 2703 989 2789 assumpmeutibus
1015 2703 1127 2772 taliter
1142 2723 1253 2771 sumus
1269 2703 1443 2772 arbitrati:
1551 2757 1552 2768 ,

320 2807 413 2886 Quod
430 2807 557 2876 siseris
582 2817 676 2878 sexta
701 2810 850 2894 proxima
875 2813 950 2895 post
965 2807 1107 2875 medium
1123 2809 1250 2876 Xme
1269 2811 1444 2895 Segusdiui

321 2937 430 2984 coram
447 2916 572 2984 Comite
583 2915 736 2998 Gregorio
751 2915 819 2981 tilio
832 2913 942 2981 liranis
947 2965 956 3000 ,
967 2915 1091 2982 Comite
1107 2915 1226 2982 Cosmo
1242 2912 1444 3001 deKoanmn,

320 3026 445 3092 Gemite
470 3021 645 3089 Perthcldo
672 3029 704 3087 ct
728 3021 850 3088 Comits
876 3021 1013 3089 Nicolac
1039 3021 1106 3088 filio
1131 3023 1251 3109 Ipoliti,
1270 3041 1350 3106 qnos
1375 3023 1445 3090 uice
1550 3029 1551 3089 3

320 3151 531 3218 personarum
550 3135 732 3195 nostrerum
757 3128 802 3192 od
818 3128 879 3194 hcc
896 3125 1132 3215 deputauimus,
1150 3129 1312 3214 predictus
1329 3129 1445 3196 Comes

319 3238 485 3306 Jchonues
517 3236 645 3304 litteras
671 3234 814 3303 eiusdem
844 3231 972 3302 domine
995 3235 1120 3318 Regiue
1148 3237 1268 3321 poterit
1294 3236 1444 3304 exhibere
1549 3293 1550 3316 ,

319 3345 436 3412 Comiti
454 3342 562 3410 Ochun
588 3341 807 3428 transmissos,
834 3343 889 3426 qui
904 3341 1055 3410 similiter
1074 3343 1120 3408 ibi
1135 3342 1230 3411 debet
1246 3361 1443 3429 comparere,
1549 3347 1550 3361 ¹

319 3451 531 3534 continentes,
556 3453 592 3513 ut
606 3446 678 3534 ipse
694 3449 808 3515 Comes
825 3445 935 3515 Ochun
951 3448 1014 3535 ipsi
1040 3456 1160 3516 terram
1176 3469 1240 3515 uon
1257 3449 1374 3517 debeat
1390 3449 1445 3516 de·

318 3559 431 3642 tinere,
455 3554 514 3623 sed
528 3554 631 3640 ipsam
650 3553 766 3620 Comiti
783 3554 923 3622 Johouui
940 3557 1107 3642 permittat
1123 3556 1303 3644 possidere,
1327 3562 1443 3624 extunc
1548 3617 1549 3620 ,

320 3665 435 3731 Comes
452 3661 560 3728 Oohuz
576 3659 681 3746 msam
706 3668 826 3728 terram
852 3662 1012 3746 relinquet
1028 3684 1137 3732 corum
1153 3663 1295 3731 Johanni
1310 3663 1444 3750 pacifice

317 3767 559 3856 possidendam.
595 3765 674 3834 Item
711 3788 809 3852 super
833 3769 921 3836 facto
946 3769 1101 3855 premisse
1128 3767 1360 3839 destruccionis
1387 3794 1444 3860 per

319 3897 379 3944 nos
395 3877 505 3942 taliter
530 3875 636 3941 extitit
660 3875 859 3962 arbitratum,
882 3875 970 3960 quod
986 3875 1070 3942 idem
1091 3875 1279 3962 Gregorius,
1297 3877 1444 3962 Cosmus,
1547 3891 1548 3903 ¹

317 3981 510 4051 Pertholdus
536 3987 568 4048 ct
596 3982 750 4049 Nicotaus
771 3983 921 4069 Comites,
946 4001 1027 4065 quos
1053 3987 1123 4052 uice
1147 3985 1249 4052 nostri
1274 3985 1444 4070 deputant-

319 4111 400 4174 mus,
424 4095 460 4156 ut
483 4087 673 4173 premissum
698 4096 765 4173 cst,
792 4094 824 4155 et
848 4088 955 4155 Endre
979 4090 1063 4156 filius
1089 4091 1255 4158 Mortunus
1281 4089 1322 4159 de
1351 4099 1446 4176 parte
1546 4157 1547 4175 ,

318 4196 452 4264 Comitis
477 4194 651 4280 Jchannis,
675 4203 707 4263 et
733 4195 907 4264 Fercesius
933 4197 1019 4264 filius
1044 4196 1197 4265 Decimus
1218 4195 1258 4264 dc
1276 4204 1370 4284 porte
1387 4200 1445 4288 Co·

319 4303 405 4371 mitis
430 4300 538 4369 Ochun
564 4302 770 4386 inquisitores
794 4323 892 4389 super
916 4303 1065 4390 predicto
1088 4300 1321 4390 destruccicuc,
1347 4325 1445 4388 quern

318 4411 434 4478 Comes
459 4409 625 4475 Jchauues
650 4431 749 4495 super
773 4418 861 4478 terre
890 4430 950 4478 suu
974 4411 1036 4478 Sur
1062 4417 1178 4480 uocate
1205 4431 1262 4498 per
1286 4413 1445 4480 Comitem
1545 4423 1546 4447 i

318 4516 428 4583 Ochus
444 4515 566 4582 iactam
591 4515 730 4604 dicebat,
752 4518 855 4587 scient
880 4523 912 4586 et
929 4519 1092 4602 inquirent
1116 4518 1149 4586 in
1166 4519 1228 4586 fide
1245 4535 1355 4588 corum
1371 4522 1445 4590 Dec
