<?xml version="1.0" encoding="UTF-8"?>
<!DOCTYPE html PUBLIC "-//W3C//DTD XHTML 1.0 Transitional//EN"
    "http://www.w3.org/TR/xhtml1/DTD/xhtml1-transitional.dtd">
<html xmlns="http://www.w3.org/1999/xhtml" xml:lang="en" lang="en">
 <head>
  <title>
</title>
<meta http-equiv="Content-Type" content="text/html;charset=utf-8" />
  <meta name='ocr-system' content='tesseract 3.04.00' />
  <meta name='ocr-capabilities' content='ocr_page ocr_carea ocr_par ocr_line ocrx_word'/>
</head>
<body>
  <div class='ocr_page' id='page_1' title='image "./codexdiplomatic12wenzgoog_0379.png"; bbox 0 0 3080 5160; ppageno 0'>
   <div class='ocr_carea' id='block_1_1' title="bbox 566 341 722 446">
    <p class='ocr_par' dir='ltr' id='par_1_1' title="bbox 566 341 722 446">
     <span class='ocr_line' id='line_1_1' title="bbox 566 341 722 446; baseline 0 -36"><span class='ocrx_word' id='word_1_1' title='bbox 566 341 722 446; x_wconf 51' lang='lat' dir='ltr'><strong>jsr-</strong></span> 
     </span>
    </p>
   </div>
   <div class='ocr_carea' id='block_1_2' title="bbox 85 538 1127 737">
    <p class='ocr_par' dir='ltr' id='par_1_2' title="bbox 85 538 1207 737">
     <span class='ocr_line' id='line_1_2' title="bbox 85 538 1127 628; baseline -0.004 -18"><span class='ocrx_word' id='word_1_2' title='bbox 85 543 150 612; x_wconf 86' lang='lat' dir='ltr'><strong>neis</strong></span> <span class='ocrx_word' id='word_1_3' title='bbox 165 541 311 612; x_wconf 84' lang='lat' dir='ltr'><strong>llcclesie</strong></span> <span class='ocrx_word' id='word_1_4' title='bbox 335 540 576 628; x_wconf 76' lang='lat' dir='ltr'><strong>Antibarensis5</strong></span> <span class='ocrx_word' id='word_1_5' title='bbox 604 547 636 608; x_wconf 89' lang='lat' dir='ltr'><strong>et</strong></span> <span class='ocrx_word' id='word_1_6' title='bbox 662 538 829 607; x_wconf 86' lang='lat' dir='ltr'><strong>carissimo</strong></span> <span class='ocrx_word' id='word_1_7' title='bbox 856 539 890 607; x_wconf 86' lang='lat' dir='ltr'><strong>in</strong></span> <span class='ocrx_word' id='word_1_8' title='bbox 917 539 1044 609; x_wconf 79' lang='lat' dir='ltr'><strong>Christo</strong></span> <span class='ocrx_word' id='word_1_9' title='bbox 1061 539 1127 609; x_wconf 86' lang='lat' dir='ltr'><strong>filio</strong></span> 
     </span>
     <span class='ocr_line' id='line_1_3' title="bbox 85 653 300 737; baseline -0.005 -17"><span class='ocrx_word' id='word_1_10' title='bbox 85 653 163 737; x_wconf 87' lang='lat' dir='ltr'><strong>Regi</strong></span> <span class='ocrx_word' id='word_1_11' title='bbox 178 653 300 722; x_wconf 85' lang='lat' dir='ltr'><strong>Scrbie.</strong></span> 
     </span>
    </p>
   </div>
   <div class='ocr_carea' id='block_1_3' title="bbox 87 834 1209 1010">
    <p class='ocr_par' dir='ltr' id='par_1_3' title="bbox 87 834 1209 1010">
     <span class='ocr_line' id='line_1_4' title="bbox 87 834 1209 917; baseline -0.001 -16"><span class='ocrx_word' id='word_1_12' title='bbox 87 849 209 916; x_wconf 74' lang='lat' dir='ltr'><strong>(l&#39;troinor</strong></span> <span class='ocrx_word' id='word_1_13' title='bbox 215 834 274 917; x_wconf 57' lang='lat' dir='ltr'><strong>dg.</strong></span> <span class='ocrx_word' id='word_1_14' title='bbox 287 852 386 905; x_wconf 74' lang='lat' dir='ltr'><strong>vaura</strong></span> <span class='ocrx_word' id='word_1_15' title='bbox 398 853 573 905; x_wconf 79' lang='lat' dir='ltr'><strong>Monumenta</strong></span> <span class='ocrx_word' id='word_1_16' title='bbox 586 847 727 904; x_wconf 79' lang='lat' dir='ltr'><strong>Slavoram</strong></span> <span class='ocrx_word' id='word_1_17' title='bbox 740 851 955 907; x_wconf 76' lang='lat' dir='ltr'><strong>Meridioaalium</strong></span> <span class='ocrx_word' id='word_1_18' title='bbox 979 851 1128 904; x_wconf 70' lang='lat' dir='ltr'><strong>Historiam</strong></span> <span class='ocrx_word' id='word_1_19' title='bbox 1148 851 1209 902; x_wconf 90' lang='lat' dir='ltr'><strong>illu·</strong></span> 
     </span>
     <span class='ocr_line' id='line_1_5' title="bbox 486 942 810 1010; baseline 0 -18"><span class='ocrx_word' id='word_1_20' title='bbox 486 947 601 994; x_wconf 79' lang='lat' dir='ltr'><strong>strantla</strong></span> <span class='ocrx_word' id='word_1_21' title='bbox 614 944 635 994; x_wconf 85' lang='lat'><strong>1.</strong></span> <span class='ocrx_word' id='word_1_22' title='bbox 650 942 706 994; x_wconf 79' lang='lat' dir='ltr'><strong>ket.</strong></span> <span class='ocrx_word' id='word_1_23' title='bbox 721 943 764 993; x_wconf 76' lang='grc'><strong>98.</strong></span> <span class='ocrx_word' id='word_1_24' title='bbox 779 942 810 1010; x_wconf 89' lang='lat'><strong>1.)</strong></span> 
     </span>
    </p>
   </div>
   <div class='ocr_carea' id='block_1_4' title="bbox 613 1625 690 1694">
    <p class='ocr_par' dir='ltr' id='par_1_4' title="bbox 613 1625 690 1694">
     <span class='ocr_line' id='line_1_6' title="bbox 613 1625 690 1694; baseline -0.013 0"><span class='ocrx_word' id='word_1_25' title='bbox 613 1625 690 1694; x_wconf 76' lang='lat'><strong>240.</strong></span> 
     </span>
    </p>
   </div>
   <div class='ocr_carea' id='block_1_5' title="bbox 82 1761 1211 2092">
    <p class='ocr_par' dir='ltr' id='par_1_5' title="bbox 82 1761 1211 2092">
     <span class='ocr_line' id='line_1_7' title="bbox 84 1761 1211 1897; baseline 0 -25"><span class='ocrx_word' id='word_1_26' title='bbox 84 1805 133 1872; x_wconf 73' lang='lat' dir='ltr'><strong>Aa</strong></span> <span class='ocrx_word' id='word_1_27' title='bbox 150 1809 335 1894; x_wconf 73' lang='lat' dir='ltr'><strong>eraterpami</strong></span> <span class='ocrx_word' id='word_1_28' title='bbox 349 1810 506 1897; x_wconf 78' lang='lat' dir='ltr'><strong>ledptoloa</strong></span> <span class='ocrx_word' id='word_1_29' title='bbox 521 1809 572 1874; x_wconf 66' lang='lat' dir='ltr'><strong>loct</strong></span> <span class='ocrx_word' id='word_1_30' title='bbox 587 1761 772 1896; x_wconf 64' lang='lat' dir='ltr'><strong>ppormotlri</strong></span> <span class='ocrx_word' id='word_1_31' title='bbox 788 1807 1021 1894; x_wconf 73' lang='lat' dir='ltr'><strong>jotoopya‘oac</strong></span> <span class='ocrx_word' id='word_1_32' title='bbox 1046 1807 1211 1894; x_wconf 71' lang='lat' dir='ltr'><strong>euqeddyt</strong></span> 
     </span>
     <span class='ocr_line' id='line_1_8' title="bbox 82 1915 1210 2002; baseline 0.003 -25"><span class='ocrx_word' id='word_1_33' title='bbox 82 1915 137 1994; x_wconf 79' lang='lat' dir='ltr'><strong>od,</strong></span> <span class='ocrx_word' id='word_1_34' title='bbox 155 1917 238 2001; x_wconf 70' lang='lat' dir='ltr'><strong>copy</strong></span> <span class='ocrx_word' id='word_1_35' title='bbox 254 1915 351 1981; x_wconf 82' lang='lat' dir='ltr'><strong>Potae</strong></span> <span class='ocrx_word' id='word_1_36' title='bbox 366 1917 612 2001; x_wconf 70' lang='lat' dir='ltr'><strong>taysey-medor</strong></span> <span class='ocrx_word' id='word_1_37' title='bbox 629 1940 649 1982; x_wconf 87' lang='lat' dir='ltr'><strong>o</strong></span> <span class='ocrx_word' id='word_1_38' title='bbox 673 1915 788 1982; x_wconf 74' lang='lat' dir='ltr'><strong>Garun</strong></span> <span class='ocrx_word' id='word_1_39' title='bbox 803 1920 889 2002; x_wconf 70' lang='lat' dir='ltr'><strong>doeio</strong></span> <span class='ocrx_word' id='word_1_40' title='bbox 905 1916 1072 1981; x_wconf 80' lang='lat' dir='ltr'><strong>molmokot</strong></span> <span class='ocrx_word' id='word_1_41' title='bbox 1082 1917 1210 2002; x_wconf 72' lang='lat' dir='ltr'><strong>epithec-</strong></span> 
     </span>
     <span class='ocr_line' id='line_1_9' title="bbox 546 2026 756 2092; baseline -0.014 0"><span class='ocrx_word' id='word_1_42' title='bbox 546 2026 633 2092; x_wconf 80' lang='lat' dir='ltr'><strong>secek</strong></span> <span class='ocrx_word' id='word_1_43' title='bbox 660 2027 756 2092; x_wconf 85' lang='lat'><strong><em>1282.</em></strong></span> 
     </span>
    </p>
   </div>
   <div class='ocr_carea' id='block_1_6' title="bbox 70 2200 1216 4785">
    <p class='ocr_par' dir='ltr' id='par_1_6' title="bbox 70 2200 1216 4785">
     <span class='ocr_line' id='line_1_10' title="bbox 194 2200 1210 2290; baseline -0.006 -19"><span class='ocrx_word' id='word_1_44' title='bbox 194 2203 360 2272; x_wconf 85' lang='lat' dir='ltr'><strong>Universis</strong></span> <span class='ocrx_word' id='word_1_45' title='bbox 391 2211 555 2290; x_wconf 79' lang='lat' dir='ltr'><strong>presentes</strong></span> <span class='ocrx_word' id='word_1_46' title='bbox 584 2203 707 2271; x_wconf 82' lang='lat' dir='ltr'><strong>litteras</strong></span> <span class='ocrx_word' id='word_1_47' title='bbox 733 2202 927 2290; x_wconf 89' lang='lat' dir='ltr'><strong>inspecturis</strong></span> <span class='ocrx_word' id='word_1_48' title='bbox 957 2203 1112 2286; x_wconf 78' lang='lat' dir='ltr'><strong>Magister</strong></span> <span class='ocrx_word' id='word_1_49' title='bbox 1145 2200 1210 2266; x_wconf 82' lang='lat' dir='ltr'><strong>An-</strong></span> 
     </span>
     <span class='ocr_line' id='line_1_11' title="bbox 82 2309 1212 2397; baseline 0 -23"><span class='ocrx_word' id='word_1_50' title='bbox 82 2309 186 2378; x_wconf 86' lang='lat' dir='ltr'><strong>dreas</strong></span> <span class='ocrx_word' id='word_1_51' title='bbox 210 2311 395 2397; x_wconf 71' lang='lat' dir='ltr'><strong>Propositus</strong></span> <span class='ocrx_word' id='word_1_52' title='bbox 408 2321 440 2379; x_wconf 86' lang='lat' dir='ltr'><strong>et</strong></span> <span class='ocrx_word' id='word_1_53' title='bbox 459 2311 644 2397; x_wconf 78' lang='lat' dir='ltr'><strong>Capitulum</strong></span> <span class='ocrx_word' id='word_1_54' title='bbox 665 2311 808 2380; x_wconf 82' lang='lat' dir='ltr'><strong>Ecclesia</strong></span> <span class='ocrx_word' id='word_1_55' title='bbox 826 2311 1059 2396; x_wconf 76' lang='lat' dir='ltr'><strong>strigoniensis</strong></span> <span class='ocrx_word' id='word_1_56' title='bbox 1075 2312 1212 2379; x_wconf 88' lang='lat' dir='ltr'><strong>salutem</strong></span> 
     </span>
     <span class='ocr_line' id='line_1_12' title="bbox 81 2419 1212 2504; baseline 0.003 -21"><span class='ocrx_word' id='word_1_57' title='bbox 81 2419 115 2484; x_wconf 91' lang='lat' dir='ltr'><strong>in</strong></span> <span class='ocrx_word' id='word_1_58' title='bbox 142 2420 303 2504; x_wconf 89' lang='lat' dir='ltr'><strong>largitore</strong></span> <span class='ocrx_word' id='word_1_59' title='bbox 327 2420 453 2488; x_wconf 86' lang='lat' dir='ltr'><strong>salutis.</strong></span> <span class='ocrx_word' id='word_1_60' title='bbox 478 2421 530 2486; x_wconf 79' lang='lat' dir='ltr'><strong>Ad</strong></span> <span class='ocrx_word' id='word_1_61' title='bbox 555 2421 776 2488; x_wconf 78' lang='lat' dir='ltr'><strong>uniuersitatis</strong></span> <span class='ocrx_word' id='word_1_62' title='bbox 801 2427 906 2487; x_wconf 83' lang='lat' dir='ltr'><strong>vestre</strong></span> <span class='ocrx_word' id='word_1_63' title='bbox 930 2420 1083 2486; x_wconf 89' lang='lat' dir='ltr'><strong>noticiam</strong></span> <span class='ocrx_word' id='word_1_64' title='bbox 1102 2426 1212 2486; x_wconf 88' lang='lat' dir='ltr'><strong>tenore</strong></span> 
     </span>
     <span class='ocr_line' id='line_1_13' title="bbox 81 2527 1212 2613; baseline 0.002 -21"><span class='ocrx_word' id='word_1_65' title='bbox 81 2527 291 2612; x_wconf 88' lang='lat' dir='ltr'><strong>presencium</strong></span> <span class='ocrx_word' id='word_1_66' title='bbox 307 2528 454 2596; x_wconf 84' lang='lat' dir='ltr'><strong>volomus</strong></span> <span class='ocrx_word' id='word_1_67' title='bbox 482 2529 670 2613; x_wconf 89' lang='lat' dir='ltr'><strong>peruenire:</strong></span> <span class='ocrx_word' id='word_1_68' title='bbox 696 2527 782 2612; x_wconf 91' lang='lat' dir='ltr'><strong>quod</strong></span> <span class='ocrx_word' id='word_1_69' title='bbox 804 2527 1000 2595; x_wconf 78' lang='lat' dir='ltr'><strong>Guntherius</strong></span> <span class='ocrx_word' id='word_1_70' title='bbox 1017 2533 1049 2593; x_wconf 90' lang='lat' dir='ltr'><strong>et</strong></span> <span class='ocrx_word' id='word_1_71' title='bbox 1072 2527 1212 2613; x_wconf 89' lang='lat' dir='ltr'><strong>Blasius,</strong></span> 
     </span>
     <span class='ocr_line' id='line_1_14' title="bbox 80 2633 1212 2721; baseline -0.004 -19"><span class='ocrx_word' id='word_1_72' title='bbox 80 2636 278 2719; x_wconf 84' lang='lat' dir='ltr'><strong>iobagiones</strong></span> <span class='ocrx_word' id='word_1_73' title='bbox 304 2637 405 2703; x_wconf 86' lang='lat' dir='ltr'><strong>nostri</strong></span> <span class='ocrx_word' id='word_1_74' title='bbox 431 2636 471 2703; x_wconf 89' lang='lat' dir='ltr'><strong>de</strong></span> <span class='ocrx_word' id='word_1_75' title='bbox 488 2635 568 2702; x_wconf 87' lang='lat' dir='ltr'><strong>villa</strong></span> <span class='ocrx_word' id='word_1_76' title='bbox 593 2634 758 2721; x_wconf 82' lang='lat' dir='ltr'><strong>Gormoth,</strong></span> <span class='ocrx_word' id='word_1_77' title='bbox 784 2633 829 2700; x_wconf 89' lang='lat' dir='ltr'><strong>ad</strong></span> <span class='ocrx_word' id='word_1_78' title='bbox 854 2643 993 2701; x_wconf 86' lang='lat' dir='ltr'><strong>nostram</strong></span> <span class='ocrx_word' id='word_1_79' title='bbox 1012 2635 1212 2719; x_wconf 87' lang='lat' dir='ltr'><strong>presenciam</strong></span> 
     </span>
     <span class='ocr_line' id='line_1_15' title="bbox 78 2740 1213 2830; baseline 0 -21"><span class='ocrx_word' id='word_1_80' title='bbox 78 2740 281 2811; x_wconf 85' lang='lat' dir='ltr'><strong>aecedentes</strong></span> <span class='ocrx_word' id='word_1_81' title='bbox 312 2744 405 2810; x_wconf 90' lang='lat' dir='ltr'><strong>nobis</strong></span> <span class='ocrx_word' id='word_1_82' title='bbox 427 2743 589 2810; x_wconf 90' lang='lat' dir='ltr'><strong>humiliter</strong></span> <span class='ocrx_word' id='word_1_83' title='bbox 613 2743 844 2830; x_wconf 87' lang='lat' dir='ltr'><strong>supplicarunt,</strong></span> <span class='ocrx_word' id='word_1_84' title='bbox 870 2751 904 2809; x_wconf 92' lang='lat' dir='ltr'><strong>ut</strong></span> <span class='ocrx_word' id='word_1_85' title='bbox 934 2765 988 2810; x_wconf 89' lang='lat' dir='ltr'><strong>eos</strong></span> <span class='ocrx_word' id='word_1_86' title='bbox 1014 2746 1213 2828; x_wconf 86' lang='lat' dir='ltr'><strong>permittere·</strong></span> 
     </span>
     <span class='ocr_line' id='line_1_16' title="bbox 78 2852 1214 2938; baseline -0.001 -22"><span class='ocrx_word' id='word_1_87' title='bbox 78 2872 157 2918; x_wconf 89' lang='lat' dir='ltr'><strong>mus</strong></span> <span class='ocrx_word' id='word_1_88' title='bbox 185 2871 280 2938; x_wconf 89' lang='lat' dir='ltr'><strong>super</strong></span> <span class='ocrx_word' id='word_1_89' title='bbox 304 2853 464 2938; x_wconf 86' lang='lat' dir='ltr'><strong>particula</strong></span> <span class='ocrx_word' id='word_1_90' title='bbox 487 2873 587 2936; x_wconf 87' lang='lat' dir='ltr'><strong>aque,</strong></span> <span class='ocrx_word' id='word_1_91' title='bbox 612 2873 674 2936; x_wconf 90' lang='lat' dir='ltr'><strong>que</strong></span> <span class='ocrx_word' id='word_1_92' title='bbox 699 2852 740 2918; x_wconf 90' lang='lat' dir='ltr'><strong>de</strong></span> <span class='ocrx_word' id='word_1_93' title='bbox 764 2853 893 2918; x_wconf 89' lang='lat' dir='ltr'><strong>flumine</strong></span> <span class='ocrx_word' id='word_1_94' title='bbox 920 2852 1028 2918; x_wconf 80' lang='lat' dir='ltr'><strong>Geron</strong></span> <span class='ocrx_word' id='word_1_95' title='bbox 1049 2852 1214 2917; x_wconf 87' lang='lat' dir='ltr'><strong>deriuatur</strong></span> 
     </span>
     <span class='ocr_line' id='line_1_17' title="bbox 77 2959 1210 3047; baseline -0.001 -23"><span class='ocrx_word' id='word_1_96' title='bbox 77 2967 173 3028; x_wconf 84' lang='lat' dir='ltr'><strong>retro</strong></span> <span class='ocrx_word' id='word_1_97' title='bbox 199 2959 311 3028; x_wconf 83' lang='lat' dir='ltr'><strong>villam</strong></span> <span class='ocrx_word' id='word_1_98' title='bbox 345 2967 489 3028; x_wconf 84' lang='lat' dir='ltr'><strong>nostram</strong></span> <span class='ocrx_word' id='word_1_99' title='bbox 520 2961 620 3028; x_wconf 90' lang='lat' dir='ltr'><strong>Patas</strong></span> <span class='ocrx_word' id='word_1_100' title='bbox 644 2968 812 3047; x_wconf 78' lang='lat' dir='ltr'><strong>vocatam,</strong></span> <span class='ocrx_word' id='word_1_101' title='bbox 844 2959 951 3029; x_wconf 86' lang='lat' dir='ltr'><strong>iacere</strong></span> <span class='ocrx_word' id='word_1_102' title='bbox 982 2959 1210 3027; x_wconf 86' lang='lat' dir='ltr'><strong>molendinum.</strong></span> 
     </span>
     <span class='ocr_line' id='line_1_18' title="bbox 77 3066 1213 3156; baseline -0.001 -23"><span class='ocrx_word' id='word_1_103' title='bbox 77 3068 152 3134; x_wconf 86' lang='lat' dir='ltr'><strong>Nos</strong></span> <span class='ocrx_word' id='word_1_104' title='bbox 181 3067 279 3151; x_wconf 88' lang='lat' dir='ltr'><strong>igitur</strong></span> <span class='ocrx_word' id='word_1_105' title='bbox 303 3087 413 3135; x_wconf 89' lang='lat' dir='ltr'><strong>eornm</strong></span> <span class='ocrx_word' id='word_1_106' title='bbox 433 3068 584 3154; x_wconf 86' lang='lat' dir='ltr'><strong>peticioni</strong></span> <span class='ocrx_word' id='word_1_107' title='bbox 605 3075 638 3135; x_wconf 90' lang='lat' dir='ltr'><strong>et</strong></span> <span class='ocrx_word' id='word_1_108' title='bbox 662 3068 895 3156; x_wconf 88' lang='lat' dir='ltr'><strong>supplicacioni</strong></span> <span class='ocrx_word' id='word_1_109' title='bbox 919 3066 1213 3134; x_wconf 76' lang='lat' dir='ltr'><strong>condescendentes</strong></span> 
     </span>
     <span class='ocr_line' id='line_1_19' title="bbox 75 3173 1211 3263; baseline -0.004 -21"><span class='ocrx_word' id='word_1_110' title='bbox 75 3176 245 3263; x_wconf 88' lang='lat' dir='ltr'><strong>benigne,</strong></span> <span class='ocrx_word' id='word_1_111' title='bbox 269 3184 362 3262; x_wconf 88' lang='lat' dir='ltr'><strong>prout</strong></span> <span class='ocrx_word' id='word_1_112' title='bbox 389 3196 410 3241; x_wconf 92' lang='lat' dir='ltr'><strong>a</strong></span> <span class='ocrx_word' id='word_1_113' title='bbox 435 3175 526 3242; x_wconf 88' lang='lat' dir='ltr'><strong>nobis</strong></span> <span class='ocrx_word' id='word_1_114' title='bbox 550 3177 721 3263; x_wconf 86' lang='lat' dir='ltr'><strong>petebant,</strong></span> <span class='ocrx_word' id='word_1_115' title='bbox 756 3177 803 3244; x_wconf 90' lang='lat' dir='ltr'><strong>eis</strong></span> <span class='ocrx_word' id='word_1_116' title='bbox 828 3175 1034 3244; x_wconf 90' lang='lat' dir='ltr'><strong>construendi</strong></span> <span class='ocrx_word' id='word_1_117' title='bbox 1060 3173 1211 3241; x_wconf 90' lang='lat' dir='ltr'><strong>molendi-</strong></span> 
     </span>
     <span class='ocr_line' id='line_1_20' title="bbox 74 3282 1212 3372; baseline 0.001 -23"><span class='ocrx_word' id='word_1_118' title='bbox 74 3305 170 3372; x_wconf 83' lang='lat' dir='ltr'><strong>num,</strong></span> <span class='ocrx_word' id='word_1_119' title='bbox 196 3303 252 3350; x_wconf 90' lang='lat' dir='ltr'><strong>seu</strong></span> <span class='ocrx_word' id='word_1_120' title='bbox 268 3285 373 3351; x_wconf 90' lang='lat' dir='ltr'><strong>eclam</strong></span> <span class='ocrx_word' id='word_1_121' title='bbox 397 3282 584 3352; x_wconf 87' lang='lat' dir='ltr'><strong>molendina</strong></span> <span class='ocrx_word' id='word_1_122' title='bbox 608 3282 755 3351; x_wconf 90' lang='lat' dir='ltr'><strong>dedimus</strong></span> <span class='ocrx_word' id='word_1_123' title='bbox 778 3284 956 3371; x_wconf 80' lang='lat' dir='ltr'><strong>licenciam,</strong></span> <span class='ocrx_word' id='word_1_124' title='bbox 977 3284 1011 3348; x_wconf 91' lang='lat' dir='ltr'><strong>in</strong></span> <span class='ocrx_word' id='word_1_125' title='bbox 1027 3283 1099 3351; x_wconf 90' lang='lat' dir='ltr'><strong>loco</strong></span> <span class='ocrx_word' id='word_1_126' title='bbox 1117 3299 1212 3369; x_wconf 83' lang='lat' dir='ltr'><strong>supe·</strong></span> 
     </span>
     <span class='ocr_line' id='line_1_21' title="bbox 73 3391 1210 3480; baseline -0.002 -20"><span class='ocrx_word' id='word_1_127' title='bbox 73 3393 149 3460; x_wconf 83' lang='lat' dir='ltr'><strong>rius</strong></span> <span class='ocrx_word' id='word_1_128' title='bbox 168 3397 345 3476; x_wconf 85' lang='lat' dir='ltr'><strong>annotato;</strong></span> <span class='ocrx_word' id='word_1_129' title='bbox 362 3410 403 3458; x_wconf 91' lang='lat' dir='ltr'><strong>ea</strong></span> <span class='ocrx_word' id='word_1_130' title='bbox 417 3391 604 3460; x_wconf 89' lang='lat' dir='ltr'><strong>condicione</strong></span> <span class='ocrx_word' id='word_1_131' title='bbox 620 3391 848 3459; x_wconf 76' lang='lat' dir='ltr'><strong>nichilominus</strong></span> <span class='ocrx_word' id='word_1_132' title='bbox 865 3413 922 3480; x_wconf 90' lang='lat' dir='ltr'><strong>per</strong></span> <span class='ocrx_word' id='word_1_133' title='bbox 942 3393 1030 3478; x_wconf 89' lang='lat' dir='ltr'><strong>ipsos</strong></span> <span class='ocrx_word' id='word_1_134' title='bbox 1055 3399 1087 3460; x_wconf 89' lang='lat' dir='ltr'><strong>et</strong></span> <span class='ocrx_word' id='word_1_135' title='bbox 1101 3413 1210 3462; x_wconf 90' lang='lat' dir='ltr'><strong>eorum</strong></span> 
     </span>
     <span class='ocr_line' id='line_1_22' title="bbox 73 3485 1210 3588; baseline 0.001 -22"><span class='ocrx_word' id='word_1_136' title='bbox 73 3501 221 3568; x_wconf 89' lang='lat' dir='ltr'><strong>heredes</strong></span> <span class='ocrx_word' id='word_1_137' title='bbox 237 3519 276 3566; x_wconf 91' lang='lat' dir='ltr'><strong>ac</strong></span> <span class='ocrx_word' id='word_1_138' title='bbox 293 3485 428 3586; x_wconf 88' lang='lat' dir='ltr'><strong>nepotes</strong></span> <span class='ocrx_word' id='word_1_139' title='bbox 456 3501 688 3588; x_wconf 82' lang='lat' dir='ltr'><strong>perpetualiter</strong></span> <span class='ocrx_word' id='word_1_140' title='bbox 711 3502 926 3588; x_wconf 85' lang='lat' dir='ltr'><strong>obseruanda,</strong></span> <span class='ocrx_word' id='word_1_141' title='bbox 951 3500 1036 3587; x_wconf 87' lang='lat' dir='ltr'><strong>quod</strong></span> <span class='ocrx_word' id='word_1_142' title='bbox 1053 3511 1119 3568; x_wconf 88' lang='lat' dir='ltr'><strong>tam</strong></span> <span class='ocrx_word' id='word_1_143' title='bbox 1136 3495 1210 3587; x_wconf 59' lang='lat' dir='ltr'><strong>ipsij</strong></span> 
     </span>
     <span class='ocr_line' id='line_1_23' title="bbox 73 3609 1214 3696; baseline 0 -18"><span class='ocrx_word' id='word_1_144' title='bbox 73 3629 183 3693; x_wconf 87' lang='lat' dir='ltr'><strong>quam</strong></span> <span class='ocrx_word' id='word_1_145' title='bbox 194 3629 302 3676; x_wconf 85' lang='lat' dir='ltr'><strong>eorum</strong></span> <span class='ocrx_word' id='word_1_146' title='bbox 313 3609 518 3696; x_wconf 78' lang='lat' dir='ltr'><strong>posteritates</strong></span> <span class='ocrx_word' id='word_1_147' title='bbox 534 3609 567 3675; x_wconf 95' lang='lat' dir='ltr'><strong>in</strong></span> <span class='ocrx_word' id='word_1_148' title='bbox 583 3611 710 3694; x_wconf 88' lang='lat' dir='ltr'><strong>signum</strong></span> <span class='ocrx_word' id='word_1_149' title='bbox 721 3610 865 3696; x_wconf 86' lang='lat' dir='ltr'><strong>dominij,</strong></span> <span class='ocrx_word' id='word_1_150' title='bbox 876 3632 916 3678; x_wconf 84' lang='lat' dir='ltr'><strong>ex</strong></span> <span class='ocrx_word' id='word_1_151' title='bbox 927 3617 1019 3696; x_wconf 88' lang='lat' dir='ltr'><strong>parte</strong></span> <span class='ocrx_word' id='word_1_152' title='bbox 1040 3612 1214 3679; x_wconf 88' lang='lat' dir='ltr'><strong>cuiuslibet</strong></span> 
     </span>
     <span class='ocr_line' id='line_1_24' title="bbox 71 3715 1212 3804; baseline 0.001 -19"><span class='ocrx_word' id='word_1_153' title='bbox 71 3717 273 3803; x_wconf 88' lang='lat' dir='ltr'><strong>molendini,</strong></span> <span class='ocrx_word' id='word_1_154' title='bbox 291 3719 342 3786; x_wconf 89' lang='lat' dir='ltr'><strong>uel</strong></span> <span class='ocrx_word' id='word_1_155' title='bbox 359 3717 485 3803; x_wconf 89' lang='lat' dir='ltr'><strong>parium</strong></span> <span class='ocrx_word' id='word_1_156' title='bbox 501 3715 618 3804; x_wconf 90' lang='lat' dir='ltr'><strong>lapidis</strong></span> <span class='ocrx_word' id='word_1_157' title='bbox 634 3719 776 3804; x_wconf 88' lang='lat' dir='ltr'><strong>molaris,</strong></span> <span class='ocrx_word' id='word_1_158' title='bbox 792 3719 935 3804; x_wconf 89' lang='lat' dir='ltr'><strong>singulos</strong></span> <span class='ocrx_word' id='word_1_159' title='bbox 951 3719 1092 3787; x_wconf 91' lang='lat' dir='ltr'><strong>fertones</strong></span> <span class='ocrx_word' id='word_1_160' title='bbox 1114 3721 1212 3788; x_wconf 91' lang='lat' dir='ltr'><strong>dena-</strong></span> 
     </span>
     <span class='ocr_line' id='line_1_25' title="bbox 71 3824 1210 3914; baseline 0 -22"><span class='ocrx_word' id='word_1_161' title='bbox 71 3828 205 3894; x_wconf 90' lang='lat' dir='ltr'><strong>riorum</strong></span> <span class='ocrx_word' id='word_1_162' title='bbox 231 3825 394 3894; x_wconf 85' lang='lat' dir='ltr'><strong>rsoalinm</strong></span> <span class='ocrx_word' id='word_1_163' title='bbox 420 3827 504 3894; x_wconf 89' lang='lat' dir='ltr'><strong>eirca</strong></span> <span class='ocrx_word' id='word_1_164' title='bbox 528 3824 645 3895; x_wconf 84' lang='lat' dir='ltr'><strong>festum</strong></span> <span class='ocrx_word' id='word_1_165' title='bbox 670 3827 781 3894; x_wconf 87' lang='lat' dir='ltr'><strong>Sancti</strong></span> <span class='ocrx_word' id='word_1_166' title='bbox 797 3827 966 3896; x_wconf 88' lang='lat' dir='ltr'><strong>Michaelis</strong></span> <span class='ocrx_word' id='word_1_167' title='bbox 984 3829 1018 3897; x_wconf 88' lang='lat' dir='ltr'><strong>in</strong></span> <span class='ocrx_word' id='word_1_168' title='bbox 1033 3834 1210 3914; x_wconf 82' lang='lat' dir='ltr'><strong>autumpno</strong></span> 
     </span>
     <span class='ocr_line' id='line_1_26' title="bbox 70 3935 1213 4022; baseline 0.001 -21"><span class='ocrx_word' id='word_1_169' title='bbox 70 3935 175 4003; x_wconf 90' lang='lat' dir='ltr'><strong>nobis</strong></span> <span class='ocrx_word' id='word_1_170' title='bbox 204 3941 237 4001; x_wconf 89' lang='lat' dir='ltr'><strong>et</strong></span> <span class='ocrx_word' id='word_1_171' title='bbox 262 3935 378 4002; x_wconf 91' lang='lat' dir='ltr'><strong>nostris</strong></span> <span class='ocrx_word' id='word_1_172' title='bbox 403 3936 641 4005; x_wconf 87' lang='lat' dir='ltr'><strong>successoribus</strong></span> <span class='ocrx_word' id='word_1_173' title='bbox 667 3935 834 4004; x_wconf 86' lang='lat' dir='ltr'><strong>annuatim</strong></span> <span class='ocrx_word' id='word_1_174' title='bbox 860 3944 892 4003; x_wconf 90' lang='lat' dir='ltr'><strong>et</strong></span> <span class='ocrx_word' id='word_1_175' title='bbox 916 3942 1072 4022; x_wconf 90' lang='lat' dir='ltr'><strong>perpetuo</strong></span> <span class='ocrx_word' id='word_1_176' title='bbox 1087 3937 1213 4002; x_wconf 89' lang='lat' dir='ltr'><strong>soluere</strong></span> 
     </span>
     <span class='ocr_line' id='line_1_27' title="bbox 70 4041 1215 4132; baseline -0.003 -22"><span class='ocrx_word' id='word_1_177' title='bbox 70 4043 289 4110; x_wconf 90' lang='lat' dir='ltr'><strong>tenebuntur.</strong></span> <span class='ocrx_word' id='word_1_178' title='bbox 304 4045 345 4109; x_wconf 80' lang='lat' dir='ltr'><strong>nt</strong></span> <span class='ocrx_word' id='word_1_179' title='bbox 360 4044 438 4126; x_wconf 90' lang='lat' dir='ltr'><strong>quia</strong></span> <span class='ocrx_word' id='word_1_180' title='bbox 454 4065 512 4132; x_wconf 91' lang='lat' dir='ltr'><strong>per</strong></span> <span class='ocrx_word' id='word_1_181' title='bbox 528 4045 690 4113; x_wconf 85' lang='lat' dir='ltr'><strong>Simonem</strong></span> <span class='ocrx_word' id='word_1_182' title='bbox 706 4046 747 4112; x_wconf 94' lang='lat' dir='ltr'><strong>de</strong></span> <span class='ocrx_word' id='word_1_183' title='bbox 764 4044 877 4112; x_wconf 87' lang='lat' dir='ltr'><strong>cadem</strong></span> <span class='ocrx_word' id='word_1_184' title='bbox 893 4045 994 4110; x_wconf 88' lang='lat' dir='ltr'><strong>Patas</strong></span> <span class='ocrx_word' id='word_1_185' title='bbox 1021 4045 1069 4109; x_wconf 90' lang='lat' dir='ltr'><strong>eis</strong></span> <span class='ocrx_word' id='word_1_186' title='bbox 1095 4043 1128 4108; x_wconf 95' lang='lat' dir='ltr'><strong>in</strong></span> <span class='ocrx_word' id='word_1_187' title='bbox 1153 4041 1215 4108; x_wconf 90' lang='lat' dir='ltr'><strong>hae</strong></span> 
     </span>
     <span class='ocr_line' id='line_1_28' title="bbox 71 4151 1212 4241; baseline -0.005 -21"><span class='ocrx_word' id='word_1_188' title='bbox 71 4161 176 4240; x_wconf 89' lang='lat' dir='ltr'><strong>parte</strong></span> <span class='ocrx_word' id='word_1_189' title='bbox 210 4152 317 4220; x_wconf 88' lang='lat' dir='ltr'><strong>luerat</strong></span> <span class='ocrx_word' id='word_1_190' title='bbox 346 4153 603 4240; x_wconf 67' lang='lat' dir='ltr'><strong>contradictum</strong></span> <span class='ocrx_word' id='word_1_191' title='bbox 627 4155 669 4222; x_wconf 90' lang='lat' dir='ltr'><strong>ad</strong></span> <span class='ocrx_word' id='word_1_192' title='bbox 699 4153 933 4241; x_wconf 89' lang='lat' dir='ltr'><strong>inspiciendum</strong></span> <span class='ocrx_word' id='word_1_193' title='bbox 961 4153 1079 4219; x_wconf 92' lang='lat' dir='ltr'><strong>dictum</strong></span> <span class='ocrx_word' id='word_1_194' title='bbox 1106 4151 1212 4217; x_wconf 88' lang='lat' dir='ltr'><strong>locum</strong></span> 
     </span>
     <span class='ocr_line' id='line_1_29' title="bbox 71 4259 1213 4349; baseline -0.004 -21"><span class='ocrx_word' id='word_1_195' title='bbox 71 4259 274 4348; x_wconf 86' lang='lat' dir='ltr'><strong>molendini,</strong></span> <span class='ocrx_word' id='word_1_196' title='bbox 289 4262 317 4328; x_wconf 91' lang='lat' dir='ltr'><strong>si</strong></span> <span class='ocrx_word' id='word_1_197' title='bbox 334 4261 450 4332; x_wconf 85' lang='lat' dir='ltr'><strong>exinde</strong></span> <span class='ocrx_word' id='word_1_198' title='bbox 466 4263 650 4331; x_wconf 88' lang='lat' dir='ltr'><strong>molendino</strong></span> <span class='ocrx_word' id='word_1_199' title='bbox 665 4263 767 4349; x_wconf 91' lang='lat' dir='ltr'><strong>ipsius</strong></span> <span class='ocrx_word' id='word_1_200' title='bbox 791 4263 933 4330; x_wconf 88' lang='lat' dir='ltr'><strong>Simonis</strong></span> <span class='ocrx_word' id='word_1_201' title='bbox 948 4261 1055 4349; x_wconf 90' lang='lat' dir='ltr'><strong>possit</strong></span> <span class='ocrx_word' id='word_1_202' title='bbox 1074 4260 1213 4346; x_wconf 91' lang='lat' dir='ltr'><strong>preiudi·</strong></span> 
     </span>
     <span class='ocr_line' id='line_1_30' title="bbox 72 4369 1214 4459; baseline -0.004 -23"><span class='ocrx_word' id='word_1_203' title='bbox 72 4374 169 4438; x_wconf 90' lang='lat' dir='ltr'><strong>cium</strong></span> <span class='ocrx_word' id='word_1_204' title='bbox 192 4371 340 4453; x_wconf 85' lang='lat' dir='ltr'><strong>generari</strong></span> <span class='ocrx_word' id='word_1_205' title='bbox 357 4391 415 4438; x_wconf 91' lang='lat' dir='ltr'><strong>nec</strong></span> <span class='ocrx_word' id='word_1_206' title='bbox 431 4391 481 4458; x_wconf 86' lang='lat' dir='ltr'><strong>ne,</strong></span> <span class='ocrx_word' id='word_1_207' title='bbox 505 4372 678 4440; x_wconf 90' lang='lat' dir='ltr'><strong>discretum</strong></span> <span class='ocrx_word' id='word_1_208' title='bbox 703 4374 806 4440; x_wconf 90' lang='lat' dir='ltr'><strong>virum</strong></span> <span class='ocrx_word' id='word_1_209' title='bbox 831 4373 1020 4459; x_wconf 83' lang='lat' dir='ltr'><strong>Magistrum</strong></span> <span class='ocrx_word' id='word_1_210' title='bbox 1037 4369 1214 4436; x_wconf 87' lang='lat' dir='ltr'><strong>Seratinum</strong></span> 
     </span>
     <span class='ocr_line' id='line_1_31' title="bbox 73 4475 1214 4550; baseline -0.004 -4"><span class='ocrx_word' id='word_1_211' title='bbox 73 4481 256 4550; x_wconf 87' lang='lat' dir='ltr'><strong>Decanum</strong></span> <span class='ocrx_word' id='word_1_212' title='bbox 268 4483 299 4546; x_wconf 94' lang='lat' dir='ltr'><strong>et</strong></span> <span class='ocrx_word' id='word_1_213' title='bbox 309 4477 516 4548; x_wconf 85' lang='lat' dir='ltr'><strong>karissimum</strong></span> <span class='ocrx_word' id='word_1_214' title='bbox 528 4481 781 4549; x_wconf 88' lang='lat' dir='ltr'><strong>concanonicum</strong></span> <span class='ocrx_word' id='word_1_215' title='bbox 791 4488 934 4550; x_wconf 89' lang='lat' dir='ltr'><strong>nostrum</strong></span> <span class='ocrx_word' id='word_1_216' title='bbox 953 4478 1104 4546; x_wconf 83' lang='lat' dir='ltr'><strong>duximus</strong></span> <span class='ocrx_word' id='word_1_217' title='bbox 1115 4475 1214 4543; x_wconf 93' lang='lat' dir='ltr'><strong>desti-</strong></span> 
     </span>
     <span class='ocr_line' id='line_1_32' title="bbox 73 4585 1215 4675; baseline -0.003 -21"><span class='ocrx_word' id='word_1_218' title='bbox 73 4587 252 4656; x_wconf 86' lang='lat' dir='ltr'><strong>nandum:</strong></span> <span class='ocrx_word' id='word_1_219' title='bbox 269 4587 324 4670; x_wconf 88' lang='lat' dir='ltr'><strong>qui</strong></span> <span class='ocrx_word' id='word_1_220' title='bbox 339 4587 418 4656; x_wconf 88' lang='lat' dir='ltr'><strong>illuc</strong></span> <span class='ocrx_word' id='word_1_221' title='bbox 433 4608 506 4656; x_wconf 89' lang='lat' dir='ltr'><strong>cum</strong></span> <span class='ocrx_word' id='word_1_222' title='bbox 522 4589 634 4675; x_wconf 87' lang='lat' dir='ltr'><strong>peritis</strong></span> <span class='ocrx_word' id='word_1_223' title='bbox 649 4585 896 4675; x_wconf 88' lang='lat' dir='ltr'><strong>molendinarijs</strong></span> <span class='ocrx_word' id='word_1_224' title='bbox 913 4597 945 4656; x_wconf 90' lang='lat' dir='ltr'><strong>et</strong></span> <span class='ocrx_word' id='word_1_225' title='bbox 959 4587 1215 4656; x_wconf 77' lang='lat' dir='ltr'><strong>molendinorum</strong></span> 
     </span>
     <span class='ocr_line' id='line_1_33' title="bbox 73 4693 1216 4785; baseline -0.004 -20"><span class='ocrx_word' id='word_1_226' title='bbox 73 4693 256 4783; x_wconf 81' lang='lat' dir='ltr'><strong>magistris</strong></span> <span class='ocrx_word' id='word_1_227' title='bbox 272 4695 442 4784; x_wconf 88' lang='lat' dir='ltr'><strong>accedens,</strong></span> <span class='ocrx_word' id='word_1_228' title='bbox 468 4697 641 4781; x_wconf 86' lang='lat' dir='ltr'><strong>diligenter</strong></span> <span class='ocrx_word' id='word_1_229' title='bbox 666 4698 833 4785; x_wconf 85' lang='lat' dir='ltr'><strong>perspexit</strong></span> <span class='ocrx_word' id='word_1_230' title='bbox 849 4705 881 4764; x_wconf 91' lang='lat' dir='ltr'><strong>et</strong></span> <span class='ocrx_word' id='word_1_231' title='bbox 897 4699 927 4763; x_wconf 88' lang='lat' dir='ltr'><strong>ei</strong></span> <span class='ocrx_word' id='word_1_232' title='bbox 943 4698 1004 4763; x_wconf 89' lang='lat' dir='ltr'><strong>tide</strong></span> <span class='ocrx_word' id='word_1_233' title='bbox 1021 4697 1125 4784; x_wconf 86' lang='lat' dir='ltr'><strong>patuit</strong></span> <span class='ocrx_word' id='word_1_234' title='bbox 1145 4713 1216 4761; x_wconf 87' lang='lat' dir='ltr'><strong>oon·</strong></span> 
     </span>
    </p>
   </div>
   <div class='ocr_carea' id='block_1_7' title="bbox 123 4811 1055 4874">
    <p class='ocr_par' dir='ltr' id='par_1_7' title="bbox 123 4811 1055 4874">
     <span class='ocr_line' id='line_1_34' title="bbox 123 4811 1055 4874; baseline 0.001 -2"><span class='ocrx_word' id='word_1_235' title='bbox 123 4831 299 4872; x_wconf 66' lang='lat' dir='ltr'><strong>nosnatura</strong></span> <span class='ocrx_word' id='word_1_236' title='bbox 315 4833 394 4870; x_wconf 81' lang='lat' dir='ltr'><strong>anuo.</strong></span> <span class='ocrx_word' id='word_1_237' title='bbox 413 4833 482 4870; x_wconf 76' lang='lat' dir='ltr'><strong>uror.</strong></span> <span class='ocrx_word' id='word_1_238' title='bbox 501 4843 539 4854; x_wconf 89' lang='lat'><strong>-·</strong></span> <span class='ocrx_word' id='word_1_239' title='bbox 559 4835 629 4870; x_wconf 81' lang='lat' dir='ltr'><strong>arra.</strong></span> <span class='ocrx_word' id='word_1_240' title='bbox 648 4829 684 4874; x_wconf 81' lang='grc'><strong>17.</strong></span> <span class='ocrx_word' id='word_1_241' title='bbox 1014 4811 1055 4873; x_wconf 67' lang='grc'><strong>,33</strong></span> 
     </span>
    </p>
   </div>
   <div class='ocr_carea' id='block_1_8' title="bbox 0 0 1544 5160">
    <p class='ocr_par' dir='ltr' id='par_1_8' title="bbox 0 0 1544 5160">
     <span class='ocr_line' id='line_1_35' title="bbox 0 0 1544 5160; baseline 0 3"><span class='ocrx_word' id='word_1_242' title='bbox 0 0 1544 5160; x_wconf 95' lang='lat' dir='ltr'><strong> </strong></span> 
     </span>
    </p>
   </div>
  </div>
 </body>
</html>
