3138 5164
596 347 756 446 joo-

109 556 168 622 pro
193 534 278 606 bono
303 537 395 624 paois
420 542 453 604 et
477 535 649 605 oonoordie
676 535 826 626 dioimus,
850 541 1113 631 pronuntiamus,
1129 543 1241 613 lauda·
1302 570 1306 578 ·

110 663 194 730 mus,
221 643 472 732 senteutiamus,
494 645 689 712 arbitramur¹
714 653 747 714 et
772 645 998 717 oonfirmamus
1009 702 1019 736 ,
1048 658 1082 718 et
1097 653 1240 740 laudum,

113 750 295 840 arbitrium,
320 752 526 820 oonoordiam
553 759 586 821 et
609 772 667 838 per
680 751 806 818 firmam
821 755 1021 822 sentenciam
1037 759 1236 830 arbitralem.

112 857 157 924 m
170 858 275 947 primo
292 859 379 944 quod
400 860 576 946 sertorem,
604 879 701 943 quam
716 859 855 928 Illustris
872 861 1023 930 dominus
1039 866 1167 934 Marnas
1185 867 1242 934 Ili·

113 965 210 1032 obael
226 965 342 1034 (lomes
358 967 517 1035 Arbensis
532 966 667 1054 protulit
677 969 711 1034 in
722 967 920 1037 Dobressam
930 971 1034 1039 oiuem
1045 973 1241 1061 Norensem,

116 1073 318 1156 quemfecit
342 1075 496 1160 suspendi
517 1082 650 1161 propter
675 1095 776 1159 opera
800 1095 861 1144 sua
885 1076 984 1164 mala,
1015 1077 1076 1146 luit
1092 1079 1194 1166 digna
1210 1087 1243 1147 et

117 1187 238 1248 saneta
253 1187 286 1250 et
300 1180 405 1267 iusta3
427 1189 460 1248 et
475 1183 627 1267 quoniam
644 1180 810 1269 prediotus
820 1181 1091 1254 Dobrissaiuerat
1100 1187 1242 1254 furatum

116 1286 163 1352 ad
184 1288 309 1356 insulas
333 1288 470 1375 predioti
495 1290 617 1358 domiui
641 1289 776 1358 Comitis
801 1289 968 1380 tirbensis,
984 1299 1017 1359 et
1032 1293 1183 1362 inuentus
1199 1314 1240 1362 ao

112 1402 232 1482 eaptus
256 1398 292 1464 in
315 1397 400 1466 furto
424 1398 608 1486 manifesto,
634 1399 695 1466 fuit
720 1399 838 1483 dignus
863 1407 895 1468 et
911 1404 1045 1471 meritus
1061 1399 1240 1489 predictam

113 1505 380 1590 suspensionem
407 1511 439 1573 et
464 1506 563 1592 illud,
581 1505 666 1590 quod
682 1506 847 1590 prediatus
863 1507 1014 1576 domiuus
1030 1510 1145 1577 comes
1160 1510 1242 1576 Ilar-

113 1631 175 1678 eus
190 1611 329 1679 Iliohael
344 1611 422 1682 feeit
437 1612 471 1678 in
487 1613 594 1697 ipsum
620 1615 827 1700 bobressam,
851 1615 933 1682 bene
958 1615 1046 1702 feeit,
1063 1623 1097 1682 et
1112 1615 1244 1698 dignum

114 1725 149 1786 et
165 1717 285 1785 iustum
302 1719 381 1804 luit3
399 1719 485 1786 vnde
501 1720 789 1788 hominibusNone
800 1728 865 1788 tam
882 1742 941 1807 pro
956 1721 1062 1790 diuiso
1078 1741 1175 1806 quarn
1186 1742 1244 1808 pro

114 1827 281 1894 communi
295 1825 483 1913 inponimus
498 1834 692 1913 perpetuum
706 1829 878 1896 sileneium
897 1848 995 1914 super
1010 1828 1090 1913 boe;
1107 1828 1245 1896 liberan·

116 1940 172 2000 tes
189 1939 221 2000 et
236 1933 444 2001 absoluentea
460 1933 641 2019 predictum
657 1935 821 2003 dominum
847 1934 1005 2004 comitem
1020 1936 1198 2004 Arbensem
1215 1941 1247 2002 et

116 2060 328 2110 suooessores
344 2059 430 2130 oues,
449 2047 482 2108 et
497 2041 672 2109 Commune
685 2043 842 2131 Arbeuse,
870 2051 902 2111 et
917 2062 1029 2112 omnes
1045 2065 1084 2111 ae
1101 2041 1249 2127 singulos

118 2148 269 2218 homines
292 2149 336 2217 de
350 2148 438 2216 Arbo
464 2151 582 2218 eteius
598 2149 766 2236 Distriotu,
785 2156 851 2216 tam
881 2171 941 2236 pro
957 2149 1062 2218 diuiso
1078 2171 1173 2235 quam
1190 2169 1248 2234 pro

118 2257 285 2322 communi
301 2257 344 2324 ab
360 2258 432 2343 ipsa
447 2257 616 2342 questione
632 2264 665 2324 et
680 2263 780 2323 morte
812 2256 957 2324 eiusdem
987 2257 1161 2344 Dobresse,
1187 2259 1247 2324 sub

116 2381 210 2448 pena
243 2363 276 2428 II
305 2363 460 2431 librarum
491 2361 695 2430 donariorum
726 2383 899 2447 paruornm
915 2365 1111 2431 Venetorum
1136 2383 1248 2431 seeun-

120 2468 201 2534 dum
226 2469 362 2537 lormam
387 2469 466 2538 dieti
492 2469 723 2554 compromissi.
748 2471 829 2536 Item
855 2469 932 2554 quia
951 2489 1017 2538 vna
1042 2468 1163 2538 baroba
1189 2470 1246 2536 Ar-

120 2575 235 2642 bensis
246 2577 413 2664 oaptaiuit
424 2586 567 2663 tempore
577 2576 912 2663 tregneperbomines
922 2577 1023 2663 Nono,
1042 2584 1074 2646 et
1089 2576 1248 2644 oonduota

117 2680 270 2748 Nonam:
300 2673 440 2750 ¹dioimus
455 2691 487 2750 et
502 2683 749 2769 sentenoiamus‚
775 2683 861 2767 quod
887 2683 1063 2752 Commune
1081 2692 1114 2751 et
1144 2684 1243 2752 homi-

125 2807 189 2856 nes
200 2788 297 2883 *Iloua
310 2790 436 2858 soluere
446 2788 589 2858 debeant
598 2797 631 2857 et
645 2796 817 2857 teneantur
833 2791 867 2856 in
883 2791 1034 2859 manibus
1049 2789 1248 2877 suprasorip·

123 2897 171 2962 tis
195 2895 333 2964 domini·
344 2898 445 2964 Marci
469 2897 610 2966 bliobael
636 2896 770 2965 Comitis
784 2898 940 2966 Arbensis
956 2898 1022 2964 XX
1037 2899 1139 2965 libras
1155 2895 1250 2964 dona·

125 3003 250 3071 riorum
274 3004 471 3072 Venetorum
496 3021 669 3090 paruorum
694 3023 796 3089 usque
815 3003 859 3071 ad
875 3004 1129 3091 Carnispriuium
1147 3004 1251 3089 prori-

119 3131 212 3178 mum
228 3112 263 3178 in
280 3110 412 3178 eluitate
427 3111 569 3178 Arbensi
585 3110 646 3178 sub
662 3130 748 3196 pena
756 3109 831 3178 dioti
848 3109 1087 3197 compromissi3
1103 3111 1159 3194 qui
1176 3128 1251 3176 vero

117 3219 276 3286 dominus
294 3219 408 3288 Comes
424 3218 580 3286 Arbeneis
596 3218 725 3285 diuidat
741 3225 773 3286 et
789 3218 963 3285 distribuat
978 3217 1067 3302 ipsas
1077 3215 1141 3282 XX
1151 3217 1252 3285 libras

116 3326 333 3394 denariorum
361 3327 443 3392 inter
467 3345 544 3394 suos
570 3327 657 3393 eines
683 3325 885 3411 ethemima,
900 3326 984 3394 siout
999 3325 1030 3393 ei
1045 3323 1204 3411 plaouerit
1222 3329 1254 3390 et

119 3433 241 3502 melius
258 3431 437 3520 apparebit.
453 3435 535 3500 Item
552 3435 594 3500 de
609 3439 714 3500 morta
738 3433 876 3500 Cernote
891 3430 1020 3500 Nobilis
1035 3431 1118 3499 oiuis
1134 3431 1255 3500 Arben-

120 3525 259 3627 sissqui
285 3549 427 3626 tempore
450 3560 568 3624 guerre
582 3541 772 3608 interleotus
787 3537 848 3607 luit
863 3539 897 3605 in
912 3538 1015 3624 prelio
1031 3559 1090 3625 per
1105 3539 1255 3608 homines

121 3649 219 3714 None
235 3648 442 3716 venientibus
457 3648 658 3717 Arbeusibus
674 3667 770 3735 snper
792 3649 971 3734 Nenenses,
989 3647 1174 3715 debellante
1191 3667 1257 3713 vna

123 3763 222 3841 parte
238 3775 311 3822 eum
326 3756 395 3823 alia
414 3777 515 3842 snper
531 3756 726 3824 territorium
735 3757 828 3824 Neue
840 3781 847 3821 :
860 3755 1005 3840 dioimus‚
1017 3755 1258 3822 senteneIamus

121 3883 187 3949 per
211 3863 355 3949 landum,
380 3866 579 3932 senteutiam
600 3873 633 3932 et
650 3865 830 3952 arbitrium,
846 3863 934 3948 quod
950 3862 1096 3929 homines
1114 3867 1147 3927 et
1167 3862 1258 3928 Com-

125 3971 397 4054 menomenae,
414 3980 446 4038 et
460 3973 636 4058 propinqui
653 3971 757 4056 ipsius
774 3971 921 4055 Cernote,
948 3990 1062 4038 omnes
1088 3977 1120 4035 et
1146 3969 1256 4053 siguli,

9 4171 18 4178 ·
125 4085 197 4162 tam
223 4099 283 4162 pro
299 4077 405 4146 diuiso
422 4099 517 4163 quam
534 4101 593 4164 pro
610 4081 771 4147 oommnni
795 4079 958 4146 Arbenses
990 4075 1132 4141 habeant
1156 4075 1255 4141 silon·

125 4187 215 4252 oium
240 4192 430 4271 perpetuum
456 4186 515 4253 sub
544 4186 693 4273 prediola
708 4205 795 4271 pena
818 4183 1061 4271 eompromissi,
1089 4183 1257 4249 absoluen-

127 4295 368 4362 tesOommune
395 4302 427 4360 ot
451 4295 596 4361 homines
621 4295 715 4360 None
729 4313 851 4361 omnes
876 4312 972 4378 super
998 4291 1077 4376 hoo;
1104 4289 1181 4370 qnia
1196 4287 1256 4355 h'oo

129 4401 255 4470 laetum
280 4401 315 4468 in
339 4422 460 4488 guerra
486 4411 518 4469 et
543 4403 644 4488 prelio
660 4403 842 4487 manifesto,
859 4407 892 4466 et
908 4398 1073 4485 inaprelijo
1089 4397 1170 4462 talia
1185 4394 1254 4462 lieri

127 4516 379 4596 consueuerant,
396 4515 429 4576 et
444 4507 561 4576 euitari
576 4527 642 4574 non
658 4497 795 4592 queunt.
805 4507 886 4574 Item
911 4525 970 4593 pro
994 4501 1143 4573 omnibus
1165 4501 1255 4566 (Iam-

123 4623 177 4688 nis
201 4619 300 4687 laetis
325 4638 383 4702 per
411 4619 557 4685 homines
583 4619 747 4683 Arbenses
772 4613 955 4682 hominibus
984 4613 1088 4696 Nona,
1116 4617 1182 4676 tarn
1198 4627 1256 4694 pro
