3118 5158
821 352 979 454 -.-10-6-

335 549 436 636 ipsius
451 551 535 617 dotis
560 549 715 635 impetere
740 570 892 618 auooessu
908 551 1072 637 temporis,
1096 571 1154 618 seu
1170 551 1379 637 aliquatenus
1394 570 1451 616 mo·

335 658 465 726 lestnre.
499 659 537 723 In
563 659 655 725 ouius
681 657 728 726 rei
752 659 972 726 testimonium
997 665 1252 744 perpetuamque
1278 658 1452 726 firmitatem

335 772 501 850 presentes
526 765 652 833 litteras
678 771 794 833 notras
819 787 893 834 eum
917 766 1094 852 alphabeto
1116 768 1288 834 intercisas
1304 767 1453 833 eoncessi-

337 895 409 940 mus
425 873 528 958 sigilli
553 874 656 940 nostri
682 873 859 942 munimine
873 876 1052 944 roboratas.
1086 876 1205 943 Datum
1222 875 1324 942 IIII-o
1340 874 1453 959 Aprilis

338 1002 423 1046 anuo
449 981 580 1047 Domini
606 979 726 1047 redd
751 981 991 1068 septuagesimo
1022 985 1111 1050 IIII⁰.
1146 984 1292 1050 Waltero
1318 984 1452 1064 Deoano,

337 1091 432 1155 Petro
450 1087 601 1175 (lentore,
624 1089 794 1158 Bonilaoio
812 1091 954 1159 Custode
970 1093 1193 1160 existentibus.

337 1252 471 1317 (Erodetie
493 1247 675 1316 bb'rhdrtydu‘
695 1252 809 1316 melyrb'l
831 1269 848 1304 a
869 1252 964 1320 peeaet
985 1251 1211 1320 hdrtyazsiuogerr
1226 1254 1312 1319 tugg;
1332 1269 1350 1304 a
1362 1251 1454 1305 slimdll.

580 1340 694 1406 hereaeg
713 1338 877 1408 Eanrerhtzy
896 1339 989 1394 esaldd
1008 1340 1217 1408 levtlttrtban.)

797 1503 1009 1517 m

874 1845 927 1909 oo.

338 1993 367 2105 ul
384 2043 530 2106 zedovrlri
545 2042 738 2108 bonnentaek
757 2042 1031 2130 bizoayodylovola
1052 2047 1135 2130 hopy
1151 2043 1267 2108 Bozad
1282 2044 1458 2126 nemzetee'q·

337 2150 398 2215 oeli
422 2149 559 2234 Mildlp
575 2149 791 2236 Zamdrfalva
816 2158 896 2214 neoti
921 2151 1061 2218 bertoldo
1086 2155 1193 2220 Oetoz
1218 2153 1393 2237 veazprdmi
1408 2149 1459 2235 fh'·

572 2279 577 2288 ·
694 2259 855 2343 lapenwolt
871 2259 987 2325 ezarita.
1013 2263 1111 2328 1274.

444 2455 631 2522 Gonueutus
646 2452 835 2537 Monasterij
859 2453 972 2522 Sanoti
988 2455 1124 2522 Adriani
1151 2457 1191 2522 de
1207 2455 1291 2522 Zela
1315 2456 1462 2522 omnihus

336 2582 473 2648 presens
499 2562 651 2646 seriptum
687 2560 880 2647 inspeeturis
914 2563 1051 2630 salutem
1076 2563 1110 2628 in
1135 2563 1263 2631 domino
1289 2563 1463 2631 salinatore.

336 2669 388 2734 Ad
405 2670 631 2736 uniuersorum
657 2671 811 2738 noticiam
838 2672 988 2738 uolumus
1006 2674 1175 2756 peruenire
1190 2674 1395 2759 presencium
1411 2693 1465 2759 per

337 2785 480 2845 tenorem
497 2802 505 2843 :
531 2777 616 2861 quod
633 2778 796 2846 Miohaele
821 2780 887 2848 filio
904 2779 1073 2848 Michaelis
1100 2781 1140 2848 de
1160 2801 1278 2864 genere
1294 2782 1411 2848 Buzad
1425 2781 1465 2846 ab

338 2907 403 2953 uua
428 2891 549 2972 parte,'
576 2891 608 2952 et
635 2883 743 2953 Oohuz
774 2886 842 2953 lilio
867 2887 1016 2970 Magistri
1041 2886 1154 2954 Buzad
1186 2889 1310 2956 Gemite
1338 2886 1465 2973 Vespri·

337 2994 453 3062 mieusi
470 2997 512 3060 ab
528 2993 634 3062 altera
650 3013 756 3058 eoram
779 2995 872 3060 nobis
897 2996 1089 3080 constitutis,
1114 2997 1314 3082 propositum
1335 3003 1369 3062 et
1384 2995 1465 3061 rela-

337 3111 404 3170 tum
426 3102 532 3170 extitit
558 3123 615 3188 per
641 3100 795 3169 eosdem:
821 3103 906 3185 quod
932 3103 1017 3170 idem
1037 3103 1178 3171 Michael
1204 3103 1369 3187 quandam
1395 3121 1466 3188 pos·

339 3211 517 3280 sessionem
549 3230 641 3278 suam
673 3209 883 3277 Zamarfolua
913 3219 1081 3287 uocatam,
1105 3231 1176 3276 oum
1209 3211 1321 3295 terris,
1355 3209 1469 3290 vineis,

337 3319 450 3404 siluis,
474 3317 590 3387 leuetis
616 3337 656 3384 ao
682 3319 758 3384 aliis
786 3317 979 3384 utilitatibus
1008 3323 1040 3382 et
1064 3318 1274 3403 pertiueuoijs
1299 3317 1386 3402 suis,
1411 3336 1470 3400 per

338 3428 457 3512 omnia,
483 3433 518 3492 ut
542 3426 709 3510 dixerunt,
734 3426 777 3492 ad
802 3433 927 3510 septem
952 3431 1061 3492 aratra
1087 3426 1335 3504 suffioieutibus‚
1361 3424 1470 3491 eidem

337 3535 455 3602 domiti
481 3535 592 3603 Oohuz
618 3541 650 3600 et
675 3536 743 3602 suis
770 3534 942 3602 heredibus
969 3534 1189 3618 heredumque
1215 3535 1471 3616 suecessoribus,

337 3665 397 3730 pro
423 3644 537 3730 viginti
563 3644 704 3727 quinque
730 3645 848 3710 mareis
873 3646 992 3730 partim
1017 3644 1051 3709 iu
1068 3644 1228 3727 denariis,
1252 3642 1371 3728 partlm
1386 3661 1469 3707 uero

337 3756 370 3821 iu
387 3753 598 3821 estimaeioue
618 3751 782 3834 condigna
806 3752 902 3836 plene
917 3751 1038 3818 habitis
1065 3758 1098 3816 et
1115 3749 1256 3835 reoeptis
1282 3749 1471 3831 abeodem,

338 3861 508 3930 confessus
533 3864 582 3925 est
608 3855 797 3924 uendidisse
824 3858 1066 3942 inperpetuum
1091 3859 1227 3944 paoifioe
1254 3863 1286 3924 et
1302 3857 1473 3923 inreuoon-

337 3971 448 4036 biliter
471 3963 711 4054 possidendam.
743 3968 781 4032 Iu
797 3965 887 4032 ouius
913 3987 971 4050 roy
987 3965 1204 4032 testimonium
1227 3973 1259 4031 et
1276 3966 1474 4030 memoriam

338 4077 511 4144 firmiorem
538 4082 707 4160 presentes
733 4073 860 4140 litteras
882 4073 1098 4141 oonoessimus
1122 4073 1224 4140 nostri
1242 4073 1342 4156 sigilli
1368 4073 1477 4138 muni·

339 4185 424 4250 mine
448 4185 630 4250 roboratas.
655 4181 773 4248 Datum
799 4202 883 4248 anno
899 4181 1030 4249 -Domini
1057 4179 1229 4248 millesimo
1246 4179 1476 4246 dueentesimo

338 4291 577 4376 septuagesimo
611 4298 735 4373 quarto,
774 4291 946 4357 Dominioo
973 4293 1106 4358 Deoano
1131 4293 1263 4374 nostro,
1286 4289 1384 4354 Petro
1414 4287 1479 4352 Cu-

337 4401 438 4484 mode,
465 4405 496 4465 et
512 4398 586 4466 aliis
603 4397 756 4466 fratribus
777 4398 949 4466 salubriter
966 4397 1194 4466 existentibus.

339 4556 662 4631 (Eredetiehdrhdrtyeim
680 4557 905 4625 lrdrtyazsinogen
932 4561 1015 4627 fuggo'
1039 4557 1132 4627 peosdt
1154 4558 1242 4620 alatt3
1271 4573 1288 4608 a
1311 4559 1397 4610 hudai
1423 4559 1482 4610 lrir.

744 4651 865 4702 kamerui
879 4642 1074 4714 levdltllrbau.)
