3118 5158
569 845 638 942 ct.

62 1071 139 1137 curt
161 1072 391 1158 neorzetse'pbeli
413 1071 514 1157 Uqrin
529 1080 638 1139 mester
662 1071 712 1136 Ice't
728 1073 841 1137 Petben
858 1082 934 1138 neoti
945 1076 1096 1158 jdszc'pot
1112 1078 1176 1137 ἰάν-

60 1184 148 1266 ppoze
172 1181 355 1266 adomdopa
372 1177 488 1246 Sudore
511 1178 741 1264 oemzetsdybeli
756 1181 860 1245 Depo
885 1191 994 1246 mester
1014 1187 1174 1247 szdmaeiru.

566 1291 662 1356 1274.

155 1486 312 1570 Magister
329 1487 469 1570 Vgrinus
489 1483 575 1551 tilius
591 1485 678 1550 Pons
697 1482 874 1568 degenere
891 1485 1007 1551 Obaak
1023 1485 1176 1569 Magister

61 1596 236 1676 rigcsonum
261 1593 383 1662 domini
408 1592 507 1675 Regis
533 1590 682 1657 Ladizloi
709 1593 858 1660 omnibus
885 1589 1004 1660 Christi
1029 1591 1178 1660 fidelibus

62 1708 215 1786 presentes
240 1700 368 1769 litteras
393 1700 591 1785 inspecturis
619 1700 757 1780 salutem
783 1701 816 1766 in
843 1700 982 1766 Domino
1009 1699 1176 1784 sempiter-

60 1830 137 1874 nsrn.
153 1807 288 1875 Nouerit
304 1809 502 1876 uniuersitas
519 1815 639 1893 uestra,
657 1807 742 1891 quod
758 1829 818 1874 nos
835 1807 1009 1892 meritorijs
1025 1805 1177 1892 seruicijs

60 1916 197 1998 Magistri
213 1916 363 2000 Dyonisij
391 1915 448 1998 filij
466 1915 597 1993 Arnstb
613 1915 654 1981 de
670 1935 790 1997 genere
806 1915 926 2002 Sudan,
950 1917 1065 2001 quibus
1091 1912 1176 1980 idem

59 2043 142 2088 asne
157 2023 300 2108 puericie
316 2021 516 2107 temporibus
544 2020 682 2089 diuersis
705 2021 923 2106 periculorum
940 2023 1069 2091 casibus
1085 2043 1177 2091 suem

59 2151 220 2214 personans
245 2131 340 2198 nobis
365 2129 549 2215 scientibus,
579 2149 654 2214 ymo
681 2129 803 2214 pluries
827 2129 1022 2216 ridentibus,
1048 2132 1178 2197 fortune

59 2238 240 2323 exponendo
267 2238 393 2303 studuit
417 2236 557 2303 fideliter
582 2237 676 2304 nobis
692 2237 901 2323 complacere,
919 2245 1013 2321 grata
1029 2258 1177 2323 compen·

56 2347 180 2411 sacione
207 2345 357 2410 volentes
384 2361 569 2425 occurrere;
594 2342 648 2426 qui
676 2343 753 2410 lieet
769 2350 901 2427 propter
917 2364 978 2410 sua
998 2343 1179 2410 laudabilia

57 2453 188 2520 seruicia
203 2453 329 2518 maiora
345 2473 385 2518 ex
410 2459 503 2536 porte
520 2451 624 2518 nostri
639 2449 805 2518 debuisset
830 2452 1024 2536 promereri,
1048 2450 1092 2518 ad
1109 2471 1177 2536 pre·

56 2581 127 2627 scus
143 2569 249 2628 tumen
258 2613 269 2649 ,
295 2568 331 2628 vt
347 2560 405 2646 slij
429 2559 578 2644 exemplo
603 2559 789 2626 huiusmodi
807 2560 850 2626 ad
867 2561 996 2628 sloioris
1012 2561 1179 2628 fidelitatis

57 2669 207 2736 feruorem
227 2669 401 2752 inuigilent
427 2675 459 2736 et
474 2674 673 2750 assurgunt:
698 2667 779 2734 (tues
796 2668 893 2737 villas
910 2677 1039 2737 nostras
1055 2669 1179 2736 Petben

55 2783 180 2844 uocatus
206 2779 240 2842 iu
258 2775 419 2841 comitatu
436 2773 677 2858 Neugrcdiensi
704 2775 893 2864 existentes,
921 2777 953 2842 in
972 2776 1086 2843 cedern
1112 2775 1177 2860 ple-

56 2882 195 2951 nitudine
222 2891 256 2950 et
282 2885 344 2950 sub
368 2882 489 2950 eisdem
516 2884 629 2968 metis,
665 2882 782 2966 quibus
808 2869 1035 2968 paternoster
1062 2891 1093 2948 ct
1118 2902 1178 2948 nos

55 2993 223 3076 tenuimus,
240 2991 400 3078 dedimus,
428 2989 620 3056 donsuimus
637 2997 669 3056 et
685 2991 880 3059 contulimus
897 2992 1001 3061 eidem
1019 2994 1177 3076 Magistro

56 3097 229 3186 Dyonisio,
254 3107 287 3165 et
301 3117 360 3185 per
378 3118 450 3166 eum
468 3097 536 3166 suis
559 3097 734 3166 heredibus
756 3108 911 3184 perpetuo
929 3109 961 3166 et
976 3099 1177 3166 inreuocsbi-

56 3205 375 3292 literpossidendas5
400 3207 456 3290 its,
483 3206 570 3290 quod
595 3225 655 3272 nec
672 3227 732 3272 nos
756 3209 920 3292 possimus
946 3209 1177 3292 inposterum,

56 3334 112 3381 nec
129 3318 229 3382 nostri
246 3335 453 3385 successores
470 3316 511 3382 ab
528 3313 599 3399 ipso
615 3314 771 3398 Magistro
788 3315 956 3400 Dyonisio,
982 3317 1035 3383 vel
1052 3315 1095 3381 ab
1110 3313 1179 3380 eius

55 3421 224 3492 herodibus
254 3425 389 3492 valeant
420 3441 583 3488 reuocare.
617 3422 658 3488 Vt
683 3421 782 3504 igitur
812 3421 870 3488 bec
902 3431 1014 3489 nostra
1041 3421 1177 3488 donacio

54 3531 150 3596 robur
175 3533 321 3617 optineat
344 3537 500 3617 perpetue
526 3527 701 3614 firmitatis,
726 3537 892 3614 presentes
919 3530 1004 3597 dieto
1021 3530 1178 3613 Magistro

55 3637 210 3722 tironicio
227 3639 448 3706 concessimus
467 3639 596 3705 littores
611 3643 724 3704 nostro
741 3637 849 3720 sigillo
867 3638 1088 3706 communitas.
1112 3639 1179 3704 Dc·

54 3755 118 3809 tum
136 3767 224 3812 anno
239 3745 373 3812 Domini
389 3746 500 3814 Μ”ΟΟ0
517 3744 758 3830 septuagesimo
775 3752 898 3828 quarto.

63 3925 188 3977 ilrsdetie
202 3923 384 3992 bdrbdrtydrr,
404 3926 517 3991 melyrdl
536 3943 553 3977 o
576 3923 669 3991 pecsdt
688 3923 937 3991 sergo-violarunt
951 3921 1180 3992 selyomzsirrdrorr

300 4016 385 4081 sugg,
405 4032 422 4066 o
434 4016 516 4068 budsi
536 4017 588 4066 isir.
608 4013 733 4066 ksmsroi
751 4013 948 4068 leveltdrdban.
