3118 5158
588 309 753 409 *ep*

106 501 217 586 quiosa
232 501 351 568 merita
366 503 433 568 iam
459 501 618 569 dictorum
641 501 798 568 nobilium
825 500 864 566 de
880 502 1129 569 mansuetudine
1143 503 1233 570 beni·

105 611 240 696 gnitatis
266 613 369 698 Regie
404 611 620 693 attendendo,
648 611 830 698 predictam
855 618 975 678 terram
999 609 1139 697 Koaehy
1163 630 1235 676 eum

106 719 299 786 utilitatibus
323 720 390 786 suis
415 721 564 787 omnibus
591 725 623 784 et
647 718 857 804 pertinenoijs
884 721 1047 788 uniuersis
1066 716 1110 788 ad
1126 738 1234 786 exem·

106 827 176 913 plau
191 827 374 894 litterarum
391 828 512 915 prefati
528 828 629 912 Regis
654 827 758 913 patris
777 827 878 894 nostri
900 827 1111 896 collacionem
1127 823 1235 894 huius-

105 933 190 1002 modi
207 937 471 1022 exprimencium,
499 942 531 1001 et
548 937 652 1002 eciam
681 933 724 1000 ad
740 935 903 1001 racionem
929 955 986 1002 seu
1011 955 1235 1020 recompensa-

106 1043 230 1109 cionem
261 1045 415 1129 pecunie,
452 1063 550 1127 quam
581 1043 719 1128 predicti
744 1043 934 1128 Reynoldus
960 1051 992 1109 et
1018 1044 1085 1110 Jalr
1116 1042 1235 1110 habere

105 1157 253 1234 poterant
277 1153 318 1219 de
343 1149 485 1236 quodam
511 1152 643 1238 captiuo
669 1151 764 1218 nobis
788 1151 979 1234 assignato,
1013 1171 1108 1236 quem
1134 1150 1233 1235 ijdem

107 1265 258 1342 ceperant
274 1261 334 1326 sub
350 1267 456 1326 castro
473 1257 597 1326 Detreh
618 1260 658 1324 de
679 1259 839 1326 militibus
855 1259 956 1342 Regis
974 1261 1163 1326 Boemorum
1181 1277 1232 1326 oa·

107 1365 219 1449 pilulis
236 1366 338 1433 hostis
363 1367 475 1452 nostri,
499 1367 543 1433 de
558 1365 782 1435 iurisdictione
807 1365 953 1433 eiusdem
979 1368 1076 1434 castri
1097 1372 1129 1434 et
1147 1374 1235 1451 pote·

108 1477 190 1538 state
207 1476 336 1558 penitus
351 1476 541 1560 eximentes,
562 1475 604 1540 de
630 1477 790 1542 Beronum
815 1482 998 1542 nostrorum
1016 1476 1233 1542 consiliolum

106 1578 200 1645 dictis
225 1582 390 1648 nobilibus
417 1581 577 1668 dedimus,
604 1581 797 1648 donabimus
828 1587 924 1666 atque
948 1580 1140 1648 tradidimus
1164 1603 1234 1666 per-

106 1695 200 1772 petuo
218 1687 354 1772 pacifice
378 1689 620 1776 possidendam,
646 1691 694 1756 ita
711 1691 796 1772 quod
819 1710 952 1776 presens
967 1697 1080 1758 nostra
1094 1691 1234 1757 donacio

106 1815 161 1862 seu
177 1797 347 1863 concessio
372 1797 490 1882 prioris
514 1796 706 1864 collacionie
732 1798 835 1882 patris
863 1798 965 1866 nostri
986 1805 1173 1884 perpetuum
1191 1798 1234 1864 sit

106 1905 286 1988 munimen,
315 1917 348 1972 et
373 1905 510 1972 eandem
536 1926 594 1990 per
611 1903 766 1972 Comitem
793 1905 896 1972 Belud
912 1905 1014 1971 filium
1034 1906 1118 1972 Both
1133 1904 1232 1971 homi-

105 2031 175 2076 nem
192 2017 338 2080 nostrum
364 2014 424 2080 sub
449 2013 633 2080 testimonio
660 2013 803 2098 Capituli
820 2013 925 2080 Oastri
942 2013 1052 2080 Ferrei
1073 2011 1163 2078 nullo
1178 2031 1232 2096 pe·

104 2119 189 2186 nitus
217 2120 456 2188 contradictore
481 2127 679 2206 apparente,
712 2121 888 2187 secundum
914 2122 1001 2205 quod
1026 2123 1060 2188 in
1087 2118 1231 2188 eiusdem

105 2225 244 2312 Capituli
269 2228 387 2294 litteris
413 2229 475 2294 hoc
501 2229 655 2295 contineri
675 2227 835 2312 uidimus,
860 2229 893 2294 in
910 2231 1005 2297 metis
1022 2230 1184 2314 prioribus
1201 2234 1234 2294 et

104 2336 246 2419 antiquis
271 2336 481 2401 terminorum
506 2334 791 2420 distinccionibus,
819 2337 851 2400 in
877 2337 994 2420 quibus
1020 2356 1078 2422 per
1103 2334 1229 2419 priores

104 2441 307 2509 habitatores
332 2444 403 2510 siue
429 2445 553 2510 incolas
588 2444 657 2512 eius
684 2443 798 2512 eadem
823 2451 908 2510 terra
935 2443 1046 2511 habita
1071 2441 1176 2508 fuerat
1201 2447 1233 2506 et

103 2569 265 2635 possessa,
291 2549 446 2633 predictis
474 2551 635 2619 nobilibus
661 2551 795 2618 fecimus
813 2551 996 2636 assignari,
1022 2550 1179 2634 volentes,
1197 2557 1233 2614 ut

102 2665 168 2724 tam
184 2659 259 2743 ipsi,
278 2679 374 2742 quam
391 2659 533 2745 ipsorum
557 2660 694 2728 heredes
710 2659 931 2743 heredumque
947 2679 1076 2726 suorum
1093 2657 1233 2741 inposte-

103 2787 172 2831 rum
209 2787 433 2852 successores,
459 2774 671 2834 memoratam
697 2774 815 2832 terram
846 2787 917 2833 oum
944 2767 1139 2834 utilitatibus
1163 2764 1231 2832 suis

102 2875 251 2941 omnibus
267 2881 300 2940 et
316 2874 527 2959 pertinencijs
552 2875 715 2942 uniuersis
741 2882 896 2960 perpetuo
915 2875 1047 2959 pacifice
1064 2871 1232 2959 possidere

102 2983 234 3047 valeant
260 2991 293 3048 et
319 2982 450 3050 habere.
475 2986 516 3049 ut
539 3005 580 3050 ne
600 3003 698 3068 super
723 2983 953 3049 distribueione
979 2982 1048 3048 siue
1070 2979 1231 3046 diuisione

101 3087 205 3172 ipsius
231 3097 316 3156 terre
343 3097 531 3176 prenotatos
557 3091 684 3157 nobiles
709 3098 867 3156 eteorum
893 3095 1038 3174 posteros
1065 3089 1231 3169 contingat

101 3194 240 3262 lorsitan
270 3199 305 3262 in
337 3204 502 3282 posterum
534 3196 741 3281 discordare,
778 3196 983 3282 presentibus
1015 3195 1229 3278 declaramus,

100 3303 187 3385 quod
212 3309 276 3369 tres
292 3311 403 3389 partes
419 3305 522 3390 ipsius
549 3311 631 3372 terre
658 3305 724 3369 iam
749 3303 828 3370 dicti
844 3303 1033 3388 Reynoldus
1051 3309 1083 3367 et
1098 3301 1174 3387 Jak,
1191 3322 1231 3368 ac

100 3411 223 3477 Kemen
245 3412 333 3478 filius
358 3411 484 3477 Kemen
508 3411 617 3478 fratris
642 3431 762 3492 eorum,
788 3418 856 3478 tam
877 3410 912 3475 in
936 3409 1080 3495 precium
1105 3411 1230 3495 captiui

99 3520 290 3605 supradicti,
306 3540 404 3604 quam
420 3520 454 3584 in
476 3521 812 3606 recompensacionem
837 3519 979 3586 fidelium
1001 3517 1230 3600 obsequiorum

99 3645 231 3692 suorum
248 3631 403 3708 tanquam
420 3629 608 3713 empticium
624 3636 743 3695 terram
761 3647 870 3694 eorum
887 3627 1040 3692 etmultis
1057 3625 1230 3692 uirtutibus

98 3734 302 3816 acquisitam,
319 3731 510 3818 possideant
524 3735 678 3822 pacifice3
702 3743 817 3817 quarta
837 3741 929 3818 parte
946 3733 1034 3798 illius
1051 3732 1231 3817 prenotatis

98 3843 199 3927 llylre
216 3848 248 3906 et
262 3842 422 3928 Dyonisio
437 3849 636 3910 remanente.
660 3845 703 3910 Vt
718 3843 818 3926 igitur
841 3839 1023 3909 huiusmodi
1039 3841 1229 3921 collacionie

98 3949 200 4016 series
228 3952 326 4017 robur
352 3959 508 4036 perpetue
534 3951 694 4018 firmitatis
721 3951 882 4032 obtineat,
912 3955 1079 4034 presentes
1106 3948 1228 4014 eisdem

97 4057 318 4123 concessimus
334 4059 463 4124 litteras
485 4055 646 4143 dupplieis
667 4058 770 4140 sigilli
786 4057 886 4122 nostri
906 4056 1082 4122 munimine
1102 4053 1230 4120 robora-

97 4169 156 4228 tas.
182 4164 305 4230 Datum
321 4185 380 4250 per
391 4185 507 4232 manus
523 4165 668 4250 Magistri
680 4163 849 4231 Benedicti
860 4165 980 4231 Sancte
996 4163 1229 4246 strigoniensis

98 4271 248 4337 Ecclesie
263 4273 386 4354 Electi,
413 4273 491 4339 aule
506 4281 613 4339 nostre
630 4271 921 4357 Uice-(lancellarij
944 4278 976 4338 et
991 4271 1151 4356 Prepesiti
1169 4270 1230 4335 Bu-

97 4377 229 4462 densis,
257 4376 366 4444 dilecti
388 4385 420 4445 et
451 4378 558 4446 tidelis
582 4381 703 4466 nostri,
736 4401 821 4445 auno
845 4378 977 4444 Domini
1002 4377 1229 4445 M⁰CG⁰LXX⁰

96 4492 226 4569 quarto,
252 4484 360 4571 pridie
386 4485 548 4554 kalendas
566 4487 667 4573 Junij,
694 4487 879 4553 Indiccione
895 4484 1037 4553 secunda
1056 4485 1160 4570 Regni
1175 4505 1229 4551 au·

95 4601 158 4659 tem
189 4593 292 4660 nostri
318 4613 404 4661 anno
428 4596 580 4662 suendo.
615 4595 864 4662 Venerabilibus
888 4595 1038 4680 patribus
1064 4594 1230 4680 Stephano
