3080 5160
611 919 688 986 273.

75 1157 137 1222 IV.
164 1156 278 1222 Leone
303 1156 487 1241 moperdeltc'
512 1151 652 1220 Cleandri
676 1153 914 1240 camactotpbelc'
944 1153 1062 1219 Tomde
1088 1165 1201 1220 comest

75 1266 214 1342 Horten,
231 1260 405 1344 Sucknlnn,
423 1259 563 1347 Thelepd
587 1265 618 1328 de
638 1261 768 1328 Zobolcs
783 1263 1044 1347 uecdjaccu'uok
1060 1262 1199 1326 tincto-

552 1367 624 1437 bac.
640 1373 736 1437 1284.

190 1601 363 1670 Ladinlaus
393 1601 455 1670 Dei
485 1603 596 1686 gracia
626 1603 810 1688 Hungarie,
840 1603 1023 1707 Damocle,
1052 1601 1196 1688 GroacIe,

74 1713 193 1793 Reme,
209 1711 331 1797 Seruie,
350 1707 497 1794 Gallicie,
513 1710 712 1798 Lodomeu're,
731 1709 894 1798 Cumanie,
903 1710 1120 1796 Bulgurieqne
1129 1712 1199 1778 Rex

75 1818 233 1886 omnibus
258 1817 377 1886 Christi
401 1817 550 1885 fidelibus
575 1825 641 1884 tam
667 1819 871 1904 presentibus
887 1839 983 1902 quam
997 1818 1113 1884 futuris
1128 1839 1198 1904 pre-

73 1947 160 1994 sens
185 1925 339 2013 seriptum
364 1925 557 2012 inspecturis
584 1927 720 1994 salutem
744 1929 780 1994 in
794 1929 936 1995 omnium
951 1927 1129 1994 saluatore.
1144 1927 1196 1992 Ad

76 2036 307 2102 rniuersorum
332 2033 483 2101 noticiam
508 2041 617 2102 tenore
632 2025 833 2121 presencium
850 2037 998 2103 volumus
1014 2035 1194 2120 peruenire,

76 2142 172 2226 quod
197 2143 311 2210 Comes
334 2143 474 2209 Thomas
499 2142 585 2210 filins
609 2143 783 2228 Pangracij
811 2143 853 2211 de
869 2163 987 2227 genere
1003 2140 1139 2209 Chanad
1154 2142 1197 2209 ad

76 2257 233 2316 nostram
257 2249 470 2337 personaliter
494 2249 676 2318 accedendo
702 2250 901 2336 presenciam
927 2249 1071 2318 exhibuit
1101 2251 1195 2318 uobis

72 2357 288 2444 priuilegium
313 2357 540 2427 waradiensis
563 2359 708 2425 Ecclesie
732 2359 874 2443 Capituli
901 2357 1106 2444 superiectis
1123 2378 1194 2443 pos-

74 2467 259 2535 sessionum
285 2487 415 2534 suarum
440 2467 600 2548 Bertlrem,
626 2467 802 2553 Sunlnulus,
828 2465 973 2553 Thelegd
998 2474 1029 2533 et
1054 2465 1195 2532 Zobolch

74 2581 269 2644 vocatarum
284 2574 474 2657 confectum,
487 2581 602 2660 petens
618 2595 639 2640 a
654 2575 746 2641 nobis
762 2595 834 2640 cum
850 2575 1017 2663 instancia,
1027 2581 1062 2641 vt
1076 2573 1194 2641 dictum

71 2684 286 2770 priuilegium
316 2690 420 2750 ratum
447 2683 583 2770 habere,
612 2690 643 2750 et
674 2691 782 2750 nostro
812 2683 984 2768 priuilegio
1009 2684 1195 2751 confirmare

70 2793 298 2878 dignaremur.
314 2792 411 2858 (iuius
428 2790 558 2874 quidem
572 2790 736 2878 priuilegij
754 2789 935 2858 tenortalis
953 2797 1020 2858 est:

184 2898 367 2985 Capitulum
399 2897 620 2966 Waradieusis
651 2898 798 2965 Ecclesia
828 2900 891 2967 stb.
924 2897 1135 2985 (kevetkezik
1171 2920 1191 2965 a

69 3007 283 3094 uagyvtradi
297 3005 524 3093 keptaluunak
542 3006 678 3076 1283-ki
694 3010 777 3074 ttlro
794 3007 957 3092 okmtnya
967 3009 1048 3075 mint
1060 3007 1192 3075 fentebb

67 3119 152 3184 262.
170 3135 214 3181 sn.
232 3113 276 3200 a.)

182 3223 336 3290 Exhibuit
359 3221 462 3291 eciam
488 3221 572 3290 idem
599 3223 711 3291 (lomes
726 3224 867 3292 Thomas
884 3223 1044 3309 quoddam
1060 3221 1189 3308 priuile-

65 3333 161 3417 ginm
188 3333 247 3399 snb
263 3331 375 3416 sigillo
391 3331 583 3398 venerabilis
599 3331 700 3417 patris
716 3331 936 3400 Bartholomoi
951 3331 1103 3418 Episcopi
1119 3333 1192 3398 Wa-

64 3439 233 3508 radiensie
257 3445 288 3504 et
314 3437 457 3504 Rornndi
474 3438 620 3507 Vuiuode
636 3439 861 3508 Traussiluani
877 3439 1009 3507 Comitis
1024 3441 1064 3506 de
1079 3441 1192 3507 Zonulr

64 3548 264 3615 dilectorum
289 3553 320 3614 et
345 3545 487 3614 fidelium
513 3554 695 3614 nostrorum
720 3568 817 3635 super
841 3545 1042 3616 dimidietate
1066 3549 1190 3637 tributi,

64 3654 159 3741 quod
176 3655 209 3720 in
225 3663 321 3740 portu
332 3653 457 3743 Chrysij
477 3657 510 3722 iu
526 3657 678 3723 Berthem
703 3657 791 3742 exigi
808 3657 974 3726 consueuit
989 3659 1031 3724 ab
1047 3659 1189 3744 antiquo,

67 3753 385 3850 conlectum,petene
402 3763 564 3831 humiliter
579 3765 805 3852 supplicando,
817 3772 851 3832 vt
861 3766 967 3850 ipsum
983 3765 1190 3852 priuilegium

63 3879 179 3940 ratum
204 3873 323 3940 habere
347 3879 379 3938 et
404 3879 512 3940 nostro
538 3873 710 3959 priuilegio
727 3873 767 3940 de
784 3874 982 3960 benignitate
997 3877 1101 3958 Regin
1116 3896 1188 3942 con·

62 3982 200 4048 firmare
216 3981 432 4066 dignaremur.
450 3979 550 4049 Gutus
567 3989 659 4050 tenor
674 3983 751 4051 talis
767 3989 836 4052 cst:

177 4087 423 4156 Bartholomcus
441 4111 481 4156 m.
493 4091 533 4156 D.
545 4091 725 4178 Episcopus
735 4091 959 4162 Waradiensis
976 4101 1008 4161 et
1017 4092 1185 4163 Rotundus

61 4195 239 4282 Woyvoda
254 4195 485 4263 Transilvanus
501 4198 563 4264 stb.
590 4197 802 4284 (kdvetkenik
827 4221 848 4267 a
874 4200 1187 4273 kettdnek1284lri

60 4304 235 4388 okmtnyn
249 4303 330 4370 mint
345 4303 443 4373 altbb
460 4307 536 4374 285.
559 4326 603 4372 sn.
621 4307 667 4394 a.)

176 4411 245 4478 Nos
260 4409 371 4496 itaque
386 4414 598 4501 attendentes,
616 4416 703 4500 quod
719 4437 902 4504 supremum
918 4418 951 4485 in
961 4419 1056 4490 rebus
1069 4420 1187 4490 bonnm

63 4528 116 4588 est
127 4517 297 4605 justiciam
314 4541 516 4610 conseruare,
528 4531 561 4589 et
575 4523 747 4609 unicuique
763 4527 912 4614 tribuere,
930 4529 1016 4612 qnod
1026 4537 1074 4597 est
1084 4550 1185 4618 suum,

63 4651 125 4696 nco
151 4627 269 4716 sinere,
296 4627 380 4714 qnod
396 4631 564 4716 potestatis
581 4641 631 4700 est
646 4633 724 4724 fieri,
741 4633 799 4703 sed
814 4638 900 4724 quod
915 4659 1033 4723 equum
1051 4647 1100 4706 est
1116 4659 1186 4728 ouef
