3118 5158
801 273 957 384 „eg

310 473 445 565 quidam
461 473 630 546 'Peotonioi
654 478 786 566 nauigio
811 479 986 548 transirent
1011 477 1054 545 ad
1079 473 1284 544 inferendum
1303 459 1444 536 homini·

310 587 371 654 bus
386 587 490 674 ipsius
506 587 610 673 patris
628 589 730 654 nostri
755 593 993 672 nocumentum,
1020 585 1092 672 ipse
1110 583 1267 666 Magister
1282 575 1444 646 Nicolaut

309 695 439 762 eosdem
464 694 659 780 nauigantes
683 698 821 763 telorum
850 693 1078 763 velocitatibus
1108 689 1306 777 impediens,
1333 701 1446 770 quam·

309 804 419 889 plures
435 802 601 870 interemit
616 823 658 870 ex
674 803 790 871 eidem.
809 806 891 871 Item
907 799 1069 888 quendam
1084 797 1297 868 Teotonienm
1318 811 1359 858 ex
1376 789 1445 854 aeie

310 911 355 976 ad
381 917 546 977 certamen
580 917 694 977 eontra
727 910 836 996 ipsum
861 907 1089 997 prooedentem
1117 903 1319 992 eaptiuauit,
1345 897 1447 963 vitam

311 1016 458 1087 eiusdem
485 1019 621 1104 capitali
645 1019 812 1087 sentencia
826 1017 977 1086 finiendo.
1011 1019 1094 1084 Item
1110 1034 1183 1081 oum
1199 1011 1289 1078 idem
1306 1008 1445 1074 Boemo-

309 1147 381 1194 rum
398 1129 469 1194 Rex
493 1127 528 1192 in
543 1133 638 1212 portu
653 1126 736 1194 Saar
760 1146 859 1212 supra
876 1125 1060 1194 Mosonium
1086 1128 1198 1190 eontra
1224 1114 1371 1185 eundem
1387 1129 1443 1196 pe·

309 1241 392 1303 trem
409 1240 555 1302 nostrum
571 1234 742 1302 transitum
765 1232 875 1302 faeere
898 1231 1065 1320 uoluisset,
1083 1228 1265 1317 proeedens
1286 1221 1445 1307 Magister

310 1341 478 1430 Nioolaus,
503 1361 568 1410 rna
584 1361 657 1408 oum
672 1341 829 1410 Ladialao
844 1341 945 1410 tratre
960 1363 1020 1410 suo
1040 1348 1074 1410 et
1089 1340 1164 1408 aliis
1180 1335 1340 1404 fidelibus
1359 1331 1446 1396 iuue-

310 1451 408 1517 nibus
419 1449 565 1518 eiusdem
583 1451 687 1536 patris
699 1452 801 1518 nostri
812 1449 1049 1518 eontramolem
1067 1448 1232 1517 exereitus
1249 1439 1335 1509 dieti
1347 1435 1446 1519 BegIr

311 1557 503 1626 Boemorem
523 1557 748 1644 transmissus,
774 1579 845 1625 oum
871 1557 1028 1624 militibus
1054 1557 1159 1642 ipsius
1185 1551 1289 1635 Regis
1306 1549 1444 1614 Boemo-

313 1684 385 1730 rum
401 1663 587 1731 dimicando
607 1665 828 1755 laudabiliter,
845 1665 1052 1750 quamplures
1070 1686 1111 1733 ex
1128 1660 1253 1732 eisdem
1270 1651 1446 1724 interemit.

310 1773 395 1839 Item
421 1792 495 1838 eum
520 1785 665 1840 castrum
690 1780 835 1841 nostrum
850 1773 1020 1844 lauriense
1045 1793 1106 1858 per
1129 1769 1283 1838 homines
1300 1757 1447 1833 eiusdem

310 1880 411 1964 Regis
426 1881 622 1948 Boemorum
647 1889 777 1968 eaptum
802 1877 1024 1950 fraudulenter
1048 1878 1221 1964 extitisset,
1249 1882 1283 1942 et
1302 1871 1349 1938 ad
1367 1864 1448 1935 obsi·

312 1985 455 2052 dendum
481 1987 589 2072 ipsum
606 1993 747 2054 oestrum
763 1985 955 2055 Joaohinum
975 1987 1167 2074 Magistrum
1188 1979 1449 2051 'Pauarnieornnr

309 2101 494 2161 nostrorum
511 2093 665 2160 dilectum
681 2098 713 2160 et
728 2093 856 2162 fidelem
872 2103 1018 2162 nostrum
1034 2091 1354 2169 transmisissemus,
1379 2083 1448 2168 ipsa

310 2201 468 2286 magister
483 2201 648 2286 Mieolaus,
665 2207 697 2269 et
712 2201 888 2268 Ladizlaus
914 2201 1017 2270 frater
1033 2203 1102 2268 eins
1118 2197 1288 2286 prediatus
1306 2193 1350 2259 de
1366 2192 1446 2257 ‘reo-

260 2369 266 2386 ,
308 2308 436 2396 tonieis,
453 2307 511 2392 qui
527 2307 568 2374 de
583 2309 657 2392 ipso
674 2314 782 2376 oestro
798 2307 969 2376 exiuerant
993 2309 1151 2394 plurimos
1177 2303 1315 2390 sagittis
1332 2307 1367 2366 et
1382 2298 1449 2364 lan·

308 2416 376 2482 eeis
401 2413 599 2481 oeciderunt.
624 2415 704 2482 Post
728 2415 809 2482 haee
825 2437 898 2483 oum
922 2435 981 2484 nes
1002 2416 1148 2484 exereitu
1173 2419 1289 2480 nostro
1309 2403 1450 2492 aliqnalr

309 2529 520 2608 congregato,
547 2520 591 2589 ad
607 2523 858 2608 expugnandum
884 2525 989 2610 ipsum
1006 2531 1148 2592 oestrum
1175 2517 1450 2596 accessissemus,

308 2628 473 2714 prenotati
497 2631 655 2714 magister
670 2630 826 2698 Nioolaus
852 2637 885 2698 et
899 2632 1074 2700 Ladialaus
1091 2629 1193 2698 frater
1209 2647 1302 2711 suus,
1331 2630 1370 2690 nt
1389 2620 1451 2687 fer·

307 2735 445 2800 uenoius
461 2754 550 2802 more
566 2735 661 2802 solito
678 2757 788 2804 eorum
804 2737 978 2806 fidelitates
995 2743 1193 2822 exarserent,
1204 2751 1320 2802 eoram
1337 2735 1450 2797 nostre

306 2839 490 2908 Maiestatis
516 2842 621 2909 oeulis
646 2842 849 2932 dimicarunt,
874 2846 994 2914 multos
1023 2866 1064 2914 ex
1087 2840 1316 2910 detentoribus
1345 2836 1453 2922 ipsius

307 2947 411 3016 eastri
427 2947 617 3015 oooidendo.
651 2951 733 3016 Item
753 2971 826 3018 eum
842 2951 1018 3036 prediotum
1034 2950 1230 3036 magistrum
1246 2944 1453 3017 Joaobinum

306 3053 350 3120 ad
372 3053 588 3121 obsidendum
613 3063 753 3124 eastrum
777 3058 965 3126 Zombothel
990 3064 1152 3143 uoeatnm,
1179 3053 1269 3140 qnod
1294 3050 1453 3122 similiter

305 3181 365 3246 per
380 3159 530 3227 homines
557 3161 645 3247 ipsos
670 3163 767 3246 Regis
787 3165 977 3232 Boemorum
1001 3166 1229 3234 fraudulenter
1248 3165 1454 3245 ooeupatnm

304 3270 425 3353 fuerat,
443 3267 656 3350 misissemus,
682 3275 870 3351 prenotatus
891 3271 1047 3354 magister
1062 3271 1222 3338 Nioolaus
1238 3274 1319 3335 ante
1335 3284 1454 3334 omnes

305 3375 340 3438 in
366 3371 512 3437 medinm
539 3372 683 3439 aeterum
709 3373 749 3439 de
774 3376 845 3460 ipso
870 3383 978 3447 eastre
1003 3377 1198 3444 exeuneium
1223 3375 1359 3442 irruens
1387 3381 1454 3438 tras

305 3476 504 3544 Teotenioos
529 3495 603 3541 eum
627 3479 743 3546 lanoea
767 3483 994 3566 miserabiliter
1017 3476 1192 3569 interemit,
1220 3487 1254 3547 et
1279 3479 1455 3564 quendam

305 3583 502 3664 Hungarum
519 3580 560 3647 de
576 3585 697 3650 nostrIs
713 3586 894 3656 hominibus
911 3597 1042 3676 eaptum
1058 3589 1224 3676 liberauit,
1244 3589 1303 3656 nbi
1320 3606 1457 3654 summa

305 3687 479 3754 fidelitatis
505 3707 562 3754 sue
588 3708 687 3773 opera
712 3693 921 3776 probabiliter
948 3697 1090 3764 exerouit
1116 3703 1150 3764 et
1164 3695 1344 3782 impendit.
1368 3695 1456 3760 Item

305 3818 379 3864 eum
404 3795 574 3881 prediatus
605 3796 795 3866 Boemorum
814 3803 883 3870 Rex
908 3803 1052 3872 ualidum
1078 3803 1257 3873 exereitum
1284 3823 1386 3872 suum
1411 3800 1457 3868 ad

306 3900 564 3989 expugnandum
591 3906 623 3966 et
639 3906 862 3990 occupandum
882 3916 1022 3976 oestrum
1038 3919 1185 3979 nostrum
1200 3911 1337 3998 Detryh
1356 3929 1457 3978 voea-

306 4018 375 4076 tum
402 4009 617 4092 destInasset,
644 4017 676 4074 et
699 4029 758 4077 nos
777 4013 820 4078 ad
841 4013 1062 4084 defensionem
1084 4017 1191 4104 ipsius
1215 4018 1320 4086 eastri
1347 4017 1459 4086 nostri

306 4113 471 4198 prefatum
503 4113 693 4194 magistrum
709 4116 911 4202 Joaohynum
936 4129 970 4187 et
984 4122 1070 4190 alios
1084 4124 1200 4191 fideles
1216 4125 1373 4191 Barones
1401 4143 1459 4190 no·

307 4229 392 4284 stros
418 4216 631 4302 misissemus,
657 4217 762 4286 dietus
786 4223 958 4292 Ladizlaus
982 4247 1124 4297 rnaoum
1149 4228 1324 4315 sepedioto
1351 4231 1460 4314 magi-

308 4331 375 4389 stro
391 4321 533 4388 Nieolae
551 4321 651 4387 tratre
676 4343 734 4391 suo
753 4325 796 4391 ad
820 4325 1042 4400 inchoandum
1058 4336 1180 4404 bellum
1208 4357 1286 4404 oum
1306 4339 1460 4405 exercitu

310 4431 413 4514 ipsius
432 4429 534 4509 Regis
549 4428 758 4513 Boemorum,
784 4435 839 4516 qui
855 4435 958 4520 ipsum
986 4449 1131 4510 castrum
1151 4445 1334 4514 obsidebat
1352 4453 1388 4512 et
1404 4465 1459 4512 ex-

311 4535 493 4615 pugnabat,
520 4533 730 4601 transmissus
747 4545 856 4605 eontra
873 4542 1004 4613 eosdem
1019 4550 1217 4619 Tentonioos
1233 4555 1463 4623 laudabiliter
