3126 5150
564 332 725 434 L

76 533 165 618 gruis
181 534 362 618 petentium
382 527 560 597 dedideriis
576 527 765 594 donacionis
786 525 931 594 antidoto
950 543 1119 594 occurrero
1136 545 1209 591 cum

77 643 198 728 fauore,
215 646 252 707 ut
271 660 330 726 per
348 639 410 706 hoc
424 636 539 704 fideles
564 634 609 702 ad
628 655 728 722 opera
752 633 922 701 fidelitatis
947 633 1121 704 ardencius
1138 651 1211 700 oon·

77 755 244 818 nocentur.
283 745 423 814 Proinde
447 745 491 811 ad
516 743 738 811 uniuersorum
766 741 920 810 noticiam
945 749 1056 810 tenore
1080 764 1211 830 presen-

79 857 163 923 cium
179 854 331 922 volumus
346 851 537 939 peruenire,
557 849 644 935 quod
661 849 777 918 (lomes
792 849 1004 933 Bogomerius
1020 851 1108 918 filius
1124 853 1211 918 Lau-

78 963 178 1048 rencij
207 965 340 1030 anobis
364 960 531 1028 humiliter
556 956 749 1044 suplicando
766 956 961 1043 postulauit,
986 964 1022 1023 rt
1038 959 1212 1042 quamdam

80 1081 196 1138 terram
212 1067 385 1152 Palugiam
402 1073 564 1148 vocatam,
590 1085 688 1148 quarn
710 1063 789 1132 olim
809 1063 964 1131 Salomon
990 1065 1077 1130 filius
1094 1067 1175 1132 Bora
1191 1087 1213 1132 a

81 1188 168 1246 terra
193 1198 312 1262 magne
336 1176 416 1243 ville
440 1174 581 1259 Palugia
607 1172 794 1240 distinctam
820 1172 971 1256 tenebat,
1003 1171 1067 1258 ipsi
1094 1173 1212 1238 Comiti

81 1285 276 1371 Bogomerio
287 1281 436 1350 conferre
446 1283 481 1348 in
491 1287 593 1364 tauto,
605 1287 638 1346 et
654 1280 806 1366 ampliori
817 1278 991 1365 prouidere
1008 1279 1209 1346 deberemus.

81 1393 166 1472 Quia
191 1399 300 1460 tamen
325 1389 448 1458 factum
474 1396 559 1456 terre
583 1388 671 1456 illins
687 1387 782 1454 uobis
808 1385 914 1452 adhuc
938 1388 972 1452 in
989 1393 1075 1454 etate
1099 1395 1214 1455 tenera

82 1500 264 1567 constitutis
290 1499 333 1564 ad
358 1498 491 1584 plenum
508 1517 573 1563 non
599 1497 790 1583 constabat,
815 1495 967 1562 Michaeli
993 1502 1068 1561 tunc
1095 1494 1213 1562 (tonitr

83 1607 124 1672 de
138 1607 248 1673 Zolom
266 1606 387 1674 nostris
414 1605 608 1672 dederamus
627 1602 746 1671 litteris
762 1602 797 1670 in
813 1602 987 1686 mundatis,
1013 1609 1049 1668 rt
1064 1603 1091 1670 si
1108 1604 1213 1688 ipsam

85 1713 180 1780 sciret
194 1719 251 1782 aut
266 1712 429 1781 inueniret
453 1713 524 1778 sine
541 1710 679 1779 alicuius
694 1709 874 1796 preiudioio
891 1709 934 1777 ad
951 1716 1096 1777 nostram
1115 1710 1212 1776 colla·

86 1823 208 1888 cionem
223 1821 399 1907 pertinere,
424 1827 457 1886 et
480 1818 591 1886 nullus
607 1837 706 1903 super
730 1838 770 1886 ea
790 1799 1008 1884 contradictor
1028 1826 1214 1904 appareret,

85 1927 190 1994 eidem
205 1928 400 2010 Bogomerio
416 1927 611 2012 assignaret.
636 1926 678 1992 Et
694 1927 773 2009 quic
789 1925 993 2010 postmodum
1010 1946 1069 2010 per
1085 1925 1216 1992 litteras

86 2034 227 2100 eiusdem
254 2034 390 2102 Comitis
425 2033 596 2102 Michaelis
621 2034 785 2118 constitit,
820 2039 937 2100 terram
962 2031 1144 2100 huiusmodi
1170 2031 1214 2098 ad

84 2150 226 2208 nostram
243 2143 455 2209 collacionem
472 2141 661 2208 immediate
681 2143 853 2227 pert-incre,
878 2162 938 2208 nec
956 2143 1099 2226 aliquem
1115 2162 1217 2226 super

84 2249 144 2315 boo
171 2250 438 2318 contradictorem
464 2249 676 2336 apparuisse;
702 2269 761 2314 nos
777 2247 968 2315 fidelitatem
994 2256 1027 2315 et
1046 2255 1142 2333 grata
1158 2251 1214 2315 ob·

85 2355 201 2440 sequia
215 2357 353 2442 predicti
368 2357 541 2442 Bogomeri
558 2355 774 2441 attendentes,
799 2359 865 2422 iam
883 2356 1001 2422 dictam
1018 2364 1138 2421 terram
1155 2357 1210 2424 Sa·

83 2463 220 2530 lomonis
236 2465 408 2549 Palugiam
433 2470 582 2532 vocatam
608 2463 691 2550 sibi,
716 2471 748 2530 et
775 2483 832 2546 per
857 2483 931 2531 eum
956 2464 1023 2530 suis
1040 2463 1216 2532 heredibus

83 2569 276 2638 contulimus
303 2571 372 2638 iure
398 2579 556 2658 perpetuo
590 2569 727 2658 pacifice
758 2578 790 2636 et
815 2571 922 2654 quiete
954 2570 1210 2639 irreuocabiliter

83 2676 322 2761 possidendam.
354 2678 441 2745 Mete
457 2686 566 2746 antem
592 2677 757 2763 eiusdem,
780 2685 876 2762 prout
890 2679 924 2745 in
940 2679 1059 2746 litteris
1076 2679 1211 2745 Comitis

80 2783 247 2852 Michaelis
260 2784 484 2868 continentur,
511 2785 571 2852 hoc
591 2784 706 2852 ordine
732 2785 973 2870 distinguntur:
998 2787 1107 2854 Prima
1126 2793 1212 2854 meta

84 2889 196 2975 incipit
221 2897 353 2977 aparte
377 2891 581 2960 meridionali
606 2893 667 2959 sub
687 2893 817 2978 alpibus
842 2893 875 2958 in
892 2893 990 2958 fluuio
1008 2893 1152 2975 Lubelle,
1179 2901 1215 2959 et

83 2997 248 3064 descendit
277 3017 335 3083 per
350 3017 478 3066 cursum
503 2999 608 3085 ipsius
624 2999 715 3085 fluuij
739 3019 842 3084 vsque
858 3000 988 3066 domum
1005 3000 1135 3066 Andree
1151 2999 1209 3084 filij

84 3106 226 3190 ilberti,
254 3106 331 3172 inde
357 3107 425 3173 exit
451 3107 491 3175 de
517 3107 590 3194 ipso
610 3108 709 3174 fluuio
735 3110 778 3174 ad
803 3114 929 3193 partem
955 3108 1143 3176 orientalem
1169 3107 1212 3172 ad

84 3219 182 3295 caput
196 3210 292 3279 ruins
309 3212 425 3298 sontis,
449 3213 568 3280 exhinc
584 3215 732 3282 ascendit
758 3235 855 3301 super
870 3213 1042 3298 quemdam
1057 3215 1214 3280 monticu-

85 3319 149 3384 lum
165 3319 207 3385 ad
222 3322 372 3386 arborem
388 3321 489 3409 trctlfa
503 3327 663 3406 vocatam,
680 3327 713 3389 et
729 3321 959 3406 continguntur
973 3328 1058 3390 terre
1074 3321 1214 3390 filiorum

89 3425 221 3493 Chabon
247 3427 290 3494 de
305 3426 422 3493 Minori
436 3428 594 3514 Palugia5
618 3429 693 3496 inde
719 3449 816 3516 super
840 3427 976 3498 cundem
1003 3430 1214 3498 monticulum

87 3533 180 3600 radit
193 3533 236 3600 ad
251 3541 318 3600 tres
335 3537 468 3603 arbores
484 3537 582 3625 tallfe
597 3546 747 3616 vocatas;
771 3544 804 3605 et
820 3535 938 3603 exhinc
954 3537 987 3603 in
1004 3537 1107 3606 latere
1122 3559 1213 3606 mon·

89 3641 131 3706 tis
148 3639 316 3709 descendit
332 3641 376 3708 ad
391 3662 544 3727 magnam
560 3644 680 3711 siluam
699 3645 742 3710 ad
758 3653 883 3730 partem
900 3643 1163 3731 meridionalem
1181 3655 1215 3714 et

88 3747 164 3813 inde
188 3770 244 3834 per
259 3749 379 3816 siluam
405 3750 497 3818 vadit
520 3753 564 3818 ad
580 3753 694 3839 alpes,
719 3761 752 3820 et
777 3757 824 3821 sic
839 3754 1040 3820 terminatur.
1065 3757 1104 3820 ln
1121 3756 1213 3822 ouius

89 3855 134 3920 rei
161 3857 347 3923 memoriam
372 3865 629 3944 perpetuamque
655 3861 838 3928 firmitatem
865 3869 1031 3945 presentes
1056 3863 1214 3929 concessi·

87 3985 158 4032 mus
173 3965 299 4032 litteras
317 3963 480 4051 dupplicis
505 3966 604 4051 sigilli
629 3970 731 4035 nostri
748 3969 925 4035 munimine
941 3972 1122 4038 roboratas.
1147 3971 1214 4038 Da·

19 4099 20 4103 ¹
89 4079 154 4137 turn
171 4092 227 4156 pcr
242 4093 358 4141 manus
373 4073 522 4158 Magistri
538 4075 706 4143 Benedicti
727 4075 918 4145 Orodiensis
934 4077 1080 4144 Ecclesie
1095 4081 1214 4165 Propo·

87 4177 139 4244 siti
156 4181 228 4247 aule
243 4187 353 4248 nostre
368 4179 660 4270 Vico-Cancellarij
679 4183 789 4252 dilecti
810 4191 844 4253 et
858 4184 965 4252 tidelis
984 4187 1097 4270 nostri,
1121 4195 1213 4255 sexto

87 4285 245 4356 kalendas
260 4288 352 4375 Junij
378 4307 465 4357 anno
484 4290 616 4358 Domini
637 4291 810 4362 millesimo
835 4291 1059 4361 ducentesimo
1084 4301 1214 4380 septua-

87 4393 208 4474 gesimo
233 4395 348 4480 tertio,
380 4397 486 4482 Regni
511 4404 619 4466 autem
645 4402 748 4468 nostri
772 4420 859 4468 anno
882 4403 996 4488 primo.
1031 4401 1214 4470 Venerabili

87 4501 156 4566 viro
181 4503 336 4588 Magistro
361 4503 499 4574 Nicolao
526 4508 645 4576 Sancte
670 4507 903 4594 Strigoniensis
927 4509 1076 4576 Ecclesie
1101 4509 1213 4576 illecto

89 4611 164 4676 aule
180 4619 287 4680 nostre
304 4611 521 4702 cancellario,
547 4622 702 4702 perpetuo
719 4615 842 4686 Comitc
858 4615 919 4686 loci
936 4616 1081 4686 eiusdem
1097 4637 1136 4684 ac
1153 4616 1211 4686 (lo-

131 4749 255 4785 urmrrrr
270 4747 353 4784 anuo.
370 4749 440 4785 ursa.
458 4759 497 4770 -
516 4751 588 4786 nrrn.
606 4746 642 4791 17.
1031 4728 1051 4790 2
