3080 5160
785 325 944 435 232.

302 546 389 619 nero,
406 529 555 602 videlicet
571 529 713 617 quinque
728 545 859 596 marcas
876 533 908 595 et
923 526 1088 610 fertonem,
1116 543 1197 610 quas
1217 522 1250 593 in
1274 531 1422 614 prompta

302 643 441 726 pecunia
464 641 590 710 soluere
615 660 677 707 non
700 637 815 724 potnit,
839 644 940 706 totam
967 635 1150 722 porcionem
1174 655 1266 703 snam
1283 637 1421 703 interra

302 749 434 816 Palastb
463 769 558 834 quam
584 747 742 832 babebat,
770 765 841 812 oum
867 746 1014 812 omnibus
1039 743 1235 812 utilitatibus
1261 744 1340 824 suis,
1363 765 1423 830 pro

302 857 422 925 eisdem
439 857 578 942 quinquo
595 855 712 922 marcis
728 861 760 920 et
773 853 908 941 fertone,
928 853 1017 920 dedit
1033 859 1064 920 et
1079 853 1261 938 assignarit
1277 853 1376 920 Lewa
1393 859 1424 918 et

301 965 379 1051 filijs
395 963 540 1033 eiusdem
556 971 712 1050 perpetuo
730 969 761 1030 et
778 961 1036 1030 irrevocabiliter
1053 959 1291 1048 possidendam,
1316 969 1426 1026 tenen·

302 1071 378 1139 dam
404 1079 435 1141 et
459 1062 661 1157 habendam3
678 1072 883 1156 presentibus
899 1077 931 1136 ot
947 1069 1226 1136 consencientibus
1242 1067 1427 1152 generacio-

301 1181 396 1248 nibus
423 1181 500 1266 suis,
527 1182 658 1248 Vrbano
686 1177 838 1247 videlicet
863 1177 928 1244 filio
954 1178 1087 1266 Thema,
1116 1175 1172 1262 qui
1196 1197 1255 1263 pro
1271 1197 1307 1244 se
1324 1182 1429 1262 etpro

305 1289 485 1357 Laurencio
510 1288 610 1355 fratre
635 1307 694 1354 suo
711 1285 898 1373 comparuit,
916 1287 1064 1354 Johanne
1079 1285 1145 1352 filio
1162 1285 1357 1370 LenstacbiJ,
1374 1283 1429 1367 qui

304 1417 363 1482 pro
380 1415 417 1464 se
433 1403 465 1462 et
480 1395 611 1462 domina
626 1394 737 1461 relicta
756 1394 894 1461 Umrcsa
918 1393 1108 1482 comparuit,
1133 1392 1209 1460 item
1226 1393 1341 1461 Almus
1356 1392 1422 1460 lilio

303 1503 400 1590 Gaze,
417 1503 471 1586 qui
488 1523 548 1588 pro
561 1521 596 1568 se
612 1503 684 1589 ipso
700 1499 803 1568 astitit
818 1521 924 1567 coram
934 1502 1036 1570 nobis.
1048 1499 1162 1588 Sepias
1181 1511 1291 1570 tamen
1310 1497 1420 1588 (dicti)

300 1613 435 1698 Albeus,
461 1618 493 1680 et
517 1613 710 1679 newa-cum
727 1609 803 1696 filijs
821 1610 894 1694 suis,
911 1617 1027 1678 terram
1044 1617 1246 1697 prenotatam
1262 1608 1419 1696 predictis

302 1718 568 1805 generacionibus
584 1720 735 1804 ipsorum,
748 1735 805 1802 pro
821 1736 947 1784 summa
965 1718 1100 1804 pecunie
1116 1715 1262 1804 predicte
1279 1715 1322 1782 ad
1339 1715 1420 1782 redi·

301 1827 450 1895 mendum
466 1825 653 1894 exhibentes
669 1845 776 1891 coram
794 1825 906 1908 nobis3
924 1826 979 1910 qui
996 1827 1100 1912 ipsam
1119 1827 1250 1893 minime
1266 1824 1422 1892 redimere

300 1943 461 2023 curarunt,
472 1935 680 2020 immoipsum
691 1941 809 2000 terram
821 1934 928 2018 quiete
944 1941 977 2002 et
992 1935 1124 2020 pacifice
1140 1935 1288 2002 conferre
1303 1932 1423 2020 permi-

281 2023 410 2111 'serunt
436 2044 534 2111 Lewa
558 2049 590 2109 et
614 2043 689 2128 filijs
714 2043 782 2109 suis
808 2043 1006 2130 supradietis
1035 2081 1079 2094 -
1106 2086 1143 2096 -
1173 2046 1251 2130 quia
1266 2044 1421 2129 qualitas,

300 2149 464 2236 quantitas
480 2172 537 2220 scu
553 2170 663 2219 cursus
680 2159 839 2218 motarum
856 2159 940 2219 terre
957 2151 1100 2238 predicte
1115 2155 1210 2222 nobis
1227 2155 1270 2220 ad
1289 2154 1420 2237 plenum

300 2281 365 2327 non
382 2261 583 2348 constabant,
595 2266 627 2327 et
641 2281 681 2326 ne
697 2266 802 2328 utrum
819 2259 942 2343 relique
958 2261 1187 2346 generationes
1203 2261 1424 2349 ipsorum,qui

299 2369 514 2457 personaliter
529 2390 593 2436 non
613 2375 981 2457 comparueruntoorum
992 2371 1094 2457 nobis,
1105 2389 1274 2439 assensum
1285 2370 1423 2436 forsitan

255 2497 265 2518 ⁸
298 2477 502 2562 prebuissent
525 2477 682 2565 premissa
713 2477 874 2546 faciendi:
906 2479 1063 2546 misianus
1087 2479 1248 2547 hominem
1273 2485 1420 2546 nostrum

298 2583 426 2653 fidelem
454 2610 495 2654 ex
518 2587 681 2675 peticione
704 2589 848 2674 parcium
866 2596 898 2652 et
914 2588 1164 2672 generacionum
1181 2607 1312 2654 suornm
1328 2585 1371 2653 ad
1387 2585 1423 2651 id

299 2695 540 2780 exequendum
566 2717 674 2763 coram
701 2717 764 2780 quo
789 2697 933 2782 predicte
949 2702 1060 2781 partes
1077 2705 1108 2762 et
1125 2697 1276 2763 uniuerso
1291 2716 1422 2780 genera·

298 2803 406 2871 oiones
423 2805 565 2892 ipsorum
582 2811 701 2869 terram
728 2804 926 2890 sepedictam
942 2805 1088 2870 cursibus
1105 2811 1262 2871 metarum
1280 2823 1423 2884 suarum,

297 2911 333 2977 in
358 2919 494 2996 quatuor
519 2911 599 2979 locis
617 2919 648 2978 ct
664 2911 832 2998 particulis
848 2911 942 2977 melis
959 2910 1153 2996 distinctam,
1171 2912 1424 2995 assignauerunt

295 3019 395 3086 Lewa
410 3025 442 3084 et
458 3019 532 3104 filijs
557 3019 625 3085 suis
644 3019 827 3104 sepedictis.
853 3019 891 3084 In
907 3017 1009 3103 primo
1025 3019 1096 3084 loeo
1112 3025 1132 3086 a
1147 3017 1242 3085 metis
1258 3025 1342 3086 terre
1361 3020 1423 3086 Ra·

295 3127 403 3194 kanza
427 3148 448 3193 a
472 3129 573 3194 tribus
590 3127 758 3211 quoreibus
773 3124 978 3212 progreditur
994 3147 1053 3212 per
1068 3127 1166 3213 riam,
1181 3146 1244 3212 qne
1259 3127 1351 3195 venit
1376 3127 1418 3193 de
1477 3183 1479 3186 ,

296 3237 438 3324 Bunouk,
455 3236 653 3322 protenditur
668 3237 754 3302 circa
771 3242 889 3301 terram
907 3235 993 3301 Petri
1009 3235 1141 3303 Comitis
1156 3235 1215 3320 filij
1227 3237 1318 3322 Burs,
1329 3239 1422 3321 capit

296 3345 331 3410 in
348 3343 521 3410 latitudine
537 3344 595 3410 XO
613 3349 684 3410 octo
700 3344 890 3429 amplexns;
907 3341 1032 3409 demum
1050 3344 1222 3411 reflectitur
1232 3353 1346 3412 contra
1355 3345 1422 3412 ral-

297 3453 369 3534 lem,
385 3453 474 3518 vadit
484 3470 541 3537 per
557 3450 791 3536 longitudinem
807 3459 890 3517 torre
907 3452 1048 3536 arabilis,
1062 3458 1093 3518 el
1104 3453 1294 3520 terminatur
1304 3453 1337 3518 in
1349 3454 1423 3538 giro

297 3559 395 3625 vallis
414 3559 559 3626 ciusdem
577 3560 680 3644 prima
695 3558 865 3645 particula.
876 3560 913 3625 In
930 3559 1071 3628 secundo
1088 3567 1197 3628 autem
1213 3561 1284 3629 loco
1302 3569 1333 3629 et
1349 3583 1424 3647 par·

297 3667 399 3734 tioula
424 3667 676 3752 assignauerunt
700 3675 796 3752 prata
821 3669 863 3733 ab
891 3675 1027 3753 utraque
1043 3667 1424 3756 parteHurbudpololra,

297 3776 350 3843 nbi
376 3796 434 3862 per
460 3776 595 3842 cundem
621 3776 722 3863 potok
737 3775 895 3844 transitur
910 3785 942 3843 et
957 3777 1144 3845 ascenditur·
1160 3785 1273 3845 contra
1289 3779 1425 3844 Drenor

296 3885 337 3950 ab
354 3883 466 3953 eodem
483 3884 619 3952 transitu
636 3905 763 3952 sursum
781 3885 938 3969 usquead
956 3887 1062 3953 exitus
1080 3894 1239 3953 metarum
1256 3893 1340 3954 terro
1351 3907 1427 3974 pre-

296 3993 391 4080 dicte,
418 4012 490 4059 cum
514 3991 711 4061 utilitatibus
735 3995 804 4062 suis
822 4014 884 4079 quo
901 3993 1061 4078 adusque
1077 3999 1173 4081 prata
1189 3993 1256 4061 lieri
1272 4001 1425 4082 possunt.

292 4102 374 4168 Item
398 4100 431 4167 in
458 4099 555 4166 tercio
580 4101 651 4168 loco
677 4109 709 4168 et
733 4102 894 4188 particula
918 4100 1168 4186 assignaretunt
1191 4107 1313 4170 terram
1331 4105 1426 4170 circa

295 4210 474 4298 predictum
502 4208 778 4298 Hurhudpotoka,
806 4211 860 4278 vbi
886 4211 974 4278 idem
1002 4209 1240 4296 Hurhudpotok
1265 4209 1358 4277 cadit
1387 4213 1425 4276 in

292 4317 426 4386 fluuium
450 4318 599 4406 Lytoua3
626 4325 658 4383 ct
673 4316 835 4385 modicum
852 4316 990 4384 inferius
1006 4317 1094 4384 cirea
1108 4316 1241 4384 fluuium
1256 4317 1385 4404 Lytaua
1400 4339 1428 4384 a

295 4427 438 4512 quadam
463 4427 547 4514 tylia
572 4428 722 4494 aseendit
746 4428 790 4493 ad
815 4435 955 4494 montem
980 4427 1014 4494 in
1040 4427 1180 4512 quodam
1196 4427 1282 4495 sicco
1298 4427 1424 4517 potolr3

292 4536 378 4602 unde
402 4536 436 4601 in
465 4535 569 4604 latere
600 4535 719 4602 montis
750 4533 942 4621 reflectitur;
974 4531 1064 4602 vadit
1095 4555 1222 4602 sursum
1255 4536 1289 4602 in
1319 4537 1432 4603 latere

299 4640 443 4710 eiusdem
467 4643 597 4730 montis,
622 4643 756 4718 vertitur
780 4643 822 4720 ad
848 4641 1023 4719 secuudum
1045 4642 1165 4714 siccum
1180 4641 1291 4735 potolr,
1310 4648 1344 4713 et
1358 4662 1425 4734 per
