3080 5160
345 1139 369 1205 Ι
371 1135 408 1208 V.
431 1137 546 1209 Maelo
571 1139 748 1225 kirdlyaole
773 1161 793 1203 a
817 1139 1017 1225 apellecipetet
1041 1139 1195 1223 telepyezo
1218 1138 1404 1224 udomdaya
1432 1157 1472 1200 aa

591 1245 690 1312 ocant
705 1247 932 1337 epdomadrdo
947 1249 1104 1312 cadmea.
1121 1247 1220 1314 1282.

449 1479 622 1548 hadizlaus
652 1479 715 1549 Dei
745 1479 859 1566 gracia
889 1479 1064 1568 Hungarie,
1095 1479 1289 1567 Dalmacie,
1319 1477 1468 1564 Oroaeie,

344 1589 463 1676 Barne,
487 1589 618 1677 Seruie,
644 1587 805 1674 Gallicie,
837 1587 1035 1674 Lodornerie,
1064 1585 1221 1654 Cumanis
1244 1587 1468 1673 Bnlgarieque

343 1697 414 1765 Rex
430 1695 579 1764 omnibus
599 1695 719 1764 Christi
734 1695 884 1766 fidelibus
900 1703 1082 1783 presentem
1098 1695 1254 1782 paginam
1269 1696 1466 1782 inspecturis

344 1805 482 1872 salutem
506 1805 542 1870 in
566 1804 705 1872 Domino
730 1806 966 1891 sempiternam.
987 1804 1099 1871 Diuini
1118 1803 1268 1871 Numinis
1285 1801 1464 1891 incompre-

343 1911 515 1980 hensibilis
530 1911 667 1980 altitudo
683 1915 786 1998 Regni
805 1913 1026 1996 gubernacula
1046 1912 1189 1997 Regibus
1204 1909 1373 1979 catholice
1387 1911 1464 1979 fidei

344 2041 382 2089 eo
399 2021 568 2088 committit
583 2019 710 2090 felicius
726 2020 956 2108 gubernanda,
981 2039 1044 2106 quo
1060 2019 1159 2110 ijdem
1176 2021 1281 2105 Reges
1298 2020 1462 2088 Ecclesiae

343 2127 465 2198 Christi
489 2130 649 2215 sangnine
673 2130 862 2214 rubricatas,
888 2149 947 2198 sue
970 2131 1073 2198 tutele
1097 2147 1291 2216 concessas,
1317 2128 1459 2197 nituntur

343 2237 449 2305 ditare
463 2237 497 2304 in
513 2237 744 2326 temporalibus
760 2237 889 2306 vberius
906 2257 966 2306 sen
982 2237 1112 2323 dotare,
1128 2236 1299 2324 presertim
1316 2255 1384 2327 eas,
1396 2257 1456 2324 qus

341 2355 456 2417 sancte
470 2345 636 2434 religionis
652 2347 792 2416 modulis
808 2345 910 2415 cultui
924 2346 1048 2416 Dinino
1064 2346 1217 2415 denooius
1232 2351 1310 2414 sunt
1321 2365 1456 2415 annexe.

341 2454 481 2524 Proinde
497 2456 541 2524 ad
556 2455 783 2527 uniuersorum
799 2454 953 2524 noticiam
967 2461 1034 2525 tam
1048 2455 1249 2543 presencium
1267 2455 1459 2540 qnamfutn·

341 2583 447 2633 rorum
462 2565 577 2633 harum
592 2563 674 2636 serio
688 2565 834 2634 volumus
849 2565 1037 2652 peruenire;
1063 2563 1149 2650 quod
1164 2583 1222 2632 nos
1238 2563 1296 2651 pia
1311 2565 1456 2632 denuoic

341 2673 393 2739 nis
417 2671 687 2760 consideracione,
710 2691 808 2756 quarn
832 2671 876 2740 ad
892 2669 1075 2740 Gloriosam
1090 2671 1152 2740 Dei
1169 2671 1382 2760 (ianitricenu,
1398 2689 1459 2756 que

341 2781 490 2865 cuiquam
505 2779 646 2848 fidelium
662 2781 831 2850 nouercari
847 2800 910 2847 non
926 2779 1025 2866 nouit,
1043 2779 1209 2866 habemns,
1225 2779 1454 2866 benignissime

341 2887 474 2975 inducti,
485 2889 623 2957 insulam
633 2909 731 2976 supra
740 2889 923 2956 Danubium
933 2887 1173 2956 circaVeterem
1185 2888 1311 2957 Budam
1322 2889 1456 2956 existen·

340 3003 416 3082 tem,
441 3017 503 3081 qne
526 2997 687 3084 quondam
711 2997 824 3065 Insula
847 2999 1006 3084 Lepornm
1031 2995 1205 3085 vulgariter,
1231 3017 1320 3064 nunc
1349 3001 1455 3064 antem

339 3103 453 3172 Insula
470 3107 569 3174 Beate
583 3105 686 3173 Maris
701 3105 844 3190 Virginis
868 3111 1082 3192 nuncupatur,
1097 3103 1241 3200 exceptis
1257 3103 1411 3172 claustris
1426 3113 1456 3172 et

341 3213 444 3302 septis
460 3215 610 3282 Fratrum
626 3215 795 3300 llinorum,
813 3219 846 3282 et
859 3217 1010 3282 Fratrum
1028 3213 1161 3282 Ordinis
1185 3215 1457 3282 Premonstraten-

340 3323 422 3389 sium
447 3323 490 3390 de
514 3322 709 3391 llonasterio
734 3322 828 3390 Beati
853 3319 1030 3410 Michaelis,
1046 3343 1086 3390 ac
1099 3327 1207 3390 castro
1223 3321 1457 3389 Ornoiferornm

340 3431 461 3498 Domus
477 3427 666 3516 Hospitalis,
684 3435 716 3498 et
731 3435 851 3518 castro,
867 3431 958 3517 turri,
974 3449 1014 3496 ae
1034 3427 1180 3498 domibus
1194 3427 1457 3516 Archiepisoopa·

338 3545 390 3605 tus
405 3539 644 3624 strigoniensis,
659 3539 693 3607 in
709 3535 823 3608 eadem
839 3541 952 3608 insula
967 3538 1161 3623 constitutis,
1178 3559 1250 3606 cum
1266 3539 1377 3622 muris,
1394 3545 1455 3606 ter-

339 3647 394 3733 ris,
420 3646 653 3716 habitatoribus
677 3647 881 3734 presentibus
908 3655 941 3714 et
964 3646 1090 3732 futuris,
1116 3667 1155 3714 ac
1171 3647 1249 3734 alijs
1265 3648 1456 3716 utilitatibus

340 3753 464 3840 damus,
480 3755 636 3823 donamus
653 3761 684 3822 et
704 3755 907 3823 concedimus
934 3754 1065 3822 domine
1089 3753 1261 3823 Elisabeth
1287 3756 1457 3824 karissime

340 3867 441 3933 sorori
466 3871 584 3952 nostre,
610 3885 649 3931 ac
664 3863 813 3932 omnibns
830 3863 1021 3932 dominabus
1036 3861 1210 3949 sororibus,
1227 3862 1381 3932 videlicet
1395 3866 1454 3931 hlo-

340 3972 473 4056 nasterij
490 3972 590 4038 Beate
606 3969 750 4054 Virginis
764 3969 799 4036 in
816 3971 930 4038 eadem
949 3969 1056 4038 insula
1071 3971 1192 4062 ingiter
1207 3971 1278 4038 Deo
1295 3971 1452 4040 famulan-

339 4083 435 4161 tibus,
463 4089 495 4146 et
510 4079 703 4147 Monasterio
727 4077 923 4166 supradicto,
949 4085 1105 4166 perpetuo
1134 4087 1167 4145 et
1193 4078 1455 4148 inreuocabiliter

338 4185 553 4274 possidenda;
571 4189 717 4254 uolentes
733 4193 765 4254 et
780 4187 1005 4273 concedentes,
1021 4185 1107 4272 qnod
1123 4209 1144 4254 a
1159 4187 1254 4255 modo
1270 4195 1339 4255 tam
1353 4189 1454 4275 ipsun

336 4297 564 4364 blonasterium
589 4292 731 4382 Virginis
755 4297 959 4384 Intemerate,
985 4315 1083 4379 qnam
1108 4295 1258 4364 vniuerse
1275 4315 1404 4366 sorores
1420 4297 1450 4363 in

337 4405 450 4472 eodem
476 4405 613 4473 lelieiter
637 4405 791 4490 degentes
816 4406 994 4474 collacione
1010 4405 1104 4474 huius
1120 4404 1234 4493 insule,
1251 4427 1310 4492 per
1327 4425 1385 4472 uos
1403 4425 1447 4472 re·

340 4512 457 4594 galiter
479 4510 585 4599 iacta,
610 4531 720 4580 secure
743 4519 776 4581 et
800 4513 926 4582 illibate
950 4513 1113 4602 gaudeant
1139 4518 1170 4582 et
1194 4512 1361 4599 truantur3
1394 4532 1451 4580 non

342 4619 541 4692 obstantibus
560 4619 678 4696 litteris
693 4639 751 4696 seu
767 4623 844 4718 ulijs
858 4621 1093 4718 instrumentis,
1116 4622 1147 4692 si
1171 4641 1235 4712 que
1258 4631 1328 4694 tam
1342 4619 1450 4717 prede·
