3138 5164
568 331 726 429 „4:⁷³3-

83 524 189 591 extitit
214 522 448 609 usquemodo.
474 525 598 592 Datum
623 523 715 592 Bude
744 526 796 592 die
811 524 973 592 domiuioo
999 533 1076 592 unte
1091 525 1208 594 festum

79 631 180 699 biario
195 631 403 719 Magdelene,
418 653 504 700 auno
520 635 652 701 Domini
668 633 788 702 bi⁰OO⁰
811 633 1032 718 oetuogesimo
1059 633 1207 720 septimo.

80 847 221 910 (Eredetie
234 843 407 914 bdrbdrtydn,
420 863 437 898 a
450 845 527 900 utini
542 849 594 900 oda
607 854 729 914 nyomott
741 846 842 914 kirdlyi
852 849 942 916 peesdt
952 849 1089 912 eirenes,
1100 849 1209 904 abudai

450 937 500 990 trir.
513 936 636 988 kamarai
661 931 851 1002 levtlttrbeu.)

540 1255 627 1264 ..η-ο...
635 1256 750 1263 ..υ-υ-

77 1927 107 1993 A
133 1931 420 2016 ezdbeafebdrodri
455 1931 682 2016 kdptudoanok
706 1932 981 2018 bizorayariqleoete,
1007 1936 1090 2019 boqy
1116 1934 1206 2016 Pylis

77 2038 315 2122 ueneretee'pbeli
354 2039 500 2104 Demeter
531 2043 645 2104 eomee'
664 2038 797 2104 Sdrtrdre
828 2040 1011 2125 belyedyreek
1034 2040 1208 2125 felertsrdt

332 2146 453 2212 Mittor
470 2167 567 2212 eomes
576 2145 710 2228 fiainok
725 2146 841 2211 eladio.
859 2148 956 2212 1287.

185 2337 399 2425 (Cupitutum
415 2338 558 2406 Eoelesie
574 2337 728 2406 Albensis
744 2341 893 2408 omnibus
920 2337 1040 2408 christi
1055 2339 1205 2408 fidelibus

74 2454 245 2531 presentes
273 2447 398 2515 litteras
429 2448 625 2533 inspecturis
649 2447 786 2515 salutem
813 2451 845 2515 iu
870 2448 1010 2515 Domino
1035 2451 1201 2534 sempiter-

75 2575 163 2620 nam.
193 2554 245 2619 Ad
270 2555 489 2622 ruiuersorum
516 2555 670 2620 noticiam
694 2562 804 2621 tenore
829 2555 1030 2640 presencium
1056 2541 1205 2624 uolumus

74 2661 356 2746 peruenirerquod
366 2663 490 2730 Gemite
499 2662 663 2730 Demetrio
672 2661 739 2727 filio
749 2662 882 2730 Comitis
892 2663 1022 2730 Nioolai
1032 2665 1074 2730 de
1084 2665 1204 2747 genere

75 2769 167 2850 Pylis
179 2769 222 2834 ab
243 2775 421 2856 unaparte,
435 2768 847 2855 JobauuefilioPougraeij
867 2771 905 2836 de
922 2771 1027 2838 Geras
1042 2791 1100 2857 pro
1110 2771 1206 2838 Petro

75 2877 228 2945 etZoerd
238 2877 456 2961 filijsOomitis
466 2877 595 2946 Nicolsi
605 2877 853 2961 nepotisWeeoh
863 2899 905 2945 ex
914 2879 1019 2947 altera
1028 2899 1137 2946 eorum
1148 2899 1205 2944 no·

75 2985 126 3053 bis
152 2983 347 3072 constitutis,
369 2983 462 3066 jdem
478 2983 593 3050 Comes
608 2985 795 3052 Demetrius
812 2972 1020 3051 medietatem
1037 2984 1204 3052 euiusdam
1233 3007 1235 3012 ·

76 3092 297 3175 possessionis
312 3091 440 3158 Serum
450 3089 608 3156 nooateiu
618 3089 780 3158 comitutu
797 3090 1010 3176 strigoniensi
1023 3091 1204 3178 existentis,

73 3199 117 3263 ab
133 3197 200 3265 ulie
216 3197 389 3264 medietato
404 3197 561 3282 eiusdem,
579 3197 731 3281 poroioue
746 3197 869 3264 scilieet
885 3197 1023 3263 filiorum
1050 3196 1201 3264 Beobend

74 3307 160 3372 Beni
178 3312 358 3390 exeeptam,
376 3325 448 3370 oum
465 3303 597 3372 domina
623 3323 724 3370 uxore
751 3323 820 3392 sua,
846 3303 915 3370 filia
941 3303 1095 3371 uidelioet
1122 3303 1201 3371 dieti

78 3409 235 3478 Beehend
251 3410 346 3496 Beni,
362 3411 446 3477 sieut
461 3409 554 3497 dixit,
571 3409 726 3478 traditam
742 3429 813 3476 oum
827 3411 897 3477 suis
907 3409 1101 3478 utilitatibus
1121 3406 1203 3495 {oon-

75 3518 181 3584 iessns
196 3524 246 3584 est
263 3537 298 3583 se
315 3515 500 3583 uendidisse
516 3537 576 3603 pro
593 3515 728 3599 triginta
742 3517 884 3600 quinque
894 3519 1011 3584 merois
1023 3519 1200 3584 eommunis

76 3625 207 3708 argenti
226 3623 379 3710 prediotis
394 3623 492 3689 Petro
509 3629 542 3690 et
556 3623 663 3691 Zoard
679 3629 837 3710 perpetuo
852 3621 1083 3708 possidendam
1100 3631 1131 3690 et
1150 3624 1204 3690 ba·

75 3731 225 3814 houden,
243 3737 275 3796 et
290 3731 393 3814 ipsam
424 3731 588 3816 reoepisse
603 3729 776 3817 pecuniam
792 3731 835 3796 ab
851 3729 984 3797 eisdem.
1000 3729 1049 3796 Eo
1065 3731 1205 3816 interpo-

74 3833 148 3924 sito,
175 3835 264 3922 qnod
282 3837 463 3920 quicunque
493 3837 614 3905 dietam
633 3837 836 3920 medietatem
852 3856 873 3902 a
889 3834 1027 3922 prefatis
1052 3833 1147 3902 Petro
1174 3843 1206 3900 et
1311 3879 1315 3886 -

74 3947 192 4030 Zoard,
209 3951 365 4012 eteorum
380 3944 554 4011 heredibus
570 3945 605 4010 in
621 3951 787 4031 posterum
799 3947 969 4029 repeteret,
986 3942 1072 4007 idem
1089 3939 1205 4009 Comes

74 4052 262 4132 Demetrius
278 4052 395 4117 eteius
411 4051 547 4120 heredes
564 4049 718 4139 expedire
733 4057 922 4120 tenerentur
947 4048 1089 4135 proprijs
1117 4049 1205 4116 lubo-

74 4161 165 4227 ribus
181 4165 213 4224 et
229 4157 391 4241 expensis.
409 4158 541 4224 Preiate
556 4160 666 4242 itaque
682 4157 866 4225 nendieioui
891 4162 923 4222 et
950 4153 1111 4240 empeioni
1135 4153 1204 4238 qni·

74 4266 162 4353 dum,
179 4266 236 4350 qui
252 4283 288 4332 se
303 4262 412 4331 Benob
423 4263 529 4330 filium
545 4265 704 4351 Rupbeyn
714 4264 953 4352 deLylugesse
963 4261 1055 4346 dixit,
1070 4263 1201 4328 nomine

76 4381 299 4442 eommeteneo
315 4373 538 4458 eomparendo,
556 4391 749 4440 eonsensum
764 4373 892 4459 prebuit
908 4377 940 4438 et
955 4387 1133 4438 assensum.
1162 4369 1200 4437 Iu

77 4483 168 4550 euius
192 4481 240 4547 rei
273 4480 461 4554 memoriam
487 4485 655 4567 presentes
681 4481 725 4547 ad
751 4482 944 4567 petioionem
969 4476 1047 4543 dieti
1072 4475 1205 4544 Comitis

72 4587 227 4676 Demetrij
247 4586 407 4673 prediotis
423 4587 520 4657 Petro
537 4595 569 4658 et
584 4585 691 4655 Zourd
706 4585 855 4656 dedimus
881 4587 1007 4654 littores
1038 4590 1148 4652 nostro
1174 4583 1204 4652 si
