3146 5166
680 958 757 1026 425.

151 1159 174 1220 I
177 1151 212 1220 V.
231 1157 347 1220 Ldszlci
364 1155 472 1240 ttruty
493 1156 583 1221 Trou
598 1129 762 1223 paraenet
778 1182 798 1222 u
814 1157 910 1222 bozzo
935 1160 1104 1220 tuaaaitott
1131 1157 1278 1262 biisope'rt

151 1264 319 1330 boazanem
349 1265 548 1350 tijeteotvta,
579 1266 738 1352 biatoar'tju
756 1267 868 1352 jopoa‘t
898 1267 929 1329 aa
959 1265 1196 1348 azabadadpait.
1230 1263 1279 1327 Eo

658 1375 778 1440 atttat.

257 1564 433 1634 Ladiaiaus
450 1566 512 1634 Dei
528 1567 640 1650 grauia
667 1569 737 1635 Rex
752 1566 920 1650 Hungarie
944 1563 1096 1634 fidelibus
1121 1566 1191 1633 suis
1215 1569 1276 1634 Po-

150 1674 260 1742 testati
278 1681 310 1741 et
326 1674 493 1742 Communi
509 1675 549 1742 de
566 1676 728 1760 Tragurio
753 1675 889 1742 salutern
907 1680 938 1740 et
963 1675 1118 1759 graciam.
1145 1675 1273 1758 Signifi-

149 1781 248 1849 eastis
265 1782 356 1848 uobis
372 1801 430 1864 per
446 1782 573 1848 litteras
590 1789 718 1848 vestras
735 1789 768 1848 et
784 1782 934 1849 Oosmam
951 1781 1103 1848 nuncium
1120 1787 1276 1868 vestrum,

152 1889 238 1974 quod
254 1887 399 1955 debitam
415 1889 605 1957 fidelitatem
621 1889 715 1957 nobis
731 1890 874 1974 perfecte
891 1889 1077 1973 seruaretis,
1103 1893 1136 1955 et
1150 1889 1271 1974 persis-

152 1999 228 2064 tetis
244 2001 398 2084 perpetuo
412 1996 445 2062 in
463 1998 587 2065 eadem.
605 1998 708 2084 Super
733 2017 797 2082 quo
821 1997 913 2064 uobis
944 2005 976 2066 ot
1006 1999 1124 2064 vestris
1156 1997 1273 2064 multas

150 2104 320 2174 referimus
333 2105 479 2191 graoias3
498 2113 727 2173 asseourautes
743 2111 775 2172 et
800 2101 974 2172 affidantes
1000 2102 1194 2171 fidelitatem
1220 2125 1275 2170 ve·

149 2221 249 2281 stram
266 2232 325 2298 per
341 2219 518 2300 presentes,
535 2214 622 2297 quod
638 2233 696 2280 vos
712 2213 746 2278 iu
762 2213 880 2280 uestris
905 2211 1113 2280 libertatibus
1139 2217 1172 2278 et
1198 2209 1276 2276 iuri-

149 2325 219 2404 bus,
237 2341 337 2404 quea
362 2321 483 2389 sanetis
508 2321 767 2407 progenitoribus
792 2321 911 2389 nostris
937 2320 1099 2400 tenuistis,
1125 2321 1277 2388 volumus

150 2430 334 2516 peremnia
350 2430 536 2498 obseruare.
554 2431 673 2498 Datum
692 2431 725 2495 iu
742 2429 852 2496 iusula
876 2430 976 2496 Sauet
995 2463 1267 2478 -----

152 2535 195 2604 ΙΙ.
220 2535 304 2602 foria
320 2541 393 2621 post
409 2541 543 2604 octauas
559 2536 670 2604 Sauoti
686 2536 832 2602 Martini.

405 2749 528 2818 (Luctus,
541 2753 670 2804 Memoris
684 2753 802 2804 storiam
812 2753 840 2804 ur
851 2753 933 2803 stau.
944 2727 987 2802 orl
998 2746 1028 2812 1.)

676 3577 752 3646 426.

148 3779 295 3844 Emebet
310 3777 418 3863 ifjabb
434 3777 653 3865 kirdlyne'auit
669 3784 785 3850 [vauca
801 3785 886 3847 aeoit
893 3777 1005 3865 fbidet
1021 3779 1179 3862 torpyuzo
1194 3777 1270 3884 adp-

147 3892 271 3971 ouciaya
305 3883 455 3950 Tioudur
485 3887 755 3972 ratkesfebeirvdri
784 3888 1008 3975 naqyprtpoa
1032 3889 1195 3952 saumuro.
1226 3885 1275 3948 Eu

655 3995 777 4063 atttriti.

256 4207 326 4273 Nos
341 4206 378 4272 Ε.
396 4205 457 4273 Dei
474 4206 586 4290 grauia
601 4208 730 4292 Regina
747 4208 916 4291 Hungarie
940 4205 1095 4274 memorie
1119 4225 1278 4274 commen·

150 4313 266 4383 murus
281 4313 504 4398 significantes
519 4315 691 4403 uniuersis,
723 4316 810 4400 quod
840 4313 997 4402 inspeetis
1011 4311 1223 4379 fidelitatibus
1248 4317 1280 4379 et

151 4420 362 4488 seruioiorum
377 4422 502 4490 meritis
517 4413 848 4507 Magistri'Tbeodori
864 4420 968 4488 Eieeti
994 4419 1139 4488 Euolesio
1163 4419 1278 4488 Alben-

150 4530 195 4596 sis
210 4528 288 4594 aule
303 4525 447 4596 illustris
470 4527 568 4612 Regis
593 4529 771 4615 Hungurie,
799 4528 965 4596 karissimi
990 4523 1147 4595 consortis
1177 4523 1279 4593 nostri

150 4633 229 4702 Viae
246 4633 446 4721 Gaueellarij
463 4635 557 4705 nobis
574 4655 646 4704 oum
673 4657 823 4724 sumpma
847 4635 1005 4704 fidelitate
1029 4634 1194 4721 impensis,
1219 4653 1279 4703 nos
