3118 5158
585 334 745 433 —ap—

105 535 294 614 attemptare
315 531 565 615 presumpserit3
590 528 847 614 indignationem
865 530 1102 616 Omnipotentis
1119 534 1182 600 Dei
1198 541 1231 602 ct

106 639 275 722 Beatorpm
291 636 378 702 Petri
408 641 441 704 et
454 638 549 704 Pauli
566 639 793 724 Apostolorum
814 639 883 705 cius
909 655 944 704 sc
969 640 1105 706 nouerit
1122 641 1227 706 incur·

106 764 219 811 surum.
252 745 374 810 Datum
399 744 550 829 Lugduni
578 765 682 813 nonas
708 744 870 830 Januarij,
893 745 1102 816 Pontificatos
1127 747 1229 815 nostri

107 872 185 918 auno
201 850 314 918 tercio.

179 1031 231 1099 (Aa
244 1032 344 1085 ersdsti
357 1029 424 1086 uatn
437 1032 535 1085 Knauz
548 1029 670 1096 Ndndon
690 1033 807 1100 Magyar
821 1033 884 1087 Sion
898 1036 949 1088 111.
969 1035 1024 1086 not.
1040 1033 1100 1087 aaa.
1114 1034 1143 1098 l.)

641 1639 695 1707 48.

107 1836 201 1904 Dones
228 1839 333 1904 addon
357 1841 462 1925 dtirjo
487 1861 530 1904 sa.
556 1838 672 1904 Lanato
699 1839 874 1925 ktrdtyook
898 1861 921 1902 o
944 1841 1069 1924 tihaayc'
1093 1844 1232 1925 apdtao'p

257 1948 369 2031 jopoit
383 1946 538 2034 tdrpyoad
554 1948 691 2014 1093-kt
701 1947 956 2032 pricilcpiomctt.
982 1950 1078 2014 1274.

207 2142 277 2210 Nos
292 2141 461 2209 Dionisius
481 2141 662 2226 Palatinus,
686 2140 794 2209 Judex
820 2141 1038 2210 Cumanorum
1064 2149 1097 2210 et
1115 2141 1232 2210 Comes

105 2248 143 2314 dc
158 2248 300 2332 meluch,
324 2249 547 2332 significamus
573 2249 735 2317 uniuersis
761 2250 963 2335 presencium
991 2272 1049 2336 per
1074 2257 1228 2333 tenorem,

104 2355 186 2437 quod
201 2377 276 2422 cum
291 2356 443 2424 dominus
459 2363 570 2423 noster
584 2357 653 2422 Rex
679 2357 721 2422 ad
738 2355 931 2423 instanciam
951 2377 1082 2442 precum
1098 2377 1230 2424 venera-

104 2461 211 2528 bilium
231 2469 263 2528 ct
278 2463 503 2549 religiosorum
521 2463 661 2558 virorum
676 2465 789 2532 Sancti
805 2464 934 2531 Martini
951 2464 992 2531 dc
1007 2465 1107 2532 Sacro
1122 2466 1230 2532 Monte

102 2569 277 2657 Pannonio,
292 2571 595 2657 Pechuaradiensis,
608 2571 845 2657 Saxardiensis,
862 2571 1093 2659 Tykonicnsis,
1110 2579 1227 2640 eetero-

102 2699 236 2764 rumque
260 2681 472 2766 plurimorum
498 2681 765 2748 Monastcriorum
789 2680 953 2748 Abbatum
979 2680 1013 2746 in
1042 2683 1153 2765 Regno
1170 2700 1229 2748 suo

103 2787 329 2874 existencinm,
356 2788 526 2856 uniuersas
547 2788 768 2874 possessiones
793 2786 968 2855 eorundem
993 2798 1067 2874 post
1091 2789 1229 2856 insultus

102 2895 313 2961 Tartarornm
340 2897 453 2980 quouis
480 2895 574 2962 modo
598 2895 758 2962 alienatas
784 2897 826 2962 ab
843 2895 975 2982 eisdem,
1000 2896 1087 2982 apud
1113 2915 1229 2962 manus

102 3020 178 3068 eoas
205 3009 237 3067 et
253 3003 391 3069 aliorum
408 3002 626 3088 quorumlibet
652 3001 781 3069 habitas
798 3003 838 3068 ob
854 3003 1031 3068 remedium
1048 3001 1156 3068 anime
1171 3023 1230 3070 sue

101 3117 132 3175 ct
156 3117 330 3196 parentum
358 3133 487 3180 suornm
519 3110 689 3178 restituere
720 3111 915 3194 decreuerit,
950 3117 983 3176 et
1008 3131 1083 3177 cccc
1107 3131 1165 3178 nos
1190 3107 1230 3176 de

101 3217 239 3302 speciali
262 3219 419 3285 mandato
444 3219 548 3304 ipsius
573 3217 697 3284 domini
723 3219 826 3286 nostri
851 3219 950 3302 Regis
974 3219 1017 3285 ad
1035 3216 1230 3285 rcuidoudas

100 3333 131 3389 et
148 3325 370 3394 restituendas
387 3327 556 3396 uniuersas
571 3326 797 3414 possessiones
813 3335 846 3392 ct
857 3327 929 3392 iura
945 3325 1022 3393 dieti
1039 3325 1227 3409 Monosterij

100 3431 332 3519 Tykoniensis,
345 3432 480 3524 domino
503 3433 635 3502 Andrca
650 3433 777 3501 Abbate
802 3433 946 3502 eiusdem
962 3433 1106 3500 Ecclesie
1124 3434 1228 3500 nobis·

100 3563 172 3608 cnm
192 3543 408 3629 personaliter
424 3544 591 3629 existente,
615 3544 708 3610 iuxta
732 3543 833 3610 serios
857 3541 1099 3626 priuilegiorum
1126 3541 1229 3626 ipsius

102 3649 293 3718 Menanterii
322 3649 365 3716 ad
383 3649 529 3717 diuersos
545 3649 742 3735 Comitatus,
766 3649 933 3733 inquibus
950 3650 1039 3717 dicta
1055 3650 1232 3736 priuilegia

99 3757 325 3839 possessiones
352 3767 384 3824 et
399 3759 473 3824 iura
496 3757 641 3826 eiusdem
669 3757 863 3824 nominatim
888 3758 1106 3842 adnotabant,
1139 3775 1228 3822 aoce-

100 3864 228 3952 dcndo;
252 3865 357 3951 primo
382 3867 425 3932 ab
440 3865 588 3934 omnibus
605 3865 723 3932 vicinis
749 3872 781 3932 et
797 3867 1027 3932 commotaneis
1054 3862 1229 3951 possessio

99 3993 177 4040 num
211 3973 387 4041 earundem
419 3972 589 4041 veritatem
620 3973 818 4056 inquirentes
850 3971 977 4041 deorum
1007 3973 1110 4039 eciam
1135 3969 1230 4037 huius

96 4080 222 4148 noticia
237 4081 394 4149 dictorum
420 4080 663 4167 priuilegiorom
682 4080 871 4164 Monastcrij
903 4079 1059 4146 antedicti
1084 4077 1229 4146 seriatim

96 4187 318 4273 inspectorum
334 4189 462 4275 plenius
478 4189 641 4256 informati
658 4189 700 4256 de
716 4188 848 4275 eisdem,
867 4188 1037 4255 uniuersas
1051 4185 1229 4273 possessio·

95 4317 156 4362 nes
174 4303 209 4361 et
224 4298 369 4380 quelibet
384 4299 456 4364 iura
473 4297 617 4363 ciusdem
634 4295 823 4380 Monaeterij
842 4295 928 4381 apud
946 4315 1062 4390 manus
1077 4293 1230 4380 prelibati

95 4403 224 4470 domini
249 4403 350 4487 Regis
376 4411 410 4470 et
433 4403 571 4470 aliorum
598 4403 812 4488 quorumlibet
837 4401 967 4469 habitas
993 4408 1026 4468 ct
1050 4399 1232 4469 existencia

95 4517 232 4598 reperta
249 4519 283 4578 ct
297 4511 433 4578 inuenta
449 4511 540 4579 iuxta
556 4513 657 4578 series
673 4509 916 4597 priuilegiorum
934 4510 1046 4577 Sancti
1062 4509 1232 4595 Stephani,

94 4619 233 4689 Andree
257 4627 292 4687 et
317 4619 396 4686 Belo
422 4621 510 4706 olym
535 4621 660 4704 Regum
686 4619 873 4707 Hungarie,
900 4617 1098 4685 uenerabilis
1121 4616 1232 4683 Dauid
