3126 5150
664 364 704 428 31,

109 557 157 624 ad
178 553 360 642 meridiem,
386 555 518 623 deuenit
543 555 586 622 ad
605 565 744 624 terream
769 565 908 643 metam;
931 559 1051 626 abhinc
1076 559 1180 626 eciam
1199 560 1252 628 de·

114 663 244 733 scendit
269 665 314 731 nd
338 671 477 732 tcrream
502 669 642 750 metam,
667 673 782 750 postca
807 664 975 734 descendit
1000 668 1043 736 ad
1059 667 1200 744 Mochar,
1217 669 1252 736 in

114 771 224 840 medio
242 773 335 841 ouius
358 779 408 840 est
423 772 518 859 lapis,
544 773 600 857 qui
617 781 666 841 est
686 794 746 858 pro
762 782 870 862 meta;
893 777 970 844 inde
985 776 1091 844 tendit
1107 775 1150 843 ad
1164 776 1252 846 viam

113 880 280 966 publicam
297 880 488 966 prouincie,
512 901 610 966 quam
636 885 860 966 pertransiens
886 883 1006 950 ibidem
1026 883 1116 950 uenit
1130 881 1174 947 ad
1189 889 1252 950 ter·

115 1009 209 1054 ream
226 999 358 1075 metam,
376 1009 438 1072 que
455 994 504 1055 est
519 988 612 1058 iuxta
627 1010 747 1056 uenam
764 992 870 1078 Vaag,
888 999 920 1058 et
935 1011 995 1076 per
1010 991 1116 1076 ipsam
1131 1009 1248 1058 venam

115 1096 267 1162 ascendit
283 1096 318 1162 in
333 1095 467 1162 fluuium
483 1096 586 1181 Vaag‚
611 1103 643 1165 et
658 1117 716 1182 per
731 1098 838 1184 ipsum
855 1096 948 1183 Vaag
964 1097 1133 1164 descendit
1149 1117 1251 1180 usque

116 1206 161 1272 ad
177 1203 319 1288 priorem
336 1211 476 1291 metam,
507 1211 538 1271 ot
552 1205 598 1270 ibi
615 1205 816 1272 terminatur.
848 1207 917 1272 Nos
933 1207 1054 1292 itaque,
1073 1205 1128 1288 qui
1154 1205 1249 1272 debe·

118 1334 190 1380 mns
206 1313 377 1395 Regaliter
392 1313 499 1378 metiri
526 1313 644 1380 merita
660 1313 881 1398 singulorum,
909 1319 941 1380 et
960 1313 1134 1396 unicuique
1159 1313 1252 1380 iuxta

117 1441 248 1486 suorum
265 1421 467 1505 exigentiam
483 1422 684 1506 moritorum,
701 1420 868 1504 regalibus
884 1439 1053 1486 occurrere
1070 1419 1250 1506 donatiuis;

116 1527 334 1595 consideratis
363 1527 575 1596 fidelitatibus
611 1535 644 1595 ct
675 1527 849 1614 meritorijs
880 1528 1028 1612 seruicijs
1060 1530 1178 1612 Tynan
1210 1548 1250 1593 ac

119 1635 293 1720 Thcvdcrtj
311 1634 551 1725 predictorum,
576 1657 639 1719 que
663 1637 758 1705 nobis
783 1637 817 1703 in
833 1636 1055 1719 legationibus
1079 1636 1201 1702 nostris
1216 1635 1250 1700 in

119 1744 293 1811 Ruteniam
319 1743 428 1830 sepius
445 1743 649 1828 transmissi,
674 1752 706 1810 et
731 1744 937 1830 postmodum
956 1744 1114 1812 innostro
1139 1751 1250 1812 nostro

119 1852 161 1916 de
177 1851 284 1938 Lypto
302 1851 480 1919 residentes
497 1852 726 1938 inpenderunt,
742 1861 776 1920 et
791 1852 966 1938 inpendere
983 1858 1134 1937 poterunt
1150 1852 1184 1917 in
1201 1851 1250 1919 iu·

117 1964 246 2045 turum,
270 1959 378 2045 ipsam
404 1959 596 2043 partientem
624 1967 711 2028 terre
736 1979 809 2027 cum
837 1961 987 2028 omnibns
1007 1959 1202 2026 utilitatibus
1218 1966 1252 2026 et

117 2065 327 2152 pertinencijs
344 2065 505 2134 uniuersis
520 2067 647 2153 Tywan
666 2089 706 2134 ac
721 2068 907 2135 Theodorio
924 2067 1129 2153 supradietis,
1143 2073 1176 2133 ct
1191 2088 1250 2152 per

115 2193 174 2240 eos
198 2173 342 2258 ipsorum
368 2174 560 2260 heredibus,
587 2175 809 2258 heredumque
837 2195 966 2242 suorum
997 2176 1249 2260 successoribus,

118 2280 284 2365 dedimus,
311 2281 502 2349 donauimus
529 2291 562 2348 ct
588 2284 804 2371 contulimus,
837 2285 908 2350 iure
934 2290 1088 2368 perpetuo
1113 2282 1250 2367 pacifice

117 2387 367 2475 possidendam,
392 2390 569 2456 tenendam
596 2395 628 2458 et
647 2391 844 2458 habendam.
870 2393 913 2457 Vt
928 2391 1026 2476 igitur
1042 2389 1137 2456 buius
1153 2391 1249 2456 collo-

116 2499 223 2566 cionis
249 2507 358 2566 nostre
383 2499 483 2565 serios
510 2501 607 2566 robur
631 2501 777 2566 obtineat
801 2507 957 2586 perpetue
981 2496 1165 2580 firmitatis,
1189 2517 1252 2563 nec

117 2606 222 2690 possit
239 2606 306 2674 ulto
332 2625 485 2690 nmquam
510 2613 655 2694 tempore
679 2630 738 2694 per
754 2609 939 2694 quempiam
965 2605 1157 2686 retractari,
1181 2624 1250 2689 pre-

117 2722 227 2780 sentes
254 2715 475 2782 concessimus
500 2715 629 2782 littoras
656 2714 796 2800 duplicis
821 2714 925 2800 sigilli
945 2714 1049 2780 nostri
1070 2711 1250 2778 munimine

116 2821 313 2888 roborando.
338 2821 460 2888 Datum
485 2841 543 2909 per
559 2843 674 2890 manus
690 2823 888 2892 venerabilis
905 2823 968 2891 riri
983 2823 1131 2908 Magistri
1147 2821 1249 2889 Benc-

116 2929 197 2994 dioti
212 2928 335 2996 Sancte
351 2929 585 3014 strigoniensis
602 2931 751 2998 Ecclesie
766 2931 881 3018 Electi,
905 2928 1069 3016 Prepositi
1088 2927 1249 2998 Budensis

114 3035 193 3102 ante
217 3044 329 3103 nostro
345 3036 422 3103 Vice
439 3036 647 3125 Cancellarij,
673 3038 783 3106 dilecti
807 3037 912 3106 fidelis
936 3037 1046 3106 nostri.
1070 3037 1165 3102 Anno
1184 3034 1249 3099 Do·

117 3143 197 3209 mini
212 3143 431 3232 bd‘1000LXX0
446 3144 556 3212 tercio.
581 3145 687 3230 Regni
703 3152 814 3214 autem
830 3147 933 3212 nostri
949 3165 1034 3211 anno
1050 3142 1202 3211 secundo.

116 3319 182 3386 (111.
200 3323 289 3376 Endre
311 3319 404 3388 kirtly
424 3324 535 3375 lues-ki
554 3323 716 3391 megerdsitd
736 3321 930 3390 okmtnytbtl.
949 3323 1028 3374 Kozli
1047 3306 1123 3387 bruy
1141 3319 1250 3388 Jdnos.)
