3138 5164
623 353 782 461 Q

131 547 297 637 duppliois
313 551 418 640 sigilli
434 551 726 622 nostrimuoimine
743 558 921 626 roboratas.
939 558 1059 626 Datum
1075 576 1261 646 permanes

133 659 333 729 venerabilis
349 661 451 748 patris
475 661 598 730 'l'home
624 663 837 734 miseracione
868 667 992 734 Diuina
1019 666 1179 755 Episcopi
1204 669 1266 734 Va-

133 765 256 838 eicnsis
265 822 276 858 ,
303 771 379 839 aule
408 781 517 841 nostre
533 772 613 842 Vioe
629 773 822 860 Cancellarij
841 775 953 844 dilecti
981 783 1012 843 et
1031 775 1136 844 fidelis
1153 776 1264 855 nostri,

131 896 219 945 anno
234 879 370 947 Domini
379 879 551 949 millesimo
560 881 784 950 ducentesimo
795 883 1014 968 octuagesimo
1026 884 1147 969 quinto.
1158 885 1263 971 Regni

132 989 244 1052 autem
258 986 363 1054 nostri
378 1007 465 1055 anno
479 988 604 1057 decimo
621 997 747 1074 quarto.

134 1177 197 1244 (111.
209 1183 303 1238 Endre
328 1182 476 1252 kirdlynak
507 1187 586 1240 lact.
613 1187 777 1254 megerdsitr'i
807 1183 990 1254 okmdnye'tbdl
1017 1187 1099 1243 nonai
1118 1185 1276 1258 uejeetnyr

522 1259 609 1330 dcam
623 1275 890 1344 gylljtemdnydbcn.)

592 1561 807 1572 -u———n—-uu—

661 1985 738 2054 301.

134 2185 197 2250 IV.
216 2186 333 2251 Leszlc
347 2185 455 2271 lrirdly
470 2187 556 2252 Poeta
581 2141 691 2253 coereeat
706 2186 879 2252 Meredreok
888 2189 954 2270 ficit
979 2212 1000 2251 o
1017 2189 1125 2252 Botur
1151 2189 1264 2271 eduee-

129 2303 184 2380 μοι
203 2295 359 2380 teirqyuzd
375 2294 513 2358 1283-1ιι·
529 2295 603 2360 250.
615 2318 655 2358 ez.
667 2319 697 2360 a.
709 2293 954 2378 ‹rdoomuycldoo
965 2294 1153 2378 rereperdsiti.
1165 2293 1261 2356 1285.

241 2489 418 2557 bolizlaus
449 2488 512 2555 Dei
543 2491 655 2573 gracia
688 2489 869 2576 Hungarie,
903 2489 1082 2576 Dalmacie,
1116 2489 1262 2575 Croacie,

129 2599 247 2683 Reme,
272 2595 396 2680 Seruio,
431 2595 576 2682 Gallieie,
610 2597 814 2684 Lodomerie,
842 2596 1008 2682 Camerio,
1043 2598 1263 2682 Bulgarieque

128 2707 203 2772 Rex
227 2706 376 2772 omnibus
399 2703 518 2772 Christi
547 2703 697 2772 fidelibus
724 2713 790 2770 tarn
807 2707 1012 2790 presentibus
1031 2725 1127 2787 quam
1145 2705 1263 2771 futuris

127 2813 335 2900 presencium
361 2811 516 2878 noticiam
543 2811 704 2878 habituris
731 2814 870 2880 salutem
892 2813 925 2878 in
941 2813 1081 2880 Domino
1097 2813 1263 2897 sempiter-

130 2942 223 2987 nam.
239 2921 281 2985 Vt
297 2919 493 2986 collaciones
510 2919 634 3001 Regum
646 2925 801 3002 perpetuo
819 2920 933 2985 robore
943 2917 1129 3004 fulciantur,
1145 2919 1264 2986 debent

128 3047 198 3094 non
223 3025 371 3092 inmerito
404 3024 583 3091 litterarum
609 3025 789 3109 patrocinio
822 3026 1022 3092 communiri.
1053 3023 1193 3092 Proinde
1220 3027 1263 3092 ad

129 3133 357 3200 uniuersorum
374 3139 441 3198 tam
458 3131 660 3216 presencium
672 3151 768 3216 quam
780 3133 960 3200 lecturorum
978 3132 1132 3200 noticiam
1150 3139 1262 3200 tenore

130 3241 339 3330 presencium
355 3241 506 3308 volumus
522 3241 703 3326 peruenire,
721 3239 808 3326 quod
824 3241 939 3307 Cernes
955 3239 1041 3306 Pous
1057 3241 1143 3307 filius
1160 3241 1262 3308 Merse

129 3347 176 3418 ad
192 3355 336 3416 nostram
361 3347 520 3416 accedens
547 3347 754 3436 presenciam
787 3348 880 3414 nobis
903 3347 986 3413 dixit
1018 3349 1262 3431 conquerendo:

130 3457 317 3544 quodcum
348 3477 409 3523 nos
441 3457 605 3539 quandam
630 3463 752 3522 terram
778 3455 1049 3522 dranohariorum
1080 3461 1263 3524 nostrorum

129 3569 237 3635 Batnr
253 3572 402 3632 vocatam
417 3570 566 3650 respectu
582 3563 792 3632 seruioiorum
810 3582 951 3650 suorum,
969 3571 1001 3630 et
1018 3562 1151 3630 duorum
1168 3585 1262 3648 equo

129 3695 204 3742 rum
220 3693 352 3741 suorum
368 3675 526 3740 bonorum
543 3693 601 3756 pro
618 3677 742 3738 nostra·
755 3689 897 3756 persona
912 3671 1108 3758 velenoinm,
1125 3691 1263 3738 necnon

133 3781 375 3868 quinquaginta
390 3799 546 3864 equarum
568 3797 698 3845 suarum
715 3779 756 3845 de
772 3777 909 3861 equacia
934 3797 1003 3860 sua,
1036 3779 1099 3845 sibi
1115 3779 1263 3846 contulis-

136 3909 261 3978 semus,
277 3895 374 3974 prout
404 3887 562 3953 innostro
578 3885 754 3971 priuilegio
773 3885 891 3954 exinde
907 3885 1056 3953 confecto
1071 3885 1200 3971 plenius
1216 3885 1274 3970 vi,

132 4000 243 4068 dimus
261 3994 439 4078 contineri,
471 3995 542 4077 ipse
573 3993 732 4078 quosdam
758 3992 883 4058 incolas
899 3992 984 4060 diote
999 3998 1093 4078 terre,
1110 3993 1265 4060 videlieet

130 4105 326 4176 Fereasium
342 4107 374 4170 et
388 4101 483 4188 Jurk,
501 4103 575 4187 Ieep
592 4122 632 4167 ao
646 4100 730 4168 filios
746 4119 822 4167 suos
831 4151 840 4186 ,
855 4099 1027 4166 Nicolaum
1045 4101 1145 4168 filium
1161 4101 1262 4187 Syke,

130 4233 277 4281 necnon
303 4211 447 4296 Symeon
461 4209 561 4276 filium
579 4209 691 4297 Gheet,
707 4229 747 4277 ac
777 4212 934 4293 cognatos
960 4209 1111 4294 ipsorum,
1128 4218 1259 4297 propter

132 4319 288 4408 temporis
304 4317 450 4405 inpacati
460 4316 668 4385 turbaeiones
684 4323 716 4383 et
731 4316 836 4402 Regni
847 4315 950 4385 nostri
966 4316 1058 4382 veria
1073 4317 1264 4384 discrimina

132 4429 177 4496 de
193 4429 268 4515 ipsa
293 4434 380 4494 terra
404 4425 566 4512 deponere
590 4445 648 4492 sea
668 4425 834 4510 expellere
866 4424 1085 4509 nequiuisset3
1112 4430 1264 4508 petensa

132 4537 231 4605 nobis
248 4555 320 4603 cum
336 4533 507 4620 instancia,
534 4541 570 4602 vt
584 4555 643 4602 nor
668 4533 883 4600 eollaoionem
908 4533 970 4600 eibi
995 4551 1053 4619 per
1068 4549 1127 4598 nos
1142 4529 1262 4597 laetam

132 4663 338 4728 conseruare,
354 4648 387 4711 et
402 4641 626 4714 conseruando
647 4640 815 4732 inuocare,
825 4639 1061 4712 aeinnouando
1072 4637 1264 4715 confirmare
