3146 5166
649 853 727 922 tle.

117 1055 181 1120 JV.
199 1057 314 1122 Lciealo
329 1055 506 1140 kirdlyook
535 1077 700 1140 paraneto
715 1077 738 1118 o
753 1055 887 1119 oaoodri
911 1053 1140 1140 lociptclcnhoz,
1167 1053 1247 1134 hoyy

117 1163 253 1244 lateant,
269 1162 336 1229 Jck
352 1163 526 1246 comeeficit
551 1163 792 1248 oieocahelyeace
821 1161 940 1227 Ludere
970 1166 1054 1225 nevit
1071 1157 1247 1245 foldbirto-

533 1269 627 1335 ceca.
643 1247 694 1334 ne
719 1270 837 1336 nouo.
1184 1305 1187 1310 -

226 1462 403 1531 Ladizlaue
420 1463 482 1530 Dei
498 1465 613 1548 gracia
635 1465 705 1534 Rex
722 1463 890 1550 Hungaric
914 1461 1065 1532 fidelibus
1091 1463 1159 1530 euin
1186 1460 1244 1529 Oa-

116 1570 223 1657 pitulo
240 1568 348 1638 Gaotri
365 1569 475 1640 Ferrei
490 1571 628 1638 calutum
645 1579 677 1638 ct
690 1571 847 1656 graciam.
863 1570 1048 1656 Stephanus
1065 1569 1152 1636 filine
1177 1566 1244 1633 Jak

118 1677 254 1746 comitio
270 1675 436 1770 quandam
452 1683 571 1744 terram
587 1699 680 1747 uuam
696 1679 811 1748 Ladon
827 1684 988 1766 vocatam,
1005 1697 1068 1762 que
1091 1695 1149 1763 per
1173 1677 1244 1744 Ma-

116 1787 254 1873 gistrum
279 1784 464 1854 Johannem
488 1785 717 1872 potencialiter
741 1787 842 1855 fnieee
866 1786 985 1853 dicitur
1011 1785 1154 1868 detenta,
1180 1781 1244 1850 eibi

115 1894 248 1962 restitui
263 1893 458 1980 postulauit,
474 1894 535 1962 eed
550 1894 630 1979 qnia
646 1893 686 1964 de
702 1895 789 1962 facto
804 1893 906 1981 ipsine
916 1898 1124 1978 terre,vtrnm
1140 1890 1245 1976 ipoiue

116 2002 226 2089 fuerit,
243 2001 338 2070 nobie
354 2003 476 2070 ueritas
502 2022 566 2068 non
583 2007 718 2090 oonetat,
743 2001 892 2068 fidelitati
917 2007 1024 2070 uentre
1050 1999 1244 2067 mandamns

115 2108 340 2196 precipiendo,
357 2115 518 2194 quatenus
534 2129 632 2176 vnum
649 2131 690 2177 ex
702 2110 793 2178 uobie
803 2109 1041 2196 transmittatis,
1058 2127 1166 2176 coram
1180 2125 1242 2190 quo

113 2217 285 2285 Johannee
300 2217 387 2286 filine
403 2218 526 2302 steyek
542 2216 638 2286 homo
655 2223 766 2284 noster
781 2216 901 2285 dictam
917 2225 1037 2285 terram
1061 2215 1245 2282 reambulet

118 2332 154 2390 et
169 2330 294 2392 statuat
318 2323 434 2408 eidem,
451 2325 480 2391 ei
506 2346 569 2393 non
595 2325 694 2392 fuerit
718 2324 963 2406 contradictum,
991 2311 1244 2390 contradictores

117 2439 231 2500 antem
248 2434 279 2502 ei
309 2434 366 2518 qui
382 2434 510 2516 suerint,
526 2433 570 2500 ad
583 2441 726 2502 noctram
744 2435 823 2501 citet
843 2433 1046 2519 presenciam
1061 2432 1105 2498 ad
1138 2431 1245 2499 termi-

116 2561 198 2606 num
215 2545 459 2626 competentem,
484 2541 569 2608 diem
601 2540 772 2608 oitacionie
788 2548 821 2608 et
853 2540 1023 2608 terminum
1057 2560 1129 2607 cum
1160 2539 1246 2605 ecrie

114 2647 196 2714 sacti
222 2649 316 2715 nobie
343 2648 540 2717 rescribatis.
566 2649 686 2717 Datum
713 2651 771 2717 sub
795 2656 904 2718 castro
929 2648 1102 2716 Peucetian
1127 2652 1244 2731 quarto

113 2754 172 2822 die
187 2755 374 2842 Epiphania
389 2757 534 2824 Domini.

248 2863 465 2934 Kivolrol
508 2883 773 2951 ugyanazon
812 2864 919 2931 luen:
959 2860 1109 2948 capitulo
1139 2859 1247 2926 Gaetri

114 2970 239 3038 Ferrei.

113 3149 257 3214 (Eredetie
270 3146 447 3219 biirhartyam
461 3150 572 3216 melyriil
587 3166 604 3201 a
623 3146 763 3217 aarpecset
776 3149 833 3204 mar
846 3151 979 3219 lehullott,
993 3167 1009 3202 a
1021 3166 1107 3202 nomn.
1118 3165 1245 3201 mazeum

559 3235 803 3303 kezirattaraban.)

573 3483 783 3498 -·=--——··-

645 3823 722 3892 tle.

113 4008 138 4072 1
142 4007 176 4076 V.
188 4005 305 4072 Lanato
319 4007 430 4090 kirtly
447 4005 575 4092 kelybec
589 4008 721 4094 hopyjc,
737 4007 820 4092 copy
856 4004 1021 4106 Klotodn
1052 4007 1160 4090 kirdly
1186 4003 1245 4068 Be-

110 4117 213 4183 met·
220 4113 338 4200 fh'hict,
353 4115 465 4199 metyet
480 4113 582 4178 Marce
613 4113 759 4181 Benedek
774 4135 872 4191 comeo
880 4113 978 4220 flcitol
993 4111 1077 4178 eloth
1109 4113 1242 4179 coercito·

266 4243 330 4306 pea
344 4221 445 4302 elvett,
462 4220 556 4285 eteocle
579 4219 670 4286 mmet
693 4221 890 4289 occaecata.
908 4220 958 4284 Eo
973 4219 1091 4285 natm.

222 4395 321 4484 (NJoo
331 4397 496 4483 Nycolaus
506 4397 677 4464 Palatinus
688 4396 837 4466 etJudex
848 4394 1062 4463 comanorum
1072 4396 1134 4463 eti).
1151 4398 1240 4478 quod

112 4508 148 4573 in
173 4507 432 4590 congregacione
456 4511 569 4573 noetra
585 4506 732 4590 generali
749 4506 859 4590 vigore
875 4506 1055 4572 litterarum
1072 4503 1240 4589 Regalium

41 4708 49 4715 ι
111 4613 318 4700 proclamata
332 4613 539 4681 vniuereitati
555 4613 714 4681 nobilium
738 4619 771 4681 et
795 4613 934 4681 aliorum
960 4610 1101 4682 cuiusuis
1133 4609 1242 4679 condi·
