3146 5166
831 326 993 430 ..e-cat—

343 520 494 607 judicatu
511 520 647 588 Comitia
662 520 704 586 de
719 520 860 608 Zotmm,
871 541 1006 588 necnon
1026 521 1162 588 aliorum
1167 520 1316 606 judicum
1335 523 1477 608 exempti

348 631 478 696 omniuo
495 627 694 694 habeantur:
727 630 877 696 uolumus
894 636 927 694 et
950 617 1101 696 fidelitati
1132 635 1239 696 vestre
1263 627 1477 714 precipiendo

346 737 550 820 mandamus,
567 742 727 820 quatenus
743 738 890 820 prefatos
921 735 1006 802 tilios
1030 735 1179 802 hlicaelis
1205 734 1476 802 nullusvestrum

347 842 467 908 audeat
482 847 514 906 et
542 849 766 928 presumpmat
776 841 947 929 judicare;
971 840 1030 908 sed
1056 839 1154 923 siqui
1185 840 1315 924 aliquid
1332 841 1478 908 accionis

348 949 467 1015 hahent
483 955 596 1014 contra
621 948 719 1034 ipsos,
744 969 856 1017 coram
881 949 976 1016 nobis
1007 955 1244 1034 prosequantur
1268 948 1349 1016 iuris
1365 947 1478 1015 ordine

348 1057 538 1138 obseruato;
554 1061 587 1122 et
602 1076 661 1124 nos
678 1055 719 1124 de
734 1057 858 1126 eisdem
874 1055 1002 1124 iusticie
1019 1055 1176 1124 iaciemus
1193 1055 1477 1141 complementum.

347 1165 467 1230 Datum
483 1183 584 1250 propo
600 1161 699 1232 Oeble
714 1166 748 1232 in
764 1165 887 1234 octauis
905 1165 1017 1232 Sancti
1039 1165 1136 1247 Regis
1152 1165 1322 1250 Stephani.

345 1360 483 1428 (Sredetle
496 1358 668 1428 bdrhrlrtydm
679 1378 696 1414 a
709 1360 786 1414 uttut
799 1363 852 1414 oua
864 1370 988 1428 nyomott
1000 1361 1092 1430 peccet
1104 1363 1237 1415 elvssuett
1249 1379 1257 1424 ς
1270 1377 1288 1413 a
1303 1379 1396 1414 nemos
1411 1359 1475 1413 utt-

391 1451 438 1515 lay
451 1448 544 1503 cuttu
559 1449 756 1505 tevttttrtban.
769 1453 804 1504 V.
824 1451 1158 1519 o.t*ejtr00t.1)tpt.v.
1180 1453 1236 1504 troc.
1251 1451 1277 1500 ³.
1294 1468 1316 1502 r.
1331 1451 1392 1502 tub.
1407 1451 1442 1518 l.)

870 2187 949 2256 tlt.

346 2386 369 2449 Ι
373 2385 406 2451 V.
425 2385 540 2452 Laeto
554 2383 661 2469 kirtly
676 2385 806 2473 Mibdly
837 2396 949 2453 comat
965 2392 997 2452 e'o
1018 2385 1097 2468 fluit
1120 2383 1245 2469 Upochu
1269 2381 1477 2470 meyyesb'ir·

596 2493 832 2578 pto-dlldsdru
850 2496 957 2560 neceni
970 2495 1016 2561 kt.
1033 2471 1083 2557 lio
1098 2491 1217 2557 nebu.

450 2687 626 2756 Ladizlaus
643 2689 704 2758 Dei
720 2689 832 2774 gracia
846 2691 916 2757 Rex
932 2687 1075 2775 Vngarie
1093 2686 1242 2756 fidelihus
1258 2686 1327 2754 auis
1345 2683 1476 2754 uniuer-
1560 2677 1561 2691 *

344 2795 393 2862 sis
411 2795 582 2880 nobilibus,
598 2797 827 2883 iohogionibus
842 2797 959 2886 Oastri,
984 2795 1213 2878 castrensibus,
1228 2799 1261 2860 et
1277 2793 1354 2879 alijs
1370 2795 1476 2860 omni·
1559 2779 1560 2803 ¹

347 2902 418 2989 bus,
434 2911 499 2968 tam
515 2903 697 2990 hospitibus
714 2906 887 2974 liberarum
902 2907 1073 2989 villarum,
1088 2923 1185 2988 quam
1210 2903 1290 2989 aliJs
1314 2903 1473 2969 cuiuscun
1557 2955 1558 3025 t

346 3029 409 3092 que
425 3009 624 3080 condicionis
640 3012 821 3081 hominibus
837 3013 871 3080 in
888 3012 1050 3081 (lumitate
1067 3011 1108 3078 de
1124 3009 1260 3096 Vgaoha
1275 3009 1476 3092 constitutis,

251 3124 254 3132 “
343 3117 482 3184 salutem
497 3127 529 3185 et
544 3121 697 3204 gratim.
713 3119 799 3198 Quia
815 3119 849 3186 in
866 3121 1015 3188 omnibus
1031 3119 1125 3187 factis
1142 3119 1257 3186 vestris
1274 3122 1388 3185 nostre
1405 3119 1473 3183 lla-
1553 3157 1556 3248 p

342 3226 451 3292 iestati
466 3221 561 3294 fidele
577 3217 753 3294 seruicium'
764 3228 968 3314 inpendistis,
984 3235 1079 3314 prout
1094 3247 1135 3294 ex
1150 3224 1316 3293 relacione
1336 3223 1476 3289 Comitis

343 3333 506 3416 llikaelis,
523 3331 670 3417 Magistri
686 3333 842 3420 Stephani
858 3343 891 3402 et
901 3334 996 3402 Pauli
1006 3335 1145 3402 filiorum
1160 3331 1317 3415 eiusdem,
1334 3329 1473 3398 dilecto-

341 3459 412 3505 rum
429 3447 461 3507 et
475 3439 620 3507 fidelium
637 3447 818 3510 nostrorum
834 3441 1067 3530 intelleximus,
1098 3439 1277 3525 regraciari
1294 3437 1389 3506 uobis
1406 3437 1472 3502 Re·

342 3547 397 3629 gio
415 3567 486 3612 cum
503 3546 615 3614 lauore
630 3547 791 3617 volumus.
806 3549 911 3635 Igitur
928 3557 960 3617 et
970 3549 1120 3618 fidelitati
1136 3555 1242 3616 vestre
1257 3545 1389 3612 firmiter
1397 3565 1473 3630 pre·

340 3654 490 3739 cipiendo
506 3655 705 3739 mandamus,
722 3655 874 3740 quatinus
890 3658 1029 3726 eundem
1046 3655 1203 3725 Comitem
1219 3653 1424 3738 Mykaelem,
1442 3659 1473 3716 et

341 3761 425 3828 tilios
441 3782 518 3829 suos
536 3763 706 3849 predictos,
725 3769 880 3850 tanquam
904 3765 1128 3833 l’arochialem
1145 3761 1300 3828 Comitem
1316 3761 1474 3837 vestrum,

338 3889 404 3936 non
421 3863 624 3937 obstantibus
641 3871 842 3954 quibuslibet
852 3872 970 3940 littoris
986 3873 1114 3959 uostris,
1125 3875 1312 3937 reuerenter
1326 3865 1474 3950 recipere

339 3973 487 4042 debeatis
503 3985 535 4042 et
550 3977 693 4045 seruicia
709 3985 869 4045 consueta
885 3979 1008 4048 eisdem
1025 3980 1068 4046 atl
1085 3981 1218 4066 plenum
1234 3971 1472 4061 inpendentem

337 4079 430 4147 aliud
446 4085 578 4149 obtentu
596 4091 703 4151 nostre
732 4084 843 4168 gracie
867 4088 1023 4172 plenioris
1056 4107 1120 4154 uon
1135 4083 1265 4152 facturi.
1297 4083 1424 4148 Datum
1441 4081 1473 4146 in

338 4186 473 4255 Chanad
505 4190 539 4256 in
571 4191 735 4259 dominica
764 4194 911 4279 proxima
941 4203 1013 4280 post
1039 4195 1162 4265 tostum
1193 4191 1288 4257 Beati
1317 4188 1474 4255 barnabe

340 4297 497 4382 Apostoll.

337 4477 475 4546 (Eredetle
494 4475 657 4548 bb'rhdrtydn
671 4520 677 4544 ,
690 4497 708 4534 a
720 4479 798 4535 hdtul
811 4482 864 4537 oda
885 4492 1007 4552 nyomott
1019 4481 1112 4556 pocadt
1126 4483 1275 4546 elueszett3
1289 4495 1306 4532 ι
1318 4497 1345 4532 n.
1359 4471 1468 4542 utttsy

739 4571 833 4626 csalld
854 4574 1062 4642 levdltbrdban.)

797 4697 1011 4718 m
