3138 5164
835 323 996 422 „13⁸-

357 515 605 588 elemosinarum
620 517 807 606 largicione,
824 539 887 604 qne
902 539 923 586 a
936 525 1040 587 morte
1055 517 1185 600 liberat,
1202 525 1234 584 et
1257 517 1396 586 animam
1410 540 1471 588 non

362 629 486 714 patitur
496 628 545 694 ire
559 629 594 694 in
609 627 768 711 tenebras,
784 627 897 696 iortem
923 625 1081 694 habentes
1104 625 1264 712 liduoiam,
1288 627 1398 694 villam
1423 648 1472 694 no

360 743 459 803 stram
476 735 600 820 Laatay
615 741 774 822 noestam,
784 742 1038 802 oommetaneam
1050 743 1082 802 et
1090 737 1344 804 collimitaneam
1354 755 1473 822 posses·

356 843 442 911 sioni
459 843 643 928 lionasterij
654 843 772 910 Montis
789 845 909 910 Sanote
926 843 1037 927 llarie,
1054 863 1151 926 quarn
1167 865 1188 910 a
1206 845 1331 910 Jaoobo
1355 843 1476 911 Gemite

358 951 425 1020 tilio
435 949 550 1018 Ponith
563 952 623 1018 sub
632 949 736 1018 forma
747 951 839 1030 inste,
848 951 964 1034 legalis
976 957 1203 1036 aospontanee
1214 949 1478 1018 commutationis

357 1059 420 1125 rite
435 1059 627 1145 aoespimns,
638 1057 783 1145 predicto
799 1058 995 1127 llonasterio
1014 1060 1133 1128 Montis
1150 1060 1267 1127 Sanote
1279 1061 1391 1144 Marie,
1408 1081 1475 1128 oum

357 1165 456 1251 agris,
468 1165 585 1232 vinetis
601 1171 633 1234 et
644 1167 802 1234 uniuersis
812 1165 936 1234 iuribus
954 1175 1053 1250 atque
1063 1167 1260 1234 utilitatibus
1272 1167 1315 1234 ad
1325 1189 1397 1234 eam
1410 1190 1475 1255 per·
1541 1165 1542 1204 i

356 1273 544 1362 liuentibus,
562 1277 622 1342 sub
637 1276 732 1342 metis
747 1297 787 1342 ae
803 1275 970 1361 limitibus,
998 1276 1113 1360 quibus
1135 1295 1193 1342 nos
1219 1295 1292 1342 eam
1317 1276 1476 1344 tenuimus

354 1383 459 1449 libera
475 1381 653 1450 donatione
668 1383 862 1450 contulimus
879 1384 939 1450 sub
957 1382 1050 1450 titulo
1076 1383 1160 1452 inste
1184 1384 1394 1470 proprietatis
1411 1404 1476 1470 per·

355 1496 454 1575 petuo
470 1487 707 1574 possidendam.
735 1487 872 1557 Constat
896 1510 982 1576 vero,
1014 1489 1150 1556 eandem
1165 1493 1407 1578 possessionem
1431 1511 1476 1557 eo-
1542 1530 1543 1570 r

354 1618 422 1666 ram
456 1596 608 1683 capitulo
625 1599 734 1664 Femei
752 1598 857 1664 Castrl
879 1599 953 1684 jrre
968 1597 1232 1666 commutacionis
1247 1599 1291 1665 ad
1306 1619 1366 1666 nos
1381 1601 1476 1666 fuisse

354 1704 503 1791 legaliter
537 1703 745 1790 deuolutam,
770 1705 856 1772 sient
882 1703 915 1770 in
947 1703 1064 1772 litteris
1092 1704 1237 1776 eiusdem
1270 1705 1414 1792 Capituli
1428 1727 1474 1775 su·

355 1833 413 1899 per
443 1813 556 1881 eodem
581 1812 769 1880 oonoambio
802 1812 958 1880 contentis
981 1813 1053 1879 lnue
1078 1813 1197 1880 elarius
1212 1815 1408 1882 continetur.
1423 1815 1473 1884 Sin

357 1922 460 1988 eoiam
484 1920 723 2007 possessionem
739 1921 830 1989 illam
855 1921 1080 2006 prenominato
1106 1920 1306 1989 lionasterio
1332 1921 1477 1992 dedimus

357 2035 393 2096 vt
426 2029 535 2098 nullos
574 2029 788 2116 jobagionum
833 2049 889 2096 sev
924 2029 1079 2098 nobilium
1119 2028 1263 2115 aliquam
1302 2033 1477 2118 proprieta-

356 2142 423 2206 tem
455 2158 491 2206 se
519 2137 553 2204 in
585 2137 702 2206 eadem
727 2137 953 2224 possessione,
972 2157 1029 2204 seu
1059 2137 1244 2206 libertatem
1269 2138 1333 2204 sibi
1357 2140 1478 2226 possint

358 2245 408 2312 rel
448 2245 590 2312 debeant
619 2245 801 2313 vendicare.
832 2245 984 2312 Vniuersi
1014 2250 1122 2312 antem
1153 2265 1346 2331 quacunque
1377 2267 1478 2332 prero-

356 2353 470 2436 gatina
485 2353 699 2438 promineant,
721 2373 810 2420 more
841 2353 1026 2420 oolonorum
1055 2353 1136 2419 ville
1152 2351 1242 2419 illius
1258 2372 1359 2421 oensu
1373 2374 1477 2422 annuo

356 2462 420 2550 ipsi
451 2462 649 2530 Monasterlo
679 2463 882 2530 tenebuntur.
922 2460 1076 2544 Alioquin
1108 2480 1163 2528 eos
1193 2459 1305 2528 Abbas
1340 2468 1373 2528 et
1403 2461 1477 2529 Con·

307 2612 310 2618 -
357 2576 475 2638 uentos
491 2569 532 2636 de
547 2569 752 2655 possessione
767 2568 827 2634 illa
841 2573 992 2654 potemnt
1002 2567 1042 2634 de
1054 2567 1133 2652 inre,
1153 2567 1181 2634 si
1198 2568 1371 2654 voluerint,
1381 2589 1476 2636 remo·

357 2697 443 2749 uere.
461 2677 499 2744 In
512 2678 604 2744 ouius
619 2678 668 2744 rei
684 2675 902 2744 testimouium
918 2681 1084 2760 presentes
1108 2669 1236 2741 litteras
1253 2673 1361 2741 eidem
1371 2677 1475 2742 Mona·

356 2784 454 2854 sterio
469 2783 619 2852 dedimus
643 2783 762 2869 sigillis
785 2781 909 2850 domini
939 2781 1102 2850 Jahannis
1132 2783 1214 2849 Bani
1245 2781 1359 2850 dileoti
1373 2781 1475 2848 fratris

357 2895 469 2981 nostri,
486 2900 520 2960 et
536 2899 656 2978 nostro,
672 2892 811 2961 fideliter
827 2891 1049 2958 eommunitas.
1067 2890 1183 2958 Testes
1198 2896 1308 2958 antem
1324 2895 1399 2957 sunt
1425 2887 1475 2954 (lo-

357 3019 425 3070 mes
440 3001 640 3069 Lanrenolus
671 2999 712 3068 de
736 2999 819 3083 Noa,
852 2999 974 3084 Symon
1004 3005 1038 3066 et
1065 2997 1237 3083 Myohalrei
1269 2995 1411 3065 Comites
1439 2991 1476 3060 de

357 3107 483 3194 ldartin,
501 3106 689 3194 Gregorius,
706 3105 855 3175 Andreas
872 3103 1234 3192 etSoheromitealilij
1252 3104 1351 3185 Petri,
1369 3099 1474 3172 Gonnos

361 3217 546 3286 Herbordus
563 3215 604 3283 da
627 3214 696 3305 Osl,
712 3213 885 3284 Durizlans
901 3219 933 3282 et
946 3214 1121 3282 Ladinlaus
1136 3213 1205 3280 uari
1220 3211 1341 3301 nostri,
1365 3217 1398 3280 et
1422 3207 1472 3292 alij

361 3326 596 3414 quamplures.
614 3322 730 3390 Aulum
746 3327 779 3388 et
794 3321 905 3388 datum
922 3341 1008 3388 anno
1024 3321 1067 3388 ab
1091 3321 1327 3388 Inoamaoione
1351 3315 1472 3388 Domini

365 3431 537 3499 millesimo
568 3429 787 3500 dueentesimo
818 3429 1014 3513 ootogesimo
1043 3428 1153 3512 quinto
1194 3427 1281 3495 XVI.
1322 3423 1473 3498 kalendas

355 3537 442 3621 Iulii.

359 3757 483 3825 (Eradati
497 3755 679 3825 bdrhirtyin‚
693 3757 809 3825 molyndl
821 3771 839 3809 a
851 3754 900 3809 ket
920 3753 1001 3824 uirga
1022 3751 1146 3809 :sindron
1167 3754 1276 3820 lflgglltt
1298 3745 1470 3818 persolues

360 3849 489 3904 eldltbika
512 3847 650 3909 elrssastt,
673 3860 691 3898 a
712 3838 857 3898 budaikir.
879 3845 1002 3898 kamarai
1023 3840 1202 3896 lardltirban.
1223 3842 1393 3908 Ugyananon
1414 3835 1469 3887 ado

359 3936 473 4005 mtnyra
486 3936 653 3990 ronatkosik
664 3933 764 3988 ltilrlds
775 3932 917 3988 nidornalr
930 3949 983 4000 sgy
995 3929 1092 3994 misik,
1105 3927 1207 3983 salntin
1222 3929 1335 3991 med-kp
1348 3922 1471 3988 emtor·

628 4023 754 4090 stdrndl
770 4025 833 4076 (lod.
847 4023 921 4090 Dipi.
935 4023 969 4075 V.
982 4023 1009 4074 ln.
1025 4023 1052 4073 d.
1065 4023 1088 4073 1.
1099 4022 1158 4072 808.
1173 4020 1203 4085 l.)

815 4307 1027 4318 ..ι-αι’...-
