3146 5166
665 950 743 1016 4⁶20.

135 1148 194 1211 IV.
213 1149 327 1212 Lciszld
341 1147 451 1232 leirrily
468 1147 607 1232 Spaluto
622 1152 732 1212 orirost
747 1149 868 1232 drtlrja
883 1149 972 1232 arrei,
999 1153 1082 1233 kopp
1100 1151 1265 1233 merqcirsrrlr

133 1277 154 1317 a
171 1255 352 1340 lcillfdldrdl
367 1258 515 1342 dutjcrdr
532 1258 785 1336 odlnsztltosaon,
799 1260 886 1322 stari
902 1259 985 1342 luopy
993 1258 1264 1344 polyoriledtelee-

402 1365 502 1448 sepsit
518 1368 612 1429 livea
628 1366 791 1450 tcljeaitse.
809 1341 860 1427 liv
876 1366 993 1430 mitat.

242 1556 416 1625 ladizlaus
447 1559 509 1624 Dei
525 1559 638 1644 gracia
653 1560 722 1625 Rex
739 1559 907 1642 Hungarie
924 1557 1073 1626 fidelibus
1090 1559 1157 1628 suis
1173 1558 1262 1625 (lom-

132 1663 284 1730 mrrnitati
293 1663 445 1732 Ciuitatis
455 1665 725 1751 Spalatisalntem
738 1671 768 1730 ct
778 1663 1021 1749 graciamQuia
1032 1667 1125 1732 nobis
1137 1687 1265 1751 semper

130 1771 301 1838 fidelitatis
318 1792 420 1857 opera
435 1770 628 1840 exhibuistis
644 1770 818 1858 indefesse,
835 1792 894 1839 uos
910 1771 1133 1858 prosequimur
1158 1775 1261 1854 Regio

130 1899 205 1944 oum
223 1878 353 1963 fanore;
369 1880 427 1946 sod
442 1879 521 1964 quia
536 1889 668 1967 propter
683 1879 847 1945 variarum
863 1899 1055 1964 guerrarum
1072 1878 1261 1948 discrimina

130 1985 176 2051 ad
192 2007 251 2054 nos
266 1987 422 2056 accedere
439 1987 722 2071 nequimus'usque
733 1987 837 2054 modo.
853 1987 1087 2072 Intelleximus,
1106 1986 1191 2071 qnod
1204 2007 1261 2054 vos

129 2093 265 2161 ludices
282 2100 453 2162 extraneos
469 2091 508 2162 de
531 2094 609 2179 alijs
624 2093 746 2177 Regnis
761 2095 905 2180 recipere
922 2093 1153 2179 consueuistis;
1174 2094 1260 2178 qnod

127 2221 195 2267 non
212 2209 262 2269 est
277 2201 446 2270 fidelitatis
460 2201 624 2269 indcium.
642 2201 736 2268 Ciues
752 2201 855 2268 eciam
871 2207 998 2268 nostros
1017 2200 1255 2284 Tragurienses

128 2330 193 2376 non
221 2308 383 2377 modicum
409 2309 589 2378 discrimini
615 2310 825 2396 perturbaro;
852 2309 1009 2392 quosdam
1035 2311 1137 2376 eciam
1164 2308 1257 2376 nobis

128 2414 245 2482 fideles
269 2415 310 2482 de
341 2423 451 2484 vestra
482 2415 717 2482 Communitate
745 2415 926 2501 expulistis.
970 2415 1078 2494 Quare
1108 2415 1259 2481 fidelitati

130 2531 241 2590 vestre
256 2524 389 2590 firmiter
404 2521 613 2610 precipiendo
642 2524 845 2607 mandamus,
861 2529 1034 2610 quatenus,
1060 2521 1090 2590 si
1114 2544 1184 2610 nos,
1202 2543 1259 2588 na-

129 2632 267 2696 turalem
285 2629 461 2716 dominum,
486 2631 609 2716 Regem
627 2629 803 2716 ·Hungarie
829 2637 862 2696 et
887 2629 1022 2698 Oroacie
1048 2629 1254 2716 cognoscitis,

128 2759 171 2806 ex
186 2759 272 2806 nunc
287 2738 420 2806 ludices
436 2746 606 2807 extraneos
635 2737 676 2808 de
693 2739 933 2806 Communitate
949 2747 1061 2807 vestra
1076 2738 1259 2824 expellatis,

128 2853 163 2912 et
179 2844 220 2914 de
234 2848 347 2930 Regno
364 2851 473 2912 nostro
489 2846 582 2914 nobis
598 2845 712 2913 fideles
729 2866 788 2932 pro
804 2848 969 2914 Potestate
994 2846 1086 2916 vobis
1114 2866 1258 2912 assumo·

127 2955 191 3037 tis,
208 2972 248 3018 ae
264 2952 352 3020 ciues
368 2960 497 3020 nostros
513 2951 741 3037 Tragurieusis
766 2973 832 3018 non
864 2952 1057 3037 presumatis
1083 2952 1116 3016 in
1142 2953 1256 3036 aliquo

127 3061 315 3144 pertubare
332 3059 368 3124 Si
384 3067 493 3126 antem
509 3060 654 3144 aliquam
681 3057 809 3126 habetis
826 3061 990 3125 accionem
1016 3066 1130 3124 eontra
1155 3060 1255 3142 ipsos,

127 3167 342 3252 experiamini
366 3185 476 3233 coram
492 3167 586 3233 nobis
601 3166 732 3232 iusticia
749 3167 921 3234 mediante.
937 3166 1014 3230 lllos
1040 3164 1142 3230 eciam
1162 3165 1256 3231 nobis

127 3273 252 3359 fideles,
266 3294 347 3357 quos
363 3272 404 3342 de
418 3275 531 3357 Regno
555 3279 665 3340 nostro
691 3274 884 3356 exclusistis,
901 3271 1083 3356 reducatis3
1111 3278 1143 3336 et
1168 3270 1256 3338 bona

127 3403 168 3448 ac
183 3381 407 3467 possessiones
424 3381 604 3448 restituatis
621 3380 816 3449 eorumdem.
827 3383 977 3448 Preterea
988 3384 1125 3463 quatuor
1142 3398 1182 3444 ex
1199 3401 1251 3446 vo·

127 3490 178 3556 bis
196 3490 352 3576 meliores,
369 3490 399 3557 si
414 3489 507 3557 nobis
523 3489 634 3556 fideles
652 3508 724 3557 esse
739 3490 850 3573 vultis,
868 3508 968 3571 vsquc
994 3487 1113 3554 festum
1141 3486 1253 3554 Sancti

128 3594 300 3662 Michaelis
317 3596 360 3662 ad
375 3615 435 3663 nos
451 3594 691 3682 transmittatis,
708 3601 744 3662 ut
760 3617 819 3663 nos
835 3614 987 3669 unacum
1005 3592 1085 3679 ipsis
1102 3593 1142 3658 de
1168 3595 1252 3660 bono

127 3709 213 3770 statu
229 3703 334 3786 Regni
352 3702 485 3770 Groacie
500 3701 693 3770 ordinemus.
712 3703 831 3770 Datum
857 3701 948 3768 Bude
972 3705 1005 3769 in
1029 3701 1115 3768 testo
1141 3701 1254 3768 Sancti

124 3807 300 3892 Laurenoij
318 3810 470 3878 martiris.

377 4024 499 4090 (Lucius,
512 4027 641 4079 Memoria
655 4025 772 4078 storiche
784 4025 812 4078 di
825 4023 909 4076 Tuan.
923 4025 966 4074 93.
979 4019 1009 4091 l.)
