3124 5158
629 961 704 1030 218.

99 1181 163 1250 IV.
172 1185 288 1252 mett
301 1183 473 1270 tirelynat
482 1181 593 1250 Alteri
607 1189 687 1250 nevil
697 1181 802 1266 felde
817 1188 973 1273 tdryyatd
986 1187 1025 1271 ej
1043 1186 1226 1273 adomdnym

230 1291 346 1360 utiles
361 1313 393 1358 ea
407 1293 557 1379 tedoad,
574 1291 813 1378 Ertuynakfiei
825 1298 984 1360 mandra.
999 1291 1097 1360 1281.

209 1509 278 1578 Nea
301 1505 478 1576 Ladielaue
492 1506 556 1574 Dei
572 1509 688 1591 gracia
702 1507 772 1574 Rex
788 1507 954 1593 Hungarie
968 1521 1079 1576 tenore
1094 1527 1223 1595 proaem·

97 1617 185 1684 eiam
211 1615 415 1685 declaramus
441 1616 560 1700 quibua
581 1615 713 1700 expedit
727 1615 899 1699 vnineraie,
916 1616 1002 1700 qnod
1019 1617 1061 1684 ob
1076 1617 1227 1704 preclara

98 1731 130 1792 et
147 1724 296 1808 insignia
310 1723 520 1790 seruieiernm
536 1723 653 1790 merita
667 1723 797 1791 Nieolai
812 1722 891 1793 dieti
905 1724 1031 1810 Weieh,
1047 1731 1081 1792 et
1090 1724 1225 1792 Werun·

97 1831 254 1901 herthae
271 1831 391 1898 (lebret
406 1849 446 1896 ae
462 1829 616 1898 Gerrnrdi
631 1829 770 1898 filiorum
786 1833 896 1916 Ertng,
914 1832 1224 1902 militumdohennie

95 1937 241 2006 Palatini
257 1935 369 2004 dileeti
393 1945 427 2004 et
447 1936 554 2006 tidelia
569 1939 683 2020 nentri,
699 1958 762 2021 qne
778 1939 872 2008 nebia
887 1941 922 2006 in
939 1940 1077 2010 dinereie
1093 1940 1224 2028 expedi-

96 2046 248 2116 eionibua
273 2047 377 2130 Regni
402 2045 513 2128 nostri,
540 2053 573 2112 et
597 2045 785 2131 specialiter
810 2051 870 2115 enb
895 2055 1001 2117 eaetro
1026 2048 1117 2117 Gede
1138 2059 1225 2136 tune,

97 2159 288 2224 eumeontra
313 2153 441 2220 liniam
467 2153 630 2220 infidelem
655 2161 800 2222 noenum
827 2156 1003 2224 exereitum
1041 2157 1223 2240 habuimus,

94 2265 308 2346 exibuerunt,
335 2258 500 2344 quandam
525 2268 644 2329 terram
668 2261 783 2330 Albert
805 2271 953 2331 veeatam
979 2265 1014 2332 in
1039 2263 1222 2333 eontinihue

94 2369 345 2439 Teutonieernm
370 2367 404 2434 in
428 2367 590 2435 comitatu
614 2369 793 2454 Hydegaed
817 2378 933 2440 voeaio
959 2375 1162 2460 existentem,
1180 2373 1224 2440 ab

95 2479 143 2546 eis
168 2477 358 2564 alienatam,
383 2497 469 2544 nune
492 2496 628 2543 neonem
652 2483 684 2543 et
698 2477 936 2547 habitatoribus
951 2489 1124 2569 carentem,
1140 2482 1224 2568 ipaie

95 2585 246 2671 Nieolao,
261 2584 492 2672 Werunharth,
510 2583 631 2652 Gereth
647 2592 680 2651 et
695 2583 855 2654 conrardo
871 2587 1069 2657 reddidimus
1087 2596 1119 2658 et
1129 2589 1222 2658 resti·

94 2693 229 2779 tuimua,
244 2713 322 2778 ymo
338 2692 380 2760 de
394 2711 478 2760 nono
493 2692 651 2779 dedimus,
669 2692 872 2781 donanimua,
889 2697 1084 2764 tradidimus
1100 2702 1132 2764 et
1151 2717 1224 2764 nen·

94 2799 232 2870 tulimus
248 2799 289 2866 de
304 2800 505 2887 plenitudine
519 2807 631 2868 nostre
645 2803 756 2885 graeie
779 2801 840 2871 eub
856 2804 976 2870 eisdem
994 2807 1100 2890 metis,
1117 2808 1222 2872 termi-

93 2909 144 2976 nia
172 2916 207 2976 et
233 2908 400 2997 limitibus,
425 2909 542 2992 quibua
566 2909 680 2976 endem
705 2917 792 2977 terre
816 2910 959 2978 limitata
979 2913 1087 2980 extitit
1103 2921 1134 2980 et
1150 2934 1221 2998 poe·

94 3037 201 3104 aeeea,
228 3025 385 3104 perpetue
408 3017 653 3104 possidendam.
681 3019 802 3086 Datum
828 3039 915 3086 anno
942 3019 1071 3088 Domini
1095 3021 1142 3088 ll⁰
1158 3023 1222 3089 00⁰

92 3123 237 3192 LXXX⁰
260 3123 373 3210 primo.

94 3339 209 3405 (Reben
227 3337 386 3408 Kinolynek
411 3339 591 3411 „Magnideue
610 3345 653 3396 vir
671 3343 767 3398 Comes
785 3345 939 3398 Alexander
958 3347 991 3398 de
1009 3347 1110 3398 Kuehk
1131 3347 1220 3400 ludex

95 3431 180 3484 cmie
198 3426 307 3484 ιιοιιῑηα
327 3428 466 3484 kiriaddrt
488 3433 565 3484 1³28.
587 3433 694 3486 kiadott
712 3433 873 3502 megerdaltd
885 3433 1120 3504 privilegiumtbtl
1131 3456 1138 3500 ς
1151 3452 1169 3488 a
1181 3435 1220 3488 iii·

314 3517 387 3576 mdlt.
406 3523 520 3590 hereaeg
531 3521 680 3590 Batthydni
693 3521 787 3576 maliti
799 3523 1007 3594 levdltdrdban.)

553 3847 763 3858 ——n-——a-u
