3124 5158
867 307 1026 410 EQ.

389 513 422 572 et
438 505 646 592 adiacenoijs,
673 505 776 572 vineis
791 503 952 591 uidelicet,
977 505 1079 594 silnis,
1102 505 1264 591 fenilibus,
1290 506 1441 590 domibus,
1465 512 1492 572 et

391 613 537 700 edificijs,
553 633 592 680 ac
606 613 682 700 elijs
698 613 893 684 utilitatibus
908 617 985 702 suis,
1001 614 1166 684 confessus
1181 613 1297 704 (estse
1313 614 1492 703 con)tulisse

388 729 421 790 et
435 723 622 807 assignasse
647 723 777 790 domino
795 729 907 792 nostro
923 723 1005 808 Regi
1019 745 1078 810 pro
1094 725 1279 793 concambio
1295 744 1355 792 seu
1370 743 1491 790 commn-

386 833 514 898 tecione
529 838 616 897 terre
631 829 758 916 chorog
773 828 829 920 (l)
846 871 889 880 -
906 869 950 882 -
966 868 1007 880 -
1026 832 1218 901 -dandam
1233 841 1265 900 et
1280 831 1491 900 conserendam

385 940 564 1026 peripsum
580 936 879 1025 dominumRegem
896 941 1060 1009 sororibus
1084 941 1126 1008 ‹lc
1149 942 1261 1008 Insula
1284 941 1385 1006 Beate
1401 939 1492 1024 Virgi-

386 1048 446 1132 nis,
467 1068 526 1134 pro
542 1047 658 1133 quibus
673 1047 787 1134 (frater
801 1049 1012 1136 Augustinus,
1028 1054 1060 1117 et
1078 1047 1206 1136 Petrus)
1222 1050 1330 1116 socius
1345 1049 1493 1134 eiusdem,

385 1156 515 1226 nomine
530 1157 751 1244 procuratorio
767 1157 942 1225 eamndem
968 1177 1075 1225 coram
1094 1159 1185 1226 nobis
1202 1157 1415 1242 personaliter
1429 1177 1491 1222 oon·

386 1265 507 1350 stituti,
534 1263 679 1331 eiusdem
703 1265 841 1350 Nicolay
862 1264 1130 1350 protestationem
1146 1285 1243 1351 super
1259 1267 1415 1352 premisso
1430 1285 1491 1334 con-

387 1374 512 1442 cambio
542 1373 664 1440 factam
694 1371 891 1441 affirmantes
923 1380 1185 1459 assumpserunt,
1225 1381 1259 1440 vt
1290 1394 1387 1461 super
1415 1375 1491 1440 facto

385 1483 534 1570 premissi
559 1479 736 1564 concambij
754 1480 877 1549 domini
896 1482 1003 1569 Regis,
1021 1482 1179 1551 Budensis
1196 1488 1228 1550 et
1240 1483 1393 1549 Albensis
1410 1481 1490 1568 Capi-

387 1594 525 1660 tulorum
542 1597 574 1658 et
589 1596 700 1657 nostra
714 1590 887 1676 priuilegia
905 1589 1029 1658 iaciant
1048 1611 1218 1677 emanare,
1242 1591 1359 1674 quibus
1373 1589 1491 1675 priuile

384 1701 449 1786 gijs
479 1698 565 1765 idem
599 1698 754 1765 Nicolaus
778 1719 875 1783 super
903 1699 1145 1767 confirmacione
1176 1701 1295 1786 prefati
1322 1699 1489 1784 concambij

384 1807 503 1876 habitis
517 1814 549 1874 et
564 1806 704 1893 optentis
720 1805 895 1892 priuilegia
910 1827 967 1875 seu
983 1809 1214 1890 instrumenta,
1238 1829 1371 1894 qnorum
1386 1813 1491 1888 §aucto

386 1919 481 1984 ritate
507 1916 627 1981 dictam
652 1923 772 1981 terram
796 1915 867 1999 ipse
892 1921 923 1980 et
946 1922 1039 2001 pater
1065 1935 1141 1984 suns
1160 1917 1303 1983 tonuisse
1319 1915 1491 1998 dinoscitur,

386 2027 419 2092 in
434 2044 549 2092 manus
566 2021 781 2107 predictorum
798 2023 933 2090 fratrum
959 2023 1128 2108 assignare
1148 2025 1310 2092 tenebitur
1324 2045 1428 2092 coram
1443 2043 1489 2089 no·

387 2135 446 2218 bis,
469 2140 503 2198 ut
528 2133 733 2224 assumpsitp
755 2131 932 2216 predictam
959 2141 1065 2200 antem
1091 2136 1208 2200 terram
1237 2130 1322 2200 idem
1347 2133 1489 2200 Nicoleus

385 2241 646 2328 procuratoribus
672 2239 887 2323 predictarum
912 2260 1054 2308 sororum
1085 2241 1277 2309 auctoritate
1306 2241 1492 2327 presencium

385 2348 577 2432 assignarit.
602 2350 720 2414 Datum
740 2347 852 2433 quinta
868 2349 949 2416 feria
964 2355 1037 2436 post
1051 2351 1168 2417 festum
1184 2350 1276 2416 Beati
1292 2349 1400 2435 Egidij
1417 2369 1491 2415 anno

384 2455 515 2524 Domini
530 2457 704 2526 millesimo
720 2457 939 2526 ducentesimo
956 2459 1184 2544 octuagesimo.

385 2651 521 2718 (Ercdetie
539 2652 714 2722 bbrhbrtybn,
733 2655 840 2710 ahbtnl
858 2657 910 2709 ode
922 2663 1044 2724 nyonrott
1061 2657 1153 2734 peccet
1166 2659 1305 2723 elvessett,
1325 2658 1435 2710 abude'r
1447 2655 1488 2707 kir.

788 2749 910 2800 kemarai
923 2745 1111 2813 levbltlrbsn.)

906 3579 982 3646 202.

384 3756 414 3824 A
430 3761 558 3846 oyibai
582 3763 807 3848 kdptalaonalt
831 3763 1103 3851 bizooyodplcoelc,
1129 3765 1213 3850 bopy
1228 3765 1323 3831 Keod
1337 3773 1416 3831 nevit
1424 3759 1493 3850 ffild

567 3869 673 3950 Peter,
691 3871 846 3937 Zobscszlo
854 3872 975 3955 firinati
990 3873 1211 3937 atotcdltotott.
1231 3873 1329 3935 1280.

490 4065 766 4134 Excellentissimo
788 4067 915 4135 domino
932 4087 990 4136 suo
1006 4069 1162 4137 Ladizlao
1177 4070 1239 4136 Dei
1256 4069 1368 4154 grecia
1384 4065 1491 4135 lllmtri

384 4174 466 4258 Regi
492 4173 657 4258 Hungarie
676 4173 862 4262 Capitulum
878 4177 1050 4246 Nitriensis
1066 4179 1210 4248 Ecclesie
1225 4179 1398 4248 oraciones
1415 4176 1491 4244 debi-

381 4285 434 4348 tos
459 4287 491 4346 et
508 4278 652 4348 denotas.
669 4283 799 4350 Litteris
821 4285 936 4352 uestris
951 4286 1185 4355 honorabiliter
1199 4289 1349 4374 receptis,
1367 4296 1401 4355 ut
1417 4294 1490 4354 tene·

381 4410 465 4478 mur,
482 4389 628 4456 misimus
644 4411 684 4458 ex
699 4392 792 4459 nobis
809 4392 913 4458 uirum
928 4393 1089 4479 ydoneum
1105 4403 1137 4463 et
1153 4395 1301 4480 fidelem,
1319 4417 1424 4464 coram
1438 4413 1490 4479 quo

383 4498 581 4564 venerabilis
597 4505 690 4582 pater
704 4498 851 4568 dominus
866 4509 975 4570 noster
991 4503 1195 4589 Vyncenoius
1211 4504 1273 4572 Dei
1288 4507 1401 4589 gracia
1425 4503 1488 4590 lipi-

384 4623 499 4688 scopus
524 4603 697 4674 Nitrieusis
732 4607 824 4675 homo
849 4616 956 4677 uester
987 4631 1045 4696 per
1070 4611 1232 4680 hominem
1259 4633 1351 4682 suum
1362 4666 1372 4701 ,
1398 4613 1488 4682 virum
1546 4701 1547 4706 ἵ
