3118 5158
622 303 786 402 2¹5³..-

136 501 226 568 ribus
251 497 440 568 destitutam
466 499 673 580 inuenirent,
697 501 878 562 statuerent
902 496 1008 563 eidem
1027 497 1175 582 Nyoolao
1198 499 1270 565 sine

135 605 321 692 preiudicio
348 606 430 674 iuris
445 604 558 690 alieni,
584 610 617 670 et
636 603 664 670 si
679 622 745 670 non
761 601 853 668 fieret
867 599 1122 688 contradictum
1146 610 1270 673 contra

136 714 280 780 dictores
306 732 385 780 uero
410 713 438 780 si
455 711 510 796 qui
526 711 649 798 fierent,
673 707 715 778 ad
731 715 877 776 nostram
903 709 1043 776 citarent
1067 712 1269 796 presenciam

136 821 180 890 ad
204 818 379 888 terminum
412 825 659 904 competentem.
698 813 763 892 uui
792 815 997 900 postmodnm
1033 818 1272 903 rescripserunt

137 927 242 1012 nobis,
267 925 356 1008 quod
372 927 532 1010 prefatam
557 932 677 990 terram
703 922 905 988 inuenissent
931 942 1070 988 uacuam
1089 929 1121 989 et
1141 922 1269 990 habite·

138 1036 266 1102 toribus
282 1033 493 1116 destitutam
518 1039 550 1099 et
565 1028 656 1115 quod
673 1029 859 1096 conuocatis
875 1029 1025 1096 omnibus
1042 1030 1272 1098 commetaneis

139 1147 171 1206 et
185 1139 305 1207 uicinis
322 1138 427 1206 eidem
442 1139 591 1224 Nyeolao
607 1136 904 1204 statuissentnullo
921 1135 1157 1204 contradictore
1183 1113 1272 1222 pe'ni-
1319 1132 1321 1138 ’

141 1253 194 1312 tus
225 1266 325 1330 super
355 1246 429 1330 ipsa
459 1255 546 1312 terra
576 1255 793 1328 comparente.
833 1243 900 1310 Nos
925 1242 1025 1326 igitur
1055 1243 1271 1310 consideratis

138 1352 288 1438 seruicijs
316 1360 350 1420 et
374 1350 585 1420 fidelitatibus
610 1351 714 1436 ipsius
739 1349 900 1434 Nycolai,
925 1369 988 1432 que
1013 1349 1100 1418 idem
1125 1357 1272 1437 tempore

140 1458 265 1524 domini
280 1458 380 1543 Regis
396 1458 556 1543 Stephani
582 1459 686 1543 patris
701 1456 803 1523 nostri
823 1456 989 1523 karissimi
1004 1456 1110 1524 leliois
1126 1457 1272 1525 recorda·

140 1566 243 1633 cionis
275 1575 309 1633 et
334 1572 446 1634 nostro
471 1565 614 1632 fideliter
645 1563 849 1649 inpenditet
864 1565 991 1650 deuote,
1020 1565 1126 1650 ipsam
1151 1573 1272 1633 terram

140 1693 213 1738 cum
229 1671 381 1741 omnibus
406 1673 474 1740 suis
487 1689 490 1696 ·
501 1671 697 1738 utilitatibus
715 1677 748 1736 et
772 1670 984 1756 pertinenoijs
1000 1671 1104 1738 eidem
1120 1673 1271 1758 Nyeclao
1364 1717 1366 1720 -

139 1779 208 1846 inre
233 1786 391 1864 perpetuo
417 1785 449 1847 et
474 1779 508 1844 in
525 1777 680 1846 heredum
706 1775 843 1844 heredes
865 1779 1017 1844 duximus
1033 1778 1272 1847 conferendam.

139 1889 175 1952 ln
202 1885 298 1952 cuius
323 1887 372 1952 rei
397 1887 584 1953 memoriam
616 1892 871 1971 perpetuamque
895 1887 1080 1952 firmitatem
1105 1893 1274 1970 presentes

140 1993 360 2060 concessimus
383 1993 511 2060 litteras
536 1991 700 2078 dupplicis
726 1991 830 2090 sigilli
853 1992 956 2060 nostri
983 1992 1161 2086 munimine
1180 1997 1272 2062 roho·

141 2107 238 2165 ratas.
263 2100 384 2164 Datum
404 2118 464 2182 per
489 2119 604 2165 manus
631 2098 828 2166 venerabilis
852 2099 915 2165 viri
939 2097 1088 2185 Magistri
1104 2100 1274 2168 Benedicti

141 2207 259 2274 &nete
285 2205 515 2288 Strigoniensis
542 2205 689 2273 Ecclesia
713 2205 836 2294 Electi,
875 2206 1018 2273 eiusdem
1049 2207 1112 2274 loci
1139 2208 1274 2275 Comitis

142 2314 316 2398 Perpetui,
345 2313 508 2398 Ptepositi
532 2311 713 2395 Eudemia,
735 2312 811 2380 aule
837 2320 948 2382 nostre
972 2314 1274 2404 vioe-Concollarij,

143 2417 253 2488 dilecti
278 2427 311 2486 et
325 2418 434 2488 ridelis
458 2419 561 2486 nostri
587 2438 673 2486 auno
694 2419 828 2486 Domini
843 2419 1061 2487 M⁰OO⁰LXX⁰
1077 2421 1198 2507 quinto,
1215 2424 1275 2491 Re-

141 2529 196 2611 gni
210 2534 322 2594 autem
337 2525 443 2594 nostri
459 2547 545 2594 auno
561 2527 673 2614 tercio,
702 2526 907 2610 quindecimo
923 2528 1084 2596 kalendas
1099 2529 1191 2614 Julij.
1213 2530 1276 2596 Ve-

143 2633 348 2701 nerabilihus
373 2633 523 2719 patribus
547 2633 715 2720 Stephano
734 2633 908 2703 colocensi
932 2643 965 2702 et
987 2637 1137 2706 iohanne
1160 2637 1276 2723 Spala-

139 2741 225 2808 tensi
241 2739 523 2827 archiepiscopis5
546 2739 711 2826 Phylippo
726 2741 903 2825 Waciensi,
920 2744 997 2810 aule
1007 2742 1137 2811 domine
1153 2745 1276 2830 Reigne

138 2847 317 2916 karissime
342 2849 501 2915 consortis
526 2855 637 2915 nostre
663 2849 889 2935 cancellario,
926 2850 990 2916 lob
1016 2849 1275 2938 Quinqueecole-

137 2955 253 3038 siensi,
277 2956 459 3041 Tymotheo
483 2955 707 3042 Zagrabiensi,
732 2957 926 3024 Lodomerio
950 2959 1169 3046 waradiensi,
1185 2960 1276 3047 Dyo·

136 3061 223 3130 nisio
238 3062 425 3145 lauriensi,
449 3063 585 3130 Andrea
603 3063 769 3152 Agrieusi,
793 3065 889 3132 Petro
905 3066 1122 3134 Transiluano
1141 3068 1276 3153 Episco-

133 3169 210 3256 pis,
243 3170 341 3236 Petro
368 3168 616 3255 Wesprimiensi
646 3179 680 3237 et
706 3171 862 3256 Gregorio
889 3171 1111 3241 (lhanadiensi
1136 3173 1274 3258 illectis,

132 3276 309 3344 Ecclesiae
335 3275 397 3344 Dei
423 3275 563 3343 feliciter
587 3279 855 3362 gubernantibus.
887 3280 1036 3366 Nycoleo
1052 3281 1205 3348 Palatino
1219 3281 1276 3348 Ju-

131 3383 216 3452 diee
246 3385 463 3452 Cumanorum
495 3390 528 3451 et
559 3382 684 3452 Oomite
718 3387 952 3472 Supruniensi;
1001 3387 1152 3456 Johanne
1183 3389 1276 3456 Banu

127 3492 246 3560 tocius
277 3489 472 3575 Solemnis,
511 3491 660 3578 Nyeolao
692 3494 888 3578 Woyauoda
917 3491 1002 3582 (igy)
1032 3495 1148 3563 iudice
1179 3497 1278 3566 (luris

127 3605 267 3685 nostre;
281 3597 412 3665 Matheo
427 3600 626 3683 Woyauoda
640 3599 911 3668 Transiluanoet
927 3602 1055 3670 Gemite
1063 3603 1104 3672 de
1120 3601 1276 3688 Zounuk;

124 3705 304 3776 Joachino
319 3707 477 3792 Magistro
494 3707 768 3795 Tauarnicomm,
793 3708 963 3795 Reynoldo
987 3711 1147 3795 Magistro
1174 3712 1277 3797 Dapi·

124 3816 285 3882 ferorum
301 3821 506 3899 nostrorum;
530 3815 634 3882 Paulo
649 3815 742 3884 Banu
761 3815 804 3883 de
817 3815 974 3901 'beurin03
1000 3817 1157 3903 Dyonisio
1173 3819 1277 3903 blagi-

121 3931 207 3991 stro
225 3921 479 3989 Tauarnlcorum
505 3921 636 3990 domine
652 3921 777 4006 Regine
802 3925 958 3992 consortis
975 3932 1084 3991 nostre
1102 3915 1278 3995 karissime

78 4059 85 4072 ·
120 4029 267 4100 Gemite
285 4029 498 4114 Zaladiensi;
522 4031 672 4098 Rolando
697 4032 823 4098 Comito
847 4031 953 4099 Castri
980 4033 1100 4119 Fer-rei,
1119 4034 1276 4119 Gregorio

118 4135 265 4209 Gemite
280 4135 489 4224 symigiensi,
506 4137 676 4224 hlychaele
692 4137 817 4206 comico
832 4139 1020 4228 Nytriensi3
1044 4147 1076 4207 st
1085 4141 1161 4226 aliJs
1178 4161 1277 4226 quam

116 4245 291 4337 pluribus
308 4245 489 4314 Comitatus
506 4247 611 4329 Regni
627 4246 731 4314 nostri
747 4247 932 4315 tenentibus
949 4251 982 4314 et
996 4247 1146 4316 honores.

117 4371 282 4441 (Eu-edetis
294 4367 475 4438 bhrbdrtyln,
493 4371 605 4437 melyr'dl
618 4387 635 4422 a
649 4370 740 4439 kirtly
753 4373 842 4426 ketth's
854 4372 1030 4440 peosdtjdnok
1043 4374 1172 4427 threddke
1184 4371 1279 4440 suga

224 4466 306 4512 verbs
319 4459 549 4527 relyemnsindrcn
565 4461 641 4528 sugg,
660 4465 773 4516 abudai
791 4464 843 4516 kir.
862 4463 986 4516 kamurui
1000 4461 1191 4528 levdltdrban.)

604 4612 819 4626 Ἦ

1070 4646 1114 4709 8*
