<?xml version="1.0" encoding="UTF-8"?>
<!DOCTYPE html PUBLIC "-//W3C//DTD XHTML 1.0 Transitional//EN"
    "http://www.w3.org/TR/xhtml1/DTD/xhtml1-transitional.dtd">
<html xmlns="http://www.w3.org/1999/xhtml" xml:lang="en" lang="en">
 <head>
  <title>
</title>
<meta http-equiv="Content-Type" content="text/html;charset=utf-8" />
  <meta name='ocr-system' content='tesseract 3.04.00' />
  <meta name='ocr-capabilities' content='ocr_page ocr_carea ocr_par ocr_line ocrx_word'/>
</head>
<body>
  <div class='ocr_page' id='page_1' title='image "./codexdiplomatic12wenzgoog_0528.png"; bbox 0 0 3138 5164; ppageno 0'>
   <div class='ocr_carea' id='block_1_1' title="bbox 816 981 895 1052">
    <p class='ocr_par' dir='ltr' id='par_1_1' title="bbox 816 981 895 1052">
     <span class='ocr_line' id='line_1_1' title="bbox 816 981 895 1052; baseline 0 0"><span class='ocrx_word' id='word_1_1' title='bbox 816 981 895 1052; x_wconf 77' lang='lat'><strong>347.</strong></span> 
     </span>
    </p>
   </div>
   <div class='ocr_carea' id='block_1_2' title="bbox 284 1197 1415 1500">
    <p class='ocr_par' dir='ltr' id='par_1_2' title="bbox 284 1197 1415 1500">
     <span class='ocr_line' id='line_1_2' title="bbox 285 1197 1415 1289; baseline 0.005 -27"><span class='ocrx_word' id='word_1_2' title='bbox 285 1197 316 1262; x_wconf 84' lang='lat' dir='ltr'><em>A</em></span> <span class='ocrx_word' id='word_1_3' title='bbox 333 1199 470 1266; x_wconf 80' lang='lat' dir='ltr'><strong>cconddc&#39;</strong></span> <span class='ocrx_word' id='word_1_4' title='bbox 485 1199 714 1284; x_wconf 73' lang='lat' dir='ltr'><strong>toptatannal</strong></span> <span class='ocrx_word' id='word_1_5' title='bbox 738 1200 1008 1289; x_wconf 74' lang='lat' dir='ltr'><strong>bizonyeciplcvele</strong></span> <span class='ocrx_word' id='word_1_6' title='bbox 1017 1249 1028 1281; x_wconf 83' lang='lat'><em>,</em></span> <span class='ocrx_word' id='word_1_7' title='bbox 1060 1205 1142 1289; x_wconf 71' lang='lat' dir='ltr'><strong>leogy</strong></span> <span class='ocrx_word' id='word_1_8' title='bbox 1158 1203 1319 1270; x_wconf 81' lang='lat' dir='ltr'><strong>Borclncli</strong></span> <span class='ocrx_word' id='word_1_9' title='bbox 1334 1227 1415 1268; x_wconf 83' lang='lat' dir='ltr'><strong>aem-</strong></span> 
     </span>
     <span class='ocr_line' id='line_1_3' title="bbox 284 1303 1414 1393; baseline 0.004 -21"><span class='ocrx_word' id='word_1_10' title='bbox 284 1307 444 1393; x_wconf 72' lang='lat' dir='ltr'><strong>setsepoett</strong></span> <span class='ocrx_word' id='word_1_11' title='bbox 459 1303 660 1391; x_wconf 77' lang='lat' dir='ltr'><strong>Keyraouak</strong></span> <span class='ocrx_word' id='word_1_12' title='bbox 677 1307 747 1390; x_wconf 81' lang='lat' dir='ltr'><strong>fiai</strong></span> <span class='ocrx_word' id='word_1_13' title='bbox 761 1307 873 1392; x_wconf 78' lang='lat' dir='ltr'><strong>Popdi</strong></span> <span class='ocrx_word' id='word_1_14' title='bbox 888 1309 1141 1374; x_wconf 70' lang='lat' dir='ltr'><strong>rtoaotrmtotnt</strong></span> <span class='ocrx_word' id='word_1_15' title='bbox 1157 1311 1270 1376; x_wconf 80' lang='lat' dir='ltr'><strong>Menai</strong></span> <span class='ocrx_word' id='word_1_16' title='bbox 1285 1321 1414 1376; x_wconf 73' lang='lat' dir='ltr'><strong>umnec-</strong></span> 
     </span>
     <span class='ocr_line' id='line_1_4' title="bbox 468 1414 1220 1500; baseline 0.005 -20"><span class='ocrx_word' id='word_1_17' title='bbox 468 1414 582 1500; x_wconf 65' lang='lat' dir='ltr'><strong>otpbde&#39;</strong></span> <span class='ocrx_word' id='word_1_18' title='bbox 597 1415 698 1499; x_wconf 68' lang='lat' dir='ltr'><strong>Peter,</strong></span> <span class='ocrx_word' id='word_1_19' title='bbox 714 1414 817 1479; x_wconf 73' lang='lat' dir='ltr'><strong>Jonoo</strong></span> <span class='ocrx_word' id='word_1_20' title='bbox 826 1414 949 1498; x_wconf 71' lang='lat' dir='ltr'><strong>fidenis</strong></span> <span class='ocrx_word' id='word_1_21' title='bbox 965 1416 1104 1482; x_wconf 70' lang='lat' dir='ltr'><strong>emdtok.</strong></span> <span class='ocrx_word' id='word_1_22' title='bbox 1122 1417 1220 1484; x_wconf 84' lang='lat'><strong><em>1288.</em></strong></span> 
     </span>
    </p>
   </div>
   <div class='ocr_carea' id='block_1_3' title="bbox 280 1623 1414 3943">
    <p class='ocr_par' dir='ltr' id='par_1_3' title="bbox 280 1623 1414 3943">
     <span class='ocr_line' id='line_1_5' title="bbox 394 1623 1412 1712; baseline 0.003 -21"><span class='ocrx_word' id='word_1_23' title='bbox 394 1624 577 1712; x_wconf 83' lang='lat' dir='ltr'>Capitulum</span> <span class='ocrx_word' id='word_1_24' title='bbox 593 1624 739 1694; x_wconf 82' lang='lat' dir='ltr'><strong>Ecclesie</strong></span> <span class='ocrx_word' id='word_1_25' title='bbox 756 1623 993 1694; x_wconf 80' lang='lat' dir='ltr'><strong>Chenadiensis</strong></span> <span class='ocrx_word' id='word_1_26' title='bbox 1009 1629 1159 1696; x_wconf 87' lang='lat' dir='ltr'><strong>omnibus</strong></span> <span class='ocrx_word' id='word_1_27' title='bbox 1177 1629 1301 1696; x_wconf 80' lang='lat' dir='ltr'>Christi</span> <span class='ocrx_word' id='word_1_28' title='bbox 1318 1629 1412 1696; x_wconf 86' lang='lat' dir='ltr'><strong>tideli-</strong></span> 
     </span>
     <span class='ocr_line' id='line_1_6' title="bbox 286 1731 1414 1820; baseline 0.004 -21"><span class='ocrx_word' id='word_1_29' title='bbox 286 1733 347 1800; x_wconf 87' lang='lat' dir='ltr'><strong>bns</strong></span> <span class='ocrx_word' id='word_1_30' title='bbox 363 1739 429 1798; x_wconf 88' lang='lat' dir='ltr'><strong>tam</strong></span> <span class='ocrx_word' id='word_1_31' title='bbox 444 1733 648 1817; x_wconf 79' lang='lat' dir='ltr'><strong>presentibus</strong></span> <span class='ocrx_word' id='word_1_32' title='bbox 673 1752 769 1816; x_wconf 85' lang='lat' dir='ltr'><strong>qnam</strong></span> <span class='ocrx_word' id='word_1_33' title='bbox 795 1731 912 1802; x_wconf 83' lang='lat' dir='ltr'><strong>suturis</strong></span> <span class='ocrx_word' id='word_1_34' title='bbox 928 1735 1082 1802; x_wconf 78' lang='lat' dir='ltr'><strong>noticiam</strong></span> <span class='ocrx_word' id='word_1_35' title='bbox 1108 1735 1313 1820; x_wconf 86' lang='lat' dir='ltr'><strong>presencium</strong></span> <span class='ocrx_word' id='word_1_36' title='bbox 1328 1735 1414 1804; x_wconf 82' lang='lat' dir='ltr'><strong>lrcbi·</strong></span> 
     </span>
     <span class='ocr_line' id='line_1_7' title="bbox 284 1839 1414 1924; baseline 0.005 -22"><span class='ocrx_word' id='word_1_37' title='bbox 284 1839 365 1905; x_wconf 88' lang='lat' dir='ltr'><strong>luris</strong></span> <span class='ocrx_word' id='word_1_38' title='bbox 380 1839 516 1906; x_wconf 83' lang='lat' dir='ltr'><strong>salntem</strong></span> <span class='ocrx_word' id='word_1_39' title='bbox 533 1840 566 1904; x_wconf 94' lang='lat' dir='ltr'><strong>in</strong></span> <span class='ocrx_word' id='word_1_40' title='bbox 583 1839 721 1906; x_wconf 91' lang='lat' dir='ltr'><strong>Domino</strong></span> <span class='ocrx_word' id='word_1_41' title='bbox 747 1841 988 1924; x_wconf 85' lang='lat' dir='ltr'><strong>sempiternam.</strong></span> <span class='ocrx_word' id='word_1_42' title='bbox 1014 1841 1065 1908; x_wconf 87' lang='lat' dir='ltr'><strong>Ad</strong></span> <span class='ocrx_word' id='word_1_43' title='bbox 1091 1844 1312 1909; x_wconf 83' lang='lat' dir='ltr'><strong>vniuorsorum</strong></span> <span class='ocrx_word' id='word_1_44' title='bbox 1336 1843 1414 1924; x_wconf 82' lang='lat' dir='ltr'><strong>noti-</strong></span> 
     </span>
     <span class='ocr_line' id='line_1_8' title="bbox 286 1945 1414 2034; baseline 0.004 -22"><span class='ocrx_word' id='word_1_45' title='bbox 286 1947 370 2012; x_wconf 86' lang='lat' dir='ltr'><strong>ciam</strong></span> <span class='ocrx_word' id='word_1_46' title='bbox 389 1945 502 2014; x_wconf 86' lang='lat' dir='ltr'><strong>harum</strong></span> <span class='ocrx_word' id='word_1_47' title='bbox 519 1947 603 2012; x_wconf 89' lang='lat' dir='ltr'><strong>serie</strong></span> <span class='ocrx_word' id='word_1_48' title='bbox 628 1947 777 2014; x_wconf 84' lang='lat' dir='ltr'><strong>volumus</strong></span> <span class='ocrx_word' id='word_1_49' title='bbox 795 1949 982 2032; x_wconf 87' lang='lat' dir='ltr'><strong>peruenire:</strong></span> <span class='ocrx_word' id='word_1_50' title='bbox 1001 1948 1087 2032; x_wconf 84' lang='lat' dir='ltr'><strong>qnod</strong></span> <span class='ocrx_word' id='word_1_51' title='bbox 1103 1949 1261 2034; x_wconf 84' lang='lat' dir='ltr'><strong>Vchugan</strong></span> <span class='ocrx_word' id='word_1_52' title='bbox 1278 1957 1310 2016; x_wconf 89' lang='lat' dir='ltr'><strong>ct</strong></span> <span class='ocrx_word' id='word_1_53' title='bbox 1325 1950 1414 2016; x_wconf 90' lang='lat' dir='ltr'><strong>Inan-</strong></span> 
     </span>
     <span class='ocr_line' id='line_1_9' title="bbox 285 2051 1413 2140; baseline 0.005 -22"><span class='ocrx_word' id='word_1_54' title='bbox 285 2051 389 2119; x_wconf 91' lang='lat' dir='ltr'><strong>chuch</strong></span> <span class='ocrx_word' id='word_1_55' title='bbox 404 2053 462 2137; x_wconf 87' lang='lat' dir='ltr'><strong>filij</strong></span> <span class='ocrx_word' id='word_1_56' title='bbox 479 2054 610 2140; x_wconf 84' lang='lat' dir='ltr'><strong>Keyron</strong></span> <span class='ocrx_word' id='word_1_57' title='bbox 621 2053 661 2120; x_wconf 92' lang='lat' dir='ltr'><strong>de</strong></span> <span class='ocrx_word' id='word_1_58' title='bbox 672 2073 792 2136; x_wconf 88' lang='lat' dir='ltr'><strong>genere</strong></span> <span class='ocrx_word' id='word_1_59' title='bbox 807 2054 978 2138; x_wconf 82' lang='lat' dir='ltr'><strong>Borohovl,</strong></span> <span class='ocrx_word' id='word_1_60' title='bbox 994 2055 1090 2122; x_wconf 91' lang='lat' dir='ltr'><strong>simul</strong></span> <span class='ocrx_word' id='word_1_61' title='bbox 1107 2075 1179 2122; x_wconf 91' lang='lat' dir='ltr'><strong>cum</strong></span> <span class='ocrx_word' id='word_1_62' title='bbox 1195 2064 1413 2124; x_wconf 86' lang='lat' dir='ltr'><strong>commetaneo</strong></span> 
     </span>
     <span class='ocr_line' id='line_1_10' title="bbox 283 2160 1413 2248; baseline 0.005 -24"><span class='ocrx_word' id='word_1_63' title='bbox 283 2161 425 2244; x_wconf 89' lang='lat' dir='ltr'><strong>ipsorum</strong></span> <span class='ocrx_word' id='word_1_64' title='bbox 441 2161 608 2245; x_wconf 86' lang='lat' dir='ltr'><strong>Stephano</strong></span> <span class='ocrx_word' id='word_1_65' title='bbox 624 2160 690 2228; x_wconf 89' lang='lat' dir='ltr'><strong>filio</strong></span> <span class='ocrx_word' id='word_1_66' title='bbox 708 2160 839 2230; x_wconf 80' lang='lat' dir='ltr'><strong>Comitis</strong></span> <span class='ocrx_word' id='word_1_67' title='bbox 866 2163 1035 2246; x_wconf 85' lang='lat' dir='ltr'><strong>Porcbnch</strong></span> <span class='ocrx_word' id='word_1_68' title='bbox 1061 2183 1170 2230; x_wconf 89' lang='lat' dir='ltr'><strong>coram</strong></span> <span class='ocrx_word' id='word_1_69' title='bbox 1195 2163 1289 2231; x_wconf 90' lang='lat' dir='ltr'><strong>nobis</strong></span> <span class='ocrx_word' id='word_1_70' title='bbox 1307 2185 1413 2248; x_wconf 87' lang='lat' dir='ltr'><strong>perso-</strong></span> 
     </span>
     <span class='ocr_line' id='line_1_11' title="bbox 284 2266 1414 2356; baseline 0.004 -24"><span class='ocrx_word' id='word_1_71' title='bbox 284 2266 400 2332; x_wconf 81' lang='lat' dir='ltr'><strong>naliter</strong></span> <span class='ocrx_word' id='word_1_72' title='bbox 417 2267 583 2334; x_wconf 87' lang='lat' dir='ltr'><strong>constituti</strong></span> <span class='ocrx_word' id='word_1_73' title='bbox 600 2267 642 2332; x_wconf 88' lang='lat' dir='ltr'><strong>ab</strong></span> <span class='ocrx_word' id='word_1_74' title='bbox 658 2287 723 2332; x_wconf 88' lang='lat' dir='ltr'><strong>una</strong></span> <span class='ocrx_word' id='word_1_75' title='bbox 739 2275 850 2353; x_wconf 86' lang='lat' dir='ltr'><strong>parte;</strong></span> <span class='ocrx_word' id='word_1_76' title='bbox 877 2269 1027 2337; x_wconf 84' lang='lat' dir='ltr'><strong>Johanne</strong></span> <span class='ocrx_word' id='word_1_77' title='bbox 1052 2269 1121 2335; x_wconf 85' lang='lat' dir='ltr'><strong>filio</strong></span> <span class='ocrx_word' id='word_1_78' title='bbox 1136 2270 1223 2337; x_wconf 90' lang='lat' dir='ltr'><strong>Petri</strong></span> <span class='ocrx_word' id='word_1_79' title='bbox 1240 2272 1281 2337; x_wconf 89' lang='lat' dir='ltr'><strong>de</strong></span> <span class='ocrx_word' id='word_1_80' title='bbox 1297 2291 1414 2356; x_wconf 82' lang='lat' dir='ltr'><strong>genere</strong></span> 
     </span>
     <span class='ocr_line' id='line_1_12' title="bbox 284 2374 1414 2462; baseline 0.005 -24"><span class='ocrx_word' id='word_1_81' title='bbox 284 2376 380 2439; x_wconf 82' lang='lat' dir='ltr'><strong>Mena</strong></span> <span class='ocrx_word' id='word_1_82' title='bbox 406 2395 447 2440; x_wconf 87' lang='lat' dir='ltr'><strong>ex</strong></span> <span class='ocrx_word' id='word_1_83' title='bbox 478 2375 600 2458; x_wconf 80' lang='lat' dir='ltr'><strong>altera3</strong></span> <span class='ocrx_word' id='word_1_84' title='bbox 632 2374 733 2460; x_wconf 89' lang='lat' dir='ltr'><strong>ijdem</strong></span> <span class='ocrx_word' id='word_1_85' title='bbox 750 2375 908 2461; x_wconf 82' lang='lat' dir='ltr'><strong>Vchugan</strong></span> <span class='ocrx_word' id='word_1_86' title='bbox 926 2385 957 2442; x_wconf 94' lang='lat' dir='ltr'><strong>et</strong></span> <span class='ocrx_word' id='word_1_87' title='bbox 989 2376 1159 2444; x_wconf 85' lang='lat' dir='ltr'><strong>Inanchnk</strong></span> <span class='ocrx_word' id='word_1_88' title='bbox 1190 2384 1316 2462; x_wconf 86' lang='lat' dir='ltr'><strong>partem</strong></span> <span class='ocrx_word' id='word_1_89' title='bbox 1331 2387 1414 2446; x_wconf 89' lang='lat' dir='ltr'><strong>terre</strong></span> 
     </span>
     <span class='ocr_line' id='line_1_13' title="bbox 282 2480 1413 2569; baseline 0.003 -21"><span class='ocrx_word' id='word_1_90' title='bbox 282 2480 375 2566; x_wconf 85' lang='lat' dir='ltr'><strong>Popd</strong></span> <span class='ocrx_word' id='word_1_91' title='bbox 390 2482 459 2547; x_wconf 90' lang='lat' dir='ltr'><strong>inre</strong></span> <span class='ocrx_word' id='word_1_92' title='bbox 473 2482 562 2567; x_wconf 88' lang='lat' dir='ltr'><strong>ipsos</strong></span> <span class='ocrx_word' id='word_1_93' title='bbox 579 2481 828 2568; x_wconf 75' lang='lat' dir='ltr'><strong>contingentem,</strong></span> <span class='ocrx_word' id='word_1_94' title='bbox 845 2503 906 2566; x_wconf 88' lang='lat' dir='ltr'><strong>qne</strong></span> <span class='ocrx_word' id='word_1_95' title='bbox 922 2485 1006 2567; x_wconf 84' lang='lat' dir='ltr'><strong>patri</strong></span> <span class='ocrx_word' id='word_1_96' title='bbox 1022 2485 1163 2569; x_wconf 89' lang='lat' dir='ltr'><strong>ipsorum</strong></span> <span class='ocrx_word' id='word_1_97' title='bbox 1179 2504 1200 2548; x_wconf 90' lang='lat' dir='ltr'><strong>a</strong></span> <span class='ocrx_word' id='word_1_98' title='bbox 1215 2485 1295 2550; x_wconf 83' lang='lat' dir='ltr'><strong>Belo</strong></span> <span class='ocrx_word' id='word_1_99' title='bbox 1310 2484 1413 2552; x_wconf 85' lang='lat' dir='ltr'><strong>felicis</strong></span> 
     </span>
     <span class='ocr_line' id='line_1_14' title="bbox 282 2588 1414 2678; baseline 0.002 -24"><span class='ocrx_word' id='word_1_100' title='bbox 282 2588 521 2678; x_wconf 84' lang='lat' dir='ltr'><strong>recordacionis</strong></span> <span class='ocrx_word' id='word_1_101' title='bbox 535 2590 623 2672; x_wconf 82' lang='lat' dir='ltr'>Rege</span> <span class='ocrx_word' id='word_1_102' title='bbox 639 2590 805 2674; x_wconf 89' lang='lat' dir='ltr'><strong>Hungarie</strong></span> <span class='ocrx_word' id='word_1_103' title='bbox 821 2589 926 2656; x_wconf 83' lang='lat' dir='ltr'><strong>iuerat</strong></span> <span class='ocrx_word' id='word_1_104' title='bbox 936 2590 1056 2658; x_wconf 81' lang='lat' dir='ltr'><strong>collata</strong></span> <span class='ocrx_word' id='word_1_105' title='bbox 1066 2598 1098 2657; x_wconf 89' lang='lat' dir='ltr'><strong>et</strong></span> <span class='ocrx_word' id='word_1_106' title='bbox 1118 2591 1249 2677; x_wconf 88' lang='lat' dir='ltr'><strong>donata,</strong></span> <span class='ocrx_word' id='word_1_107' title='bbox 1266 2591 1414 2658; x_wconf 82' lang='lat' dir='ltr'><strong>dixerunt</strong></span> 
     </span>
     <span class='ocr_line' id='line_1_15' title="bbox 281 2693 1413 2786; baseline 0.001 -23"><span class='ocrx_word' id='word_1_108' title='bbox 281 2693 471 2763; x_wconf 88' lang='lat' dir='ltr'><strong>vendidisse</strong></span> <span class='ocrx_word' id='word_1_109' title='bbox 486 2695 628 2762; x_wconf 88' lang='lat' dir='ltr'><strong>Johanni</strong></span> <span class='ocrx_word' id='word_1_110' title='bbox 644 2704 820 2766; x_wconf 85' lang='lat' dir='ltr'><strong>memorato</strong></span> <span class='ocrx_word' id='word_1_111' title='bbox 844 2718 903 2782; x_wconf 92' lang='lat' dir='ltr'><strong>pro</strong></span> <span class='ocrx_word' id='word_1_112' title='bbox 919 2698 1105 2780; x_wconf 88' lang='lat' dir='ltr'><strong>quindecim</strong></span> <span class='ocrx_word' id='word_1_113' title='bbox 1127 2698 1255 2786; x_wconf 85' lang='lat' dir='ltr'><strong>marcis,</strong></span> <span class='ocrx_word' id='word_1_114' title='bbox 1272 2720 1354 2782; x_wconf 87' lang='lat' dir='ltr'><strong>quas</strong></span> <span class='ocrx_word' id='word_1_115' title='bbox 1370 2701 1413 2765; x_wconf 82' lang='lat' dir='ltr'><strong>ab</strong></span> 
     </span>
     <span class='ocr_line' id='line_1_16' title="bbox 284 2803 1410 2891; baseline 0.001 -22"><span class='ocrx_word' id='word_1_116' title='bbox 284 2804 396 2870; x_wconf 88' lang='lat' dir='ltr'><strong>eodem</strong></span> <span class='ocrx_word' id='word_1_117' title='bbox 412 2803 553 2889; x_wconf 80' lang='lat' dir='ltr'><strong>professi</strong></span> <span class='ocrx_word' id='word_1_118' title='bbox 569 2813 643 2872; x_wconf 88' lang='lat' dir='ltr'><strong>sunt</strong></span> <span class='ocrx_word' id='word_1_119' title='bbox 667 2805 817 2891; x_wconf 88' lang='lat' dir='ltr'><strong>plenarie</strong></span> <span class='ocrx_word' id='word_1_120' title='bbox 832 2805 1005 2891; x_wconf 78' lang='lat' dir='ltr'><strong>recepisse,</strong></span> <span class='ocrx_word' id='word_1_121' title='bbox 1025 2813 1247 2874; x_wconf 84' lang='lat' dir='ltr'><strong>commetcneo</strong></span> <span class='ocrx_word' id='word_1_122' title='bbox 1264 2827 1324 2874; x_wconf 89' lang='lat' dir='ltr'><strong>sno</strong></span> <span class='ocrx_word' id='word_1_123' title='bbox 1341 2807 1410 2872; x_wconf 85' lang='lat' dir='ltr'><strong>Ste-</strong></span> 
     </span>
     <span class='ocr_line' id='line_1_17' title="bbox 281 2910 1409 2996; baseline 0.004 -22"><span class='ocrx_word' id='word_1_124' title='bbox 281 2911 392 2994; x_wconf 91' lang='lat' dir='ltr'><strong>phano</strong></span> <span class='ocrx_word' id='word_1_125' title='bbox 408 2910 553 2995; x_wconf 82' lang='lat' dir='ltr'><strong>predicto</strong></span> <span class='ocrx_word' id='word_1_126' title='bbox 569 2914 602 2978; x_wconf 94' lang='lat' dir='ltr'><strong>in</strong></span> <span class='ocrx_word' id='word_1_127' title='bbox 618 2913 706 2979; x_wconf 90' lang='lat' dir='ltr'><strong>nullo</strong></span> <span class='ocrx_word' id='word_1_128' title='bbox 723 2913 972 2980; x_wconf 79' lang='lat' dir='ltr'><strong>contradicente.</strong></span> <span class='ocrx_word' id='word_1_129' title='bbox 997 2912 1039 2980; x_wconf 88' lang='lat' dir='ltr'><strong>Vt</strong></span> <span class='ocrx_word' id='word_1_130' title='bbox 1063 2913 1162 2996; x_wconf 88' lang='lat' dir='ltr'><strong>igitur</strong></span> <span class='ocrx_word' id='word_1_131' title='bbox 1186 2914 1282 2981; x_wconf 91' lang='lat' dir='ltr'><strong>huius</strong></span> <span class='ocrx_word' id='word_1_132' title='bbox 1297 2912 1409 2980; x_wconf 83' lang='lat' dir='ltr'><strong>uendi·</strong></span> 
     </span>
     <span class='ocr_line' id='line_1_18' title="bbox 283 3015 1412 3105; baseline 0.004 -25"><span class='ocrx_word' id='word_1_133' title='bbox 283 3015 419 3084; x_wconf 82' lang='lat' dir='ltr'><strong>dicionis</strong></span> <span class='ocrx_word' id='word_1_134' title='bbox 435 3017 534 3084; x_wconf 88' lang='lat' dir='ltr'><strong>series</strong></span> <span class='ocrx_word' id='word_1_135' title='bbox 551 3023 622 3086; x_wconf 85' lang='lat' dir='ltr'><strong>rota</strong></span> <span class='ocrx_word' id='word_1_136' title='bbox 637 3025 669 3085; x_wconf 90' lang='lat' dir='ltr'><strong>et</strong></span> <span class='ocrx_word' id='word_1_137' title='bbox 686 3020 989 3104; x_wconf 86' lang='lat' dir='ltr'><strong>firmaperseneret;</strong></span> <span class='ocrx_word' id='word_1_138' title='bbox 1002 3039 1064 3086; x_wconf 91' lang='lat' dir='ltr'><strong>nec</strong></span> <span class='ocrx_word' id='word_1_139' title='bbox 1079 3021 1181 3086; x_wconf 83' lang='lat' dir='ltr'><strong>eciam</strong></span> <span class='ocrx_word' id='word_1_140' title='bbox 1197 3039 1256 3105; x_wconf 91' lang='lat' dir='ltr'><strong>per</strong></span> <span class='ocrx_word' id='word_1_141' title='bbox 1272 3020 1412 3102; x_wconf 88' lang='lat' dir='ltr'><strong>aliquem</strong></span> 
     </span>
     <span class='ocr_line' id='line_1_19' title="bbox 282 3126 1411 3214; baseline 0.003 -25"><span class='ocrx_word' id='word_1_142' title='bbox 282 3131 490 3208; x_wconf 85' lang='lat' dir='ltr'><strong>cognatorum</strong></span> <span class='ocrx_word' id='word_1_143' title='bbox 507 3126 559 3194; x_wconf 83' lang='lat' dir='ltr'><strong>uel</strong></span> <span class='ocrx_word' id='word_1_144' title='bbox 575 3128 885 3210; x_wconf 83' lang='lat' dir='ltr'><strong>consanguineorum</strong></span> <span class='ocrx_word' id='word_1_145' title='bbox 908 3127 1061 3214; x_wconf 86' lang='lat' dir='ltr'><strong>ipsorum,</strong></span> <span class='ocrx_word' id='word_1_146' title='bbox 1077 3128 1129 3194; x_wconf 88' lang='lat' dir='ltr'><strong>vel</strong></span> <span class='ocrx_word' id='word_1_147' title='bbox 1145 3149 1202 3214; x_wconf 89' lang='lat' dir='ltr'><strong>per</strong></span> <span class='ocrx_word' id='word_1_148' title='bbox 1216 3127 1344 3211; x_wconf 89' lang='lat' dir='ltr'><strong>aliquos</strong></span> <span class='ocrx_word' id='word_1_149' title='bbox 1360 3149 1411 3194; x_wconf 83' lang='lat' dir='ltr'><strong>ex·</strong></span> 
     </span>
     <span class='ocr_line' id='line_1_20' title="bbox 281 3233 1412 3322; baseline 0.002 -26"><span class='ocrx_word' id='word_1_150' title='bbox 281 3241 412 3300; x_wconf 86' lang='lat' dir='ltr'><strong>tranecs</strong></span> <span class='ocrx_word' id='word_1_151' title='bbox 427 3233 462 3299; x_wconf 92' lang='lat' dir='ltr'><strong>in</strong></span> <span class='ocrx_word' id='word_1_152' title='bbox 477 3234 604 3300; x_wconf 89' lang='lat' dir='ltr'><strong>irritum</strong></span> <span class='ocrx_word' id='word_1_153' title='bbox 620 3237 721 3322; x_wconf 88' lang='lat' dir='ltr'><strong>possit</strong></span> <span class='ocrx_word' id='word_1_154' title='bbox 737 3235 892 3320; x_wconf 83' lang='lat' dir='ltr'><strong>reuocari,</strong></span> <span class='ocrx_word' id='word_1_155' title='bbox 908 3233 951 3300; x_wconf 91' lang='lat' dir='ltr'><strong>ad</strong></span> <span class='ocrx_word' id='word_1_156' title='bbox 967 3235 1161 3302; x_wconf 85' lang='lat' dir='ltr'><strong>instanciam</strong></span> <span class='ocrx_word' id='word_1_157' title='bbox 1177 3235 1326 3320; x_wconf 88' lang='lat' dir='ltr'><strong>parcium</strong></span> <span class='ocrx_word' id='word_1_158' title='bbox 1342 3253 1412 3320; x_wconf 91' lang='lat' dir='ltr'><strong>pre-</strong></span> 
     </span>
     <span class='ocr_line' id='line_1_21' title="bbox 282 3339 1412 3424; baseline -0.003 -17"><span class='ocrx_word' id='word_1_159' title='bbox 282 3347 391 3407; x_wconf 88' lang='lat' dir='ltr'><strong>sentes</strong></span> <span class='ocrx_word' id='word_1_160' title='bbox 407 3342 625 3408; x_wconf 85' lang='lat' dir='ltr'><strong>concessimus</strong></span> <span class='ocrx_word' id='word_1_161' title='bbox 650 3341 776 3408; x_wconf 87' lang='lat' dir='ltr'><strong>litteras</strong></span> <span class='ocrx_word' id='word_1_162' title='bbox 793 3340 892 3424; x_wconf 80' lang='lat' dir='ltr'><strong>sigilli</strong></span> <span class='ocrx_word' id='word_1_163' title='bbox 909 3342 1011 3408; x_wconf 88' lang='lat' dir='ltr'><strong>nostri</strong></span> <span class='ocrx_word' id='word_1_164' title='bbox 1042 3340 1219 3406; x_wconf 88' lang='lat' dir='ltr'><strong>monimine</strong></span> <span class='ocrx_word' id='word_1_165' title='bbox 1234 3339 1412 3406; x_wconf 86' lang='lat' dir='ltr'><strong>roboratas.</strong></span> 
     </span>
     <span class='ocr_line' id='line_1_22' title="bbox 282 3447 1412 3516; baseline 0 -4"><span class='ocrx_word' id='word_1_166' title='bbox 282 3449 401 3513; x_wconf 88' lang='lat' dir='ltr'><strong>Datum</strong></span> <span class='ocrx_word' id='word_1_167' title='bbox 416 3468 501 3516; x_wconf 85' lang='lat' dir='ltr'><strong>anno</strong></span> <span class='ocrx_word' id='word_1_168' title='bbox 527 3447 660 3514; x_wconf 88' lang='lat' dir='ltr'><strong>Domini</strong></span> <span class='ocrx_word' id='word_1_169' title='bbox 691 3447 864 3516; x_wconf 88' lang='lat' dir='ltr'><strong>millesimo</strong></span> <span class='ocrx_word' id='word_1_170' title='bbox 896 3447 1116 3515; x_wconf 89' lang='lat' dir='ltr'><strong>ducentesimo</strong></span> <span class='ocrx_word' id='word_1_171' title='bbox 1131 3447 1275 3514; x_wconf 85' lang='lat' dir='ltr'>LXXX⁰</span> <span class='ocrx_word' id='word_1_172' title='bbox 1290 3453 1412 3512; x_wconf 74' lang='lat' dir='ltr'><strong>cctam.</strong></span> 
     </span>
     <span class='ocr_line' id='line_1_23' title="bbox 280 3551 1410 3641; baseline -0.004 -19"><span class='ocrx_word' id='word_1_173' title='bbox 280 3555 441 3639; x_wconf 83' lang='lat' dir='ltr'><strong>Agnetino</strong></span> <span class='ocrx_word' id='word_1_174' title='bbox 457 3555 625 3641; x_wconf 88' lang='lat' dir='ltr'><strong>Preposito</strong></span> <span class='ocrx_word' id='word_1_175' title='bbox 641 3555 788 3622; x_wconf 80' lang='lat' dir='ltr'><strong>Ecclesie</strong></span> <span class='ocrx_word' id='word_1_176' title='bbox 804 3555 918 3622; x_wconf 83' lang='lat' dir='ltr'><strong>Sancti</strong></span> <span class='ocrx_word' id='word_1_177' title='bbox 934 3555 1125 3638; x_wconf 81' lang='lat' dir='ltr'><strong>Saluatoris,</strong></span> <span class='ocrx_word' id='word_1_178' title='bbox 1150 3555 1246 3621; x_wconf 89' lang='lat' dir='ltr'><strong>Petro</strong></span> <span class='ocrx_word' id='word_1_179' title='bbox 1263 3551 1410 3637; x_wconf 70' lang='lat' dir='ltr'><strong>Contere</strong></span> 
     </span>
     <span class='ocr_line' id='line_1_24' title="bbox 282 3658 1413 3750; baseline -0.004 -22"><span class='ocrx_word' id='word_1_180' title='bbox 282 3662 438 3746; x_wconf 81' lang='lat' dir='ltr'><strong>Gregorio</strong></span> <span class='ocrx_word' id='word_1_181' title='bbox 463 3659 624 3750; x_wconf 78' lang='lat' dir='ltr'><strong>Custode,</strong></span> <span class='ocrx_word' id='word_1_182' title='bbox 652 3663 794 3748; x_wconf 76' lang='lat' dir='ltr'><strong>symone</strong></span> <span class='ocrx_word' id='word_1_183' title='bbox 820 3661 1057 3728; x_wconf 87' lang='lat' dir='ltr'><strong>Archidiccono</strong></span> <span class='ocrx_word' id='word_1_184' title='bbox 1089 3660 1131 3728; x_wconf 82' lang='lat' dir='ltr'><strong>&lt;lc</strong></span> <span class='ocrx_word' id='word_1_185' title='bbox 1162 3658 1296 3744; x_wconf 77' lang='lat' dir='ltr'><strong>Cernen,</strong></span> <span class='ocrx_word' id='word_1_186' title='bbox 1311 3661 1413 3726; x_wconf 89' lang='lat' dir='ltr'><strong>Panlo</strong></span> 
     </span>
     <span class='ocr_line' id='line_1_25' title="bbox 280 3765 1413 3856; baseline -0.005 -20"><span class='ocrx_word' id='word_1_187' title='bbox 280 3768 515 3837; x_wconf 83' lang='lat' dir='ltr'><strong>Archidiacono</strong></span> <span class='ocrx_word' id='word_1_188' title='bbox 532 3769 573 3836; x_wconf 88' lang='lat' dir='ltr'><strong>de</strong></span> <span class='ocrx_word' id='word_1_189' title='bbox 588 3769 701 3856; x_wconf 80' lang='lat' dir='ltr'><strong>Kome,</strong></span> <span class='ocrx_word' id='word_1_190' title='bbox 719 3769 912 3836; x_wconf 81' lang='lat' dir='ltr'><strong>Sebastiano</strong></span> <span class='ocrx_word' id='word_1_191' title='bbox 937 3767 1116 3854; x_wconf 82' lang='lat' dir='ltr'><strong>sacerdote,</strong></span> <span class='ocrx_word' id='word_1_192' title='bbox 1134 3773 1166 3834; x_wconf 88' lang='lat' dir='ltr'><strong>et</strong></span> <span class='ocrx_word' id='word_1_193' title='bbox 1182 3765 1259 3854; x_wconf 79' lang='lat' dir='ltr'><strong>oliJ&#39;s</strong></span> <span class='ocrx_word' id='word_1_194' title='bbox 1276 3767 1413 3834; x_wconf 86' lang='lat' dir='ltr'><strong>existen·</strong></span> 
     </span>
     <span class='ocr_line' id='line_1_26' title="bbox 284 3876 385 3943; baseline 0 -1"><span class='ocrx_word' id='word_1_195' title='bbox 284 3876 385 3943; x_wconf 87' lang='lat' dir='ltr'><strong>tibus.</strong></span> 
     </span>
    </p>
   </div>
   <div class='ocr_carea' id='block_1_4' title="bbox 282 4069 1395 4227">
    <p class='ocr_par' dir='ltr' id='par_1_4' title="bbox 282 4069 1395 4227">
     <span class='ocr_line' id='line_1_27' title="bbox 282 4069 1395 4139; baseline -0.007 -15"><span class='ocrx_word' id='word_1_196' title='bbox 282 4070 418 4134; x_wconf 81' lang='lat' dir='ltr'><strong>(Eredetie</strong></span> <span class='ocrx_word' id='word_1_197' title='bbox 433 4069 607 4139; x_wconf 68' lang='lat' dir='ltr'><strong>blirhirtyom</strong></span> <span class='ocrx_word' id='word_1_198' title='bbox 618 4087 635 4123; x_wconf 79' lang='lat' dir='ltr'><strong>a</strong></span> <span class='ocrx_word' id='word_1_199' title='bbox 645 4069 791 4124; x_wconf 61' lang='lat' dir='ltr'><strong>utres-kik</strong></span> <span class='ocrx_word' id='word_1_200' title='bbox 805 4072 1034 4139; x_wconf 76' lang='lat' dir='ltr'><strong>eelyemzsinoron</strong></span> <span class='ocrx_word' id='word_1_201' title='bbox 1046 4073 1154 4138; x_wconf 82' lang='lat' dir='ltr'><strong>iiigglitt</strong></span> <span class='ocrx_word' id='word_1_202' title='bbox 1164 4069 1256 4137; x_wconf 77' lang='lat' dir='ltr'><strong>peeslt</strong></span> <span class='ocrx_word' id='word_1_203' title='bbox 1266 4069 1395 4121; x_wconf 80' lang='lat' dir='ltr'><strong>elresnett</strong></span> 
     </span>
     <span class='ocr_line' id='line_1_28' title="bbox 586 4157 1107 4227; baseline -0.002 -15"><span class='ocrx_word' id='word_1_204' title='bbox 586 4177 603 4212; x_wconf 78' lang='lat' dir='ltr'><strong>a</strong></span> <span class='ocrx_word' id='word_1_205' title='bbox 616 4161 699 4214; x_wconf 79' lang='lat' dir='ltr'><strong>budsi</strong></span> <span class='ocrx_word' id='word_1_206' title='bbox 713 4161 765 4212; x_wconf 84' lang='lat' dir='ltr'><strong>kir.</strong></span> <span class='ocrx_word' id='word_1_207' title='bbox 779 4162 904 4213; x_wconf 77' lang='lat' dir='ltr'><strong>kemorai</strong></span> <span class='ocrx_word' id='word_1_208' title='bbox 917 4157 1107 4227; x_wconf 71' lang='lat' dir='ltr'><strong>leveltirbsn.)</strong></span> 
     </span>
    </p>
   </div>
   <div class='ocr_carea' id='block_1_5' title="bbox 747 4463 960 4475">
    <p class='ocr_par' dir='ltr' id='par_1_5' title="bbox 747 4463 960 4475">
     <span class='ocr_line' id='line_1_29' title="bbox 747 4463 960 4475; baseline -0.005 -1"><span class='ocrx_word' id='word_1_209' title='bbox 747 4463 960 4475; x_wconf 70' lang='lat' dir='ltr'><strong>——n-——nt</strong></span> 
     </span>
    </p>
   </div>
   <div class='ocr_carea' id='block_1_6' title="bbox 0 0 1574 5164">
    <p class='ocr_par' dir='ltr' id='par_1_6' title="bbox 0 0 1574 5164">
     <span class='ocr_line' id='line_1_30' title="bbox 0 0 1574 5164; baseline 0 1"><span class='ocrx_word' id='word_1_210' title='bbox 0 0 1574 5164; x_wconf 95' lang='lat' dir='ltr'><strong> </strong></span> 
     </span>
    </p>
   </div>
  </div>
 </body>
</html>
