3080 5160
587 323 746 444 „sar-

105 541 179 604 suut
193 525 344 604 similiter
358 535 422 605 duc
436 541 540 624 mete;
557 543 672 624 postea
687 542 763 604 sunt
777 533 840 606 dus
855 555 939 606 noue
948 529 1128 604 meteintor
1137 525 1222 604 duas

106 644 257 729 aanuss
272 649 377 713 metas
396 645 598 733 destructas3
616 620 693 714 its'm
707 664 803 732 super
818 649 956 712 monum
971 650 1048 712 aunt
1064 643 1127 710 due
1143 649 1227 712 mete

105 752 237 836 antique
260 759 293 819 et
322 753 426 821 tercia
453 774 559 839 ncua;
585 754 673 823 vltra
689 753 940 840 supermontem
958 751 1057 820 alium
1074 756 1148 819 sunt
1163 748 1227 818 dua

107 866 192 926 mete
218 860 348 944 andquc
376 867 407 928 ct
422 881 490 929 vua
505 860 595 928 iuxta
610 861 742 948 'l'speu;
758 860 871 928 ultimo
887 859 1007 928 abab
1022 855 1225 946 procedendo

105 969 149 1036 ad
172 971 321 1038 arborem
345 994 431 1038 naor
455 969 563 1058 posite
586 976 662 1038 sunt
685 969 749 1038 due
773 975 867 1056 mete,
890 989 956 1037 vna
971 988 1059 1038 noua
1073 972 1106 1034 et
1123 967 1228 1032 altera

105 1076 253 1164 antiqua,
279 1087 312 1146 et
335 1079 380 1146 ibi
396 1079 617 1146 terminantur.
633 1078 671 1145 In
687 1079 780 1146 cuius
796 1079 843 1145 rei
859 1076 1046 1145 memoriam
1062 1083 1094 1143 ct
1106 1094 1222 1162 perpe-

105 1191 195 1253 tuam
210 1187 393 1256 firmitatem
410 1188 453 1255 sd
468 1189 662 1275 peticionem
679 1193 711 1254 ct
725 1185 918 1256 instanciam
933 1187 1078 1272 parcium
1089 1203 1221 1270 presen-

103 1299 155 1362 tes
180 1296 397 1366 concessimus
427 1296 531 1383 sigilli
562 1297 664 1365 nostri
694 1295 870 1364 munimine
901 1295 1078 1364 roboratas.
1104 1293 1223 1360 Datum

103 1399 259 1472 kalendis
282 1405 362 1492 Julij
389 1425 476 1474 anno
491 1404 623 1475 Domini
636 1392 684 1474 li⁰
699 1405 764 1474 00⁰
781 1403 1003 1490 octuagesimo
1018 1403 1133 1489 primo.
1149 1401 1226 1468 Pre-

103 1512 252 1580 sentibus
276 1519 383 1582 tamen
399 1513 553 1599 Magistro
568 1515 670 1583 Paulo
686 1513 832 1604 Lectorc,
848 1510 985 1581 Andrea
1000 1510 1150 1598 Cantorc,
1169 1530 1218 1578 se·

105 1619 214 1688 cundo
237 1621 340 1690 Paulo
366 1607 528 1712 Custode,
552 1623 706 1692 Furcasio
732 1622 904 1706 Wscieusi,
937 1620 1028 1688 Anco
1061 1617 1228 1706 Patrensi,

104 1729 243 1799 Nicolao
260 1730 300 1797 dc
315 1729 475 1819 Zigetleu,
492 1738 524 1798 et
540 1732 635 1802 Petro
651 1732 692 1799 de
706 1731 821 1799 Zonulr
833 1727 1089 1818 Archidiaconis,
1102 1749 1142 1797 ae
1152 1728 1228 1816 alijs

104 1837 140 1904 in
157 1838 308 1906 Ecclesia
323 1839 425 1908 Beate
439 1838 583 1925 Virginis
598 1839 669 1907 Deo
683 1840 737 1927 pis
755 1837 988 1908 famulantibus
1004 1844 1036 1906 et
1051 1837 1176 1903 deuote.

322 2001 353 2068 A
541 2004 569 2070 B
764 2000 791 2069 O
987 2000 1017 2066 D

105 2161 247 2230 (Eredstis
267 2161 440 2232 bdrbirtydn,
462 2165 614 2218 acta-voror
634 2163 860 2232 selyemuaiubron
882 2163 966 2233 tuggo
989 2161 1081 2232 pscadt
1102 2165 1186 2232 alatt3
1208 2179 1226 2220 ι

425 2256 508 2308 budai
520 2255 572 2308 kin.
585 2256 708 2308 kamarai
720 2251 910 2323 levdltdrban.)

640 3025 715 3098 228.

105 3249 141 3318 A
166 3248 335 3337 cesvprdms‘
358 3245 582 3336 kdptclacaak
598 3217 872 3335 biaoaysdplcoels,
886 3245 967 3336 leopp
983 3246 1097 3335 Aylcoi
1112 3246 1235 3337 Golpoa

142 3359 304 3449 Aykddoa
319 3359 387 3424 ldob
401 3357 549 3445 campos
564 3359 721 3425 molomro
736 3362 829 3425 osaea
844 3359 942 3425 Bolto
957 3359 1086 3426 Pdlaob
1093 3359 1202 3443 ficiool

519 3467 723 3555 squalescat.
740 3469 839 3534 1281.

220 3684 288 3752 Nos
304 3680 489 3768 (lapitulum
504 3683 652 3754 Ecclesia
676 3681 925 3772 vesprimiensis
951 3685 1067 3752 damus
1093 3704 1150 3770 pro
1168 3705 1232 3751 me-

107 3794 226 3880 moria,
251 3791 338 3877 quod
362 3792 531 3861 constituti
555 3815 665 3862 coram
690 3793 783 3861 nobis
810 3793 976 3878 Gclyanus
991 3793 1077 3860 filius
1093 3793 1179 3860 Petri
1195 3794 1235 3860 de

106 3903 213 3987 Ayka
236 3920 294 3986 pro
317 3922 354 3970 sa
378 3908 411 3972 et
435 3921 493 3988 pro
518 3903 618 3970 batte
644 3923 703 3970 suo
728 3903 885 3988 Nycoloo‚
911 3901 993 3968 siout
1008 3899 1099 3986 dixit,
1115 3902 1156 3967 ab
1173 3920 1237 3966 vna

106 4017 221 4099 parte,
246 4017 279 4077 et
306 4011 403 4077 Bolta
426 4009 515 4080 lilius
540 4011 635 4079 Pauli
652 4010 694 4078 da
710 4009 825 4077 cadem
842 4007 990 4078 similiter
1005 4027 1063 4094 pro
1078 4027 1114 4074 se
1130 4015 1162 4074 et
1178 4027 1236 4092 pro

108 4121 221 4189 Paulo
235 4117 339 4186 fratre
354 4139 413 4186 suo
428 4119 471 4187 ab
487 4120 601 4205 altera,
619 4139 716 4205 super
729 4119 869 4204 quodam
889 4117 1073 4187 molendino
1089 4115 1123 4182 in
1139 4113 1237 4200 Ayka

107 4247 212 4315 super
234 4227 332 4294 fluuio
357 4229 488 4296 ‘Pornoa
503 4226 577 4316 sito,
595 4225 681 4313 quod
697 4226 817 4294 dudum
834 4227 1026 4314 Beuyamyn
1042 4224 1144 4290 luisse
1160 4220 1238 4288 dici·

109 4345 178 4423 tur,
196 4335 306 4422 probis
321 4335 401 4404 viris
416 4335 692 4424 componentibus,
709 4334 750 4400 de
765 4334 977 4422 permissione
993 4331 1156 4415 Magnifici
1172 4328 1235 4396 viri

110 4441 241 4510 domini
265 4441 427 4512 Johcnuis
453 4443 597 4512 Palatini
622 4463 659 4511 se
684 4443 835 4510 dixerunt
859 4443 972 4509 taliter
1002 4435 1233 4521 concordasse3

110 4549 203 4638 quod
227 4571 300 4621 cum
326 4559 539 4620 memoratum
556 4551 772 4620 molendinum
790 4549 833 4618 sit
847 4551 1016 4636 utriusque
1030 4547 1134 4635 partis
1148 4544 1238 4613 here·

109 4659 278 4746 ditarium,
303 4660 420 4730 amodo
444 4661 549 4747 ipsum
574 4661 794 4730 molendinum
819 4657 1035 4746 possidebunt
1061 4675 1174 4724 secure
1199 4655 1234 4721 in

161 4797 263 4837 nomn.
278 4797 362 4836 susa.
376 4797 446 4837 urar.
464 4807 503 4818 -
520 4797 632 4836 amour.
661 4790 697 4836 17.
1037 4757 1098 4836 21ι
