3080 5160
549 325 710 424 ,11-

80 535 133 601 sub
160 533 309 598 libertate
333 527 495 613 hospitum
520 523 717 604 residebant,
733 538 755 583 a
768 517 861 606 nohis
878 514 941 581 sibi
956 511 1027 578 dari
1042 505 1184 596 postula-

81 642 131 708 uit
154 643 272 710 Verum
297 635 431 722 quiade
447 631 602 716 qualitate
618 635 649 696 et
664 627 847 712 quantitate
862 621 947 688 dicte
962 626 1058 701 terre,
1073 621 1180 682 utrum

80 756 181 816 nostre
206 743 373 814 collacioni
397 739 557 828 pertineat
580 756 640 802 nec
664 757 714 820 ne,
730 731 823 800 nobis
839 729 960 796 ueritas
976 747 1040 793 non
1058 727 1183 790 consta-

79 859 137 941 bat,
153 853 302 922 fidelibus
318 849 436 918 nostris
452 843 619 932 Prepesito
636 849 668 908 et
687 839 864 907 Conuentui
882 833 921 900 de
936 833 1003 917 Sag
1018 827 1185 896 medianti-

79 965 130 1030 bus
146 961 266 1030 nostris
282 959 400 1026 litteris
416 951 585 1023 dedimus
576 973 610 1016 rn
635 947 808 1032 mandatis,
825 951 861 1010 ut
876 962 948 1008 cum
964 937 1128 1022 Stephano
1144 935 1184 1001 de

79 1073 116 1158 llj
119 1071 163 1136 ud
178 1069 306 1136 homine
321 1071 428 1132 nostro
444 1083 552 1130 eorum
568 1059 626 1125 mit
613 1065 732 1125 tterent
718 1055 915 1148 thominern
930 1071 988 1135 pro
1003 1043 1185 1114 testimonio

78 1179 279 1262 fidecjgnum,
295 1195 401 1242 coram
418 1193 480 1256 quo
494 1170 579 1238 idem
594 1170 688 1235 homo
704 1171 814 1231 noster
825 1161 993 1228 accederet
1010 1152 1184 1221 adfaciem

80 1289 351 1366 terrememorate‚
363 1287 394 1345 et
405 1280 514 1346 sicam
532 1275 574 1342 ad
590 1281 732 1340 nostram
750 1268 957 1337 collacionem
973 1265 1185 1350 pertinentem

75 1415 140 1463 esse
167 1392 318 1470 inueniet,
344 1411 384 1456 ex
410 1396 487 1454 tunc
512 1383 646 1450 eandem
672 1378 873 1466 presentibus
890 1374 1185 1442 omnibuscomme-

75 1502 178 1570 taneis
202 1507 234 1566 et
258 1498 374 1568 uicinis
401 1491 631 1562 reambulando
656 1495 811 1556 statueret
828 1491 860 1553 11
875 1483 1055 1566 assignaret
1071 1473 1185 1543 (inmiti

75 1610 236 1678 Demetrio
252 1604 469 1690 antedicto,
444 1626 473 1671 sr
487 1622 552 1668 non
557 1601 656 1666 'fieret
672 1595 920 1678 contradictum·
913 1585 1185 1658 contradictores

73 1723 189 1804 autern,
216 1715 244 1781 si
269 1715 323 1798 qni
347 1714 466 1795 fierent,
495 1709 537 1775 ad
562 1713 706 1774 nostram
723 1706 838 1771 citaret
853 1697 1053 1786 presenciam
1068 1692 1111 1758 ad
1126 1697 1183 1756 111-

73 1827 193 1892 minum
210 1823 435 1909 compitentem
460 1815 555 1938 (lgy).
573 1815 633 1894 Qui
650 1814 779 1898 quidem
794 1809 979 1894 Propositus
995 1811 1027 1873 11
1042 1802 1185 1869 Conuen-

72 1943 121 2001 tus
138 1931 232 2000 nobis
248 1929 478 2016 rescripserunt
493 1924 527 1992 in
544 1927 602 1992 hec
617 1923 733 1990 uerba:

179 2037 458 2108 Excellentissimo
474 2035 605 2102 domiuo
622 2053 680 2098 suo
696 2030 849 2098 Ladizlao
859 2025 921 2092 Dei
937 2022 1049 2109 gracia
1064 2013 1182 2086 illustri

71 2150 155 2235 Regi
172 2148 339 2232 Hungarie
354 2144 503 2232 Prepesit
503 2165 540 2212 us
566 2149 596 2210 et
614 2134 796 2208 Conuent'us
812 2136 947 2202 fratrum
964 2127 1093 2196 Ordinis
1110 2126 1185 2191 Pre-

69 2261 230 2325 monstrat
231 2257 355 2323 ensium
386 2253 426 2320 de
456 2254 544 2335 Saag
575 2249 740 2316 oraciones
770 2245 804 2310 in
834 2240 971 2310 Domino
1004 2235 1129 2302 debitas
1154 2236 1186 2296 et

71 2366 221 2433 denotas.
246 2362 397 2448 Receptis
421 2360 536 2426 litteris
560 2360 675 2426 Uestre
696 2351 938 2438 Magnificeucie
962 2343 1106 2412 misimus
1130 2339 1184 2404 ho-

68 2475 189 2542 minem
213 2478 357 2539 nostrum
383 2470 543 2556 ydoneum
568 2487 626 2552 pro
649 2461 831 2533 testimonio
857 2479 928 2526 cunr
954 2453 1118 2540 Stephano
1144 2447 1186 2512 de

69 2583 162 2666 Djud
178 2580 308 2647 homine
323 2585 441 2661 uestro,
458 2578 513 2662 qui
529 2574 732 2662 postmodum
747 2571 874 2638 rediens
888 2565 990 2650 (11111.
998 2558 1082 2646 quod
1100 2555 1187 2623 idem

68 2689 167 2756 homo
182 2692 289 2754 uester
305 2686 470 2770 quandam
484 2691 603 2750 terram
619 2683 709 2748 Hunt
723 2684 873 2748 11111111
888 2670 1186 2750 reambulassetper

67 2805 198 2864 ueteres
222 2800 324 2860 metas
349 2799 381 2860 et
396 2791 557 2876 antiquas,
575 2797 607 2856 et
620 2788 787 2856 statuisset
773 2781 968 2854 tDemetrio
984 2777 1100 2846 Conciti
1115 2773 1183 2840 filio

65 2907 160 2971 Hunt
176 2902 266 2970 nullo
282 2901 518 2968 contradictore
533 2899 701 2966 existente.
724 2897 843 2962 Datum
859 2891 942 2958 11111
957 2885 1100 2954 secunda
1116 2899 1186 2966 pro·

65 3013 161 3078 xima
178 3018 253 3094 post
267 3009 470 3076 Dominicam
486 3011 610 3074 Letare.

180 3119 247 3186 Nos
271 3119 382 3203 itaque
405 3118 610 3186 attendentes
631 3114 804 3180 fidelitates
821 3119 853 3178 11
868 3115 962 3194 mata
976 3099 1131 3185 obsequia
1146 3116 1185 3162 ac

63 3226 255 3296 laudabilia
269 3225 417 3310 seruicia,
435 3245 497 3308 que
512 3207 605 3292 nobis
620 3223 706 3289 idem
721 3221 836 3288 Comes
862 3211 1045 3284 Demetrius
1061 3225 1187 3293 semper

67 3343 103 3401 et
119 3336 242 3418 ubique
257 3335 403 3400 locorum·
414 3334 455 3399 ab
471 3332 565 3399 annis
580 3333 698 3399 nostris
708 3327 928 3416 puerilibusiu
940 3320 1076 3390 diuersis
1085 3315 1188 3402 Regni
1271 3366 1272 3372 ,

64 3444 177 3511 nostri
199 3441 461 3525 expedicionibus
487 3440 603 3506 tamin
619 3437 834 3524 generalibus,
849 3453 947 3518 quam
963 3433 997 3497 in
1012 3424 1185 3514 particula-

64 3552 161 3617 ribus
187 3548 325 3616 fideliter
351 3547 496 3616 exhibuit
521 3555 553 3614 et
579 3544 760 3628 indelesse3
786 3543 946 3629 prefatam
971 3547 1091 3606 terram
1113 3553 1185 3600 cum

63 3659 138 3727 suis
156 3655 352 3726 utilitatibus
367 3655 513 3752 omnibus
540 3661 571 3721 et
586 3652 795 3738 pertinencijs
812 3648 973 3717 uniuersis
989 3648 1047 3714 sub
1065 3647 1188 3714 eisdem

63 3768 166 3836 metis
192 3773 224 3834 et
248 3765 401 3853 terminis,
428 3766 459 3830 in
487 3765 601 3850 quibus
617 3768 677 3852 per'
689 3765 811 3852 priore
826 3779 1024 3851 possessores
1039 3755 1186 3822 habitata

63 3873 159 3964 (tgy)
178 3883 210 3942 et
227 3895 378 3960 possessa
393 3895 465 3943 esse
481 3876 666 3950 dinoscitur,
692 3873 857 3962 sepedicto
879 3872 995 3939 domiti
1010 3863 1185 3945 Demetrio,

62 3994 99 4051 et
127 4005 188 4070 per
215 4003 287 4051 eum
303 3985 371 4050 suis
386 3983 557 4051 heredibus
571 3983 787 4066 heredumque
803 4003 932 4051 suorum
948 3978 1188 4050 successoribus

62 4094 232 4176 dedimus,
260 4091 450 4160 donauimus
473 4098 504 4157 et
520 4091 714 4160 contulimus
730 4093 798 4159 iure
814 4098 969 4179 perpetuo
984 4099 1016 4158 11
1031 4090 1187 4156 irreuoca·

61 4204 183 4268 biliter
206 4200 399 4284 habendam,
425 4209 457 4266 et
477 4201 577 4266 eciam
594 4200 832 4286 possidendam.
849 4201 887 4266 In
904 4201 994 4265 ouius
1009 4199 1056 4265 rei
1073 4217 1188 4264 memo·

61 4313 168 4394 riam,
178 4308 424 4393 firmitatemque
441 4316 627 4396 perpetuam
643 4315 810 4394 presentes
826 4315 954 4376 nostras
970 4305 1187 4376 concessimus

62 4419 199 4486 litteras
216 4417 355 4504 duplicis
372 4418 472 4502 sigilli
488 4419 590 4486 nostri
616 4417 790 4484 munimine
805 4419 980 4484 roboratas.
995 4418 1114 4482 Datum
1130 4433 1188 4499 per

62 4545 188 4594 manus
206 4528 403 4596 venerabilis
419 4527 520 4614 patris
535 4527 657 4596 Thome
677 4527 740 4594 Dei
756 4527 872 4610 gracia
887 4524 1039 4611 Episcopi
1054 4523 1190 4588 Vacien·

59 4635 127 4720 sis,
152 4636 230 4703 aule
257 4641 365 4701 nostre
392 4633 583 4720 Cancellarij
611 4635 718 4702 dilecti
738 4643 768 4700 11
784 4634 889 4704 fidelis
905 4633 1004 4700 nostri
1022 4633 1188 4700 1111111-
