3146 5166
846 325 911 391 568

823 1023 826 1028 ,
846 947 924 1016 421.

318 1151 376 1217 IV.
393 1149 504 1216 Ldadd
519 1149 628 1233 kircity
644 1147 803 1212 reodolete
828 1146 890 1212 Pol
913 1145 1032 1210 tantos
1042 1193 1052 1224 ,
1078 1146 1161 1230 hopy
1180 1145 1283 1228 Trou,
1301 1148 1439 1233 Spoloto

315 1262 347 1326 da
373 1258 520 1326 Sebeoioo
545 1255 719 1320 odroookot
743 1277 781 1318 oo
798 1253 1019 1340 hdborpuaoa,
1051 1254 1226 1318 oozokdan
1242 1279 1264 1319 a
1280 1257 1441 1341 irrumpo

466 1365 693 1450 kormdnyzoti
707 1364 910 1450 szuhdlyokot
922 1363 1096 1449 seotortso.
1112 1339 1162 1441 dio,
1177 1364 1296 1430 nasot.

422 1559 598 1627 Ladizlaus
608 1557 669 1626 Dei
681 1558 869 1644 graoinRox
881 1554 1144 1642 Hungariefidod
1160 1578 1218 1625 suo
1228 1559 1332 1627 Paulo
1349 1563 1440 1628 Bano

315 1669 456 1737 salutem
472 1673 504 1734 et
519 1665 676 1752 graciam.
692 1665 872 1750 conquesti
887 1670 962 1733 sunt
983 1664 1076 1732 nobis
1087 1665 1306 1732 Communitas
1322 1665 1440 1734 oinium

314 1777 357 1847 de
373 1776 512 1845 Ciuitate
521 1783 635 1841 nostro
644 1774 806 1860 Tragurij,
817 1770 1047 1860 quodtuipsos
1057 1793 1120 1839 non
1137 1773 1272 1842 desistis
1287 1775 1439 1842 molesta-

314 1907 358 1972 re,
367 1883 508 1971 petendo
519 1883 560 1948 ab
572 1881 618 1950 eis
630 1882 806 1970 obsides,ut
815 1880 875 1948 tibi
888 1887 1061 1949 teneantur
1070 1881 1278 1966 desereire,et
1288 1880 1440 1949 sarriendo

314 1985 488 2061 descensus
505 2009 601 2075 super
617 1997 721 2058 terras
737 1989 920 2074 eorundem,
933 1997 965 2056 et
981 1988 1063 2057 alias
1074 2009 1168 2074 quam
1180 1989 1292 2075 plures
1304 1989 1440 2056 iniurias

314 2103 473 2186 irrogans.
491 2099 608 2166 Verum
625 2119 697 2166 oum
717 2117 776 2165 nos
795 2097 940 2186 hospites
959 2105 1087 2166 nostros
1105 2099 1242 2165 nolimus
1262 2119 1320 2184 per
1332 2118 1441 2182 quem·

313 2210 401 2296 piam
418 2206 594 2290 molestari,
609 2225 667 2273 sen
684 2205 787 2272 eoiam
804 2205 934 2288 grauari
945 2227 953 2266 :
965 2204 1024 2273 tibi
1036 2205 1228 2273 mandamus
1238 2207 1374 2272 firmiter
1383 2226 1442 2290 per

313 2321 492 2401 presentes,
502 2319 662 2398 quatenus
678 2311 994 2380 amolestaoionibus
1005 2311 1178 2381 eorundem
1189 2313 1306 2380 oinium
1318 2317 1441 2398 Tragu-

311 2421 468 2489 riensium
485 2422 615 2488 omnino
631 2420 775 2488 retineas
800 2440 916 2487 manus
931 2429 1023 2504 tuas;
1040 2441 1103 2488 non
1131 2420 1345 2507 permittendo
1372 2443 1442 2488 eos-

312 2527 387 2594 dem
404 2547 464 2594 nee
480 2546 537 2611 per
553 2525 671 2594 fratres
687 2533 769 2610 tuos,
796 2546 855 2594 seu
872 2526 957 2594 aiios
983 2525 1154 2615 quoslibet,
1185 2533 1242 2594 aut
1266 2547 1325 2613 per
1349 2527 1442 2596 oiues

312 2633 440 2719 Spaiati
457 2641 490 2701 et
506 2633 548 2701 do
563 2633 721 2716 Sibenigh
738 2635 900 2718 egrauari.
916 2633 1000 2700 Etsi
1017 2633 1150 2701 obsides
1160 2633 1248 2722 ipsos
1257 2634 1441 2720 recepisses

312 2741 432 2809 reddas
448 2747 480 2809 et
496 2741 669 2824 restituas3
687 2747 719 2808 et
735 2741 762 2808 si
778 2741 906 2824 aliquos
922 2739 1022 2825 ijdom
1041 2741 1171 2826 habent,
1188 2763 1227 2808 ao
1251 2742 1441 2828 Commune,

311 2853 426 2916 eontra
441 2848 531 2933 ipsos
548 2850 755 2934 experiantur
770 2867 879 2914 eoram
907 2848 1000 2916 nobis
1025 2849 1094 2915 iure
1110 2849 1239 2917 iusticia
1263 2849 1441 2918 mediante.

310 2955 413 3024 Aliud
430 2975 493 3024 uon
517 2943 633 3042 tacius,
666 2955 761 3023 sicuti
777 2955 924 3040 grauiam
940 2963 1084 3024 nostram
1110 2976 1221 3024 oararn
1246 2957 1360 3024 habes.
1386 2958 1443 3026 Ju-

310 3064 400 3131 dioes
417 3063 596 3131 existentes
612 3063 646 3129 in
663 3060 858 3130 Ciuitatibus
875 3063 918 3132 de
941 3063 1102 3148 Tragurio
1112 3116 1122 3150 ,
1140 3063 1181 3130 de
1197 3063 1354 3148 Sibenigh
1364 3118 1374 3151 ,
1401 3072 1440 3132 et

311 3171 352 3240 de
367 3171 515 3258 Spalato,
531 3169 594 3238 nisi
611 3167 652 3238 de
668 3177 778 3238 nostro
793 3173 917 3256 Regno,
932 3171 1096 3240 ullatenus
1118 3171 1281 3258 paciaris;
1298 3173 1440 3257 populos

310 3279 423 3362 eoiam,
434 3277 489 3363 qui
506 3275 547 3345 de
564 3277 698 3364 Spalato
713 3299 772 3366 pro
788 3277 947 3346 fidelitate
965 3279 1058 3346 nobis
1076 3279 1190 3346 debita
1205 3287 1281 3348 sunt
1296 3278 1441 3365 expulsi,

310 3385 352 3451 ad
368 3385 515 3452 eamdem
531 3382 704 3452 Ciuitatem
730 3385 923 3453 austeritate
949 3393 1060 3452 nostra
1084 3386 1282 3471 introducas,
1307 3387 1443 3452 restitu-

309 3491 395 3561 endo
411 3491 520 3559 omnia
535 3493 622 3559 bona
637 3497 670 3559 et
697 3493 919 3578 possessiones
944 3491 1127 3560 eorundem.
1155 3493 1276 3560 Datum
1292 3491 1384 3561 Bnde
1399 3493 1441 3558 in

310 3599 362 3666 die
377 3601 479 3668 teroio
496 3601 608 3669 Sanoti
623 3601 794 3700 Laureneij
813 3601 967 3670 martiris.

559 3812 671 3881 (Lucius
684 3817 814 3870 Memorio
826 3817 944 3870 storieha
956 3819 984 3870 di
1009 3819 1083 3870 Trau
1096 3820 1138 3870 92.
1152 3817 1182 3884 l.)

766 4099 980 4114 ψ
