<?xml version="1.0" encoding="UTF-8"?>
<!DOCTYPE html PUBLIC "-//W3C//DTD XHTML 1.0 Transitional//EN"
    "http://www.w3.org/TR/xhtml1/DTD/xhtml1-transitional.dtd">
<html xmlns="http://www.w3.org/1999/xhtml" xml:lang="en" lang="en">
 <head>
  <title>
</title>
<meta http-equiv="Content-Type" content="text/html;charset=utf-8" />
  <meta name='ocr-system' content='tesseract 3.04.00' />
  <meta name='ocr-capabilities' content='ocr_page ocr_carea ocr_par ocr_line ocrx_word'/>
</head>
<body>
  <div class='ocr_page' id='page_1' title='image "./codexdiplomatic12wenzgoog_0146.png"; bbox 0 0 3118 5158; ppageno 0'>
   <div class='ocr_carea' id='block_1_1' title="bbox 807 245 965 348">
    <p class='ocr_par' dir='ltr' id='par_1_1' title="bbox 807 245 965 348">
     <span class='ocr_line' id='line_1_1' title="bbox 807 245 965 348; baseline 0 -36"><span class='ocrx_word' id='word_1_1' title='bbox 807 245 965 348; x_wconf 42' lang='lat' dir='ltr'><strong>gu,</strong></span> 
     </span>
    </p>
   </div>
   <div class='ocr_carea' id='block_1_2' title="bbox 322 443 1527 2908">
    <p class='ocr_par' dir='ltr' id='par_1_2' title="bbox 322 443 1527 2908">
     <span class='ocr_line' id='line_1_2' title="bbox 323 443 1442 536; baseline 0 -22"><span class='ocrx_word' id='word_1_2' title='bbox 323 447 440 516; x_wconf 86' lang='lat' dir='ltr'><strong>dsrunt</strong></span> <span class='ocrx_word' id='word_1_3' title='bbox 465 448 623 532; x_wconf 82' lang='lat' dir='ltr'><strong>Magistro</strong></span> <span class='ocrx_word' id='word_1_4' title='bbox 649 443 804 513; x_wconf 83' lang='lat' dir='ltr'><strong>Ladizlao</strong></span> <span class='ocrx_word' id='word_1_5' title='bbox 833 463 892 529; x_wconf 92' lang='lat' dir='ltr'><strong>pro</strong></span> <span class='ocrx_word' id='word_1_6' title='bbox 916 444 1058 530; x_wconf 86' lang='lat' dir='ltr'><strong>quinque</strong></span> <span class='ocrx_word' id='word_1_7' title='bbox 1083 450 1201 516; x_wconf 84' lang='lat' dir='ltr'><strong>mareis</strong></span> <span class='ocrx_word' id='word_1_8' title='bbox 1226 449 1284 516; x_wconf 87' lang='lat' dir='ltr'><strong>fini</strong></span> <span class='ocrx_word' id='word_1_9' title='bbox 1309 449 1442 536; x_wconf 86' lang='lat' dir='ltr'><strong>argenti,</strong></span> 
     </span>
     <span class='ocr_line' id='line_1_3' title="bbox 324 554 1527 645; baseline -0.002 -19"><span class='ocrx_word' id='word_1_10' title='bbox 324 557 553 645; x_wconf 75' lang='lat' dir='ltr'><strong>possidendam</strong></span> <span class='ocrx_word' id='word_1_11' title='bbox 570 561 739 642; x_wconf 85' lang='lat' dir='ltr'><strong>perpetuo,</strong></span> <span class='ocrx_word' id='word_1_12' title='bbox 764 554 938 623; x_wconf 81' lang='lat' dir='ltr'><strong>tenendam</strong></span> <span class='ocrx_word' id='word_1_13' title='bbox 956 561 989 622; x_wconf 89' lang='lat' dir='ltr'><strong>et</strong></span> <span class='ocrx_word' id='word_1_14' title='bbox 1004 555 1209 642; x_wconf 70' lang='lat' dir='ltr'><strong>habendam</strong></span> <span class='ocrx_word' id='word_1_15' title='bbox 1233 557 1442 643; x_wconf 85' lang='lat' dir='ltr'><strong>lroeadioeto,</strong></span> <span class='ocrx_word' id='word_1_16' title='bbox 1526 585 1527 606; x_wconf 35' lang='lat' dir='ltr'><strong>r</strong></span> 
     </span>
     <span class='ocr_line' id='line_1_4' title="bbox 324 665 1441 750; baseline 0.001 -18"><span class='ocrx_word' id='word_1_17' title='bbox 324 666 410 750; x_wconf 87' lang='lat' dir='ltr'><strong>quod</strong></span> <span class='ocrx_word' id='word_1_18' title='bbox 427 666 455 733; x_wconf 93' lang='lat' dir='ltr'><strong>si</strong></span> <span class='ocrx_word' id='word_1_19' title='bbox 471 666 538 732; x_wconf 94' lang='lat' dir='ltr'><strong>ullo</strong></span> <span class='ocrx_word' id='word_1_20' title='bbox 563 683 714 750; x_wconf 88' lang='lat' dir='ltr'><strong>umquam</strong></span> <span class='ocrx_word' id='word_1_21' title='bbox 740 669 883 750; x_wconf 89' lang='lat' dir='ltr'><strong>tompore</strong></span> <span class='ocrx_word' id='word_1_22' title='bbox 903 683 962 749; x_wconf 93' lang='lat' dir='ltr'><strong>pro</strong></span> <span class='ocrx_word' id='word_1_23' title='bbox 976 665 1052 749; x_wconf 87' lang='lat' dir='ltr'><strong>ipsa</strong></span> <span class='ocrx_word' id='word_1_24' title='bbox 1067 670 1154 731; x_wconf 90' lang='lat' dir='ltr'><strong>terra</strong></span> <span class='ocrx_word' id='word_1_25' title='bbox 1176 672 1289 733; x_wconf 76' lang='lat' dir='ltr'><strong>oonua</strong></span> <span class='ocrx_word' id='word_1_26' title='bbox 1312 666 1441 734; x_wconf 87' lang='lat' dir='ltr'><strong>eundem</strong></span> 
     </span>
     <span class='ocr_line' id='line_1_5' title="bbox 324 772 1527 859; baseline -0.002 -18"><span class='ocrx_word' id='word_1_27' title='bbox 324 775 514 858; x_wconf 80' lang='lat' dir='ltr'>Magistrum</span> <span class='ocrx_word' id='word_1_28' title='bbox 531 773 731 858; x_wconf 83' lang='lat' dir='ltr'><strong>Ladiulaum,</strong></span> <span class='ocrx_word' id='word_1_29' title='bbox 756 793 814 842; x_wconf 91' lang='lat' dir='ltr'><strong>seu</strong></span> <span class='ocrx_word' id='word_1_30' title='bbox 839 772 924 858; x_wconf 89' lang='lat' dir='ltr'><strong>illos,</strong></span> <span class='ocrx_word' id='word_1_31' title='bbox 947 772 1064 858; x_wconf 88' lang='lat' dir='ltr'><strong>quibus</strong></span> <span class='ocrx_word' id='word_1_32' title='bbox 1089 773 1160 859; x_wconf 87' lang='lat' dir='ltr'><strong>ipse</strong></span> <span class='ocrx_word' id='word_1_33' title='bbox 1175 782 1293 842; x_wconf 80' lang='lat' dir='ltr'><strong>terram</strong></span> <span class='ocrx_word' id='word_1_34' title='bbox 1311 773 1442 843; x_wconf 87' lang='lat' dir='ltr'><strong>eandem</strong></span> <span class='ocrx_word' id='word_1_35' title='bbox 1526 837 1527 854; x_wconf 31' lang='lat'>2</span> 
     </span>
     <span class='ocr_line' id='line_1_6' title="bbox 323 871 1527 970; baseline -0.001 -21"><span class='ocrx_word' id='word_1_36' title='bbox 323 883 532 970; x_wconf 85' lang='lat' dir='ltr'><strong>relinquerat,</strong></span> <span class='ocrx_word' id='word_1_37' title='bbox 557 883 611 950; x_wconf 90' lang='lat' dir='ltr'><strong>uel</strong></span> <span class='ocrx_word' id='word_1_38' title='bbox 626 880 781 967; x_wconf 85' lang='lat' dir='ltr'><strong>donaret,</strong></span> <span class='ocrx_word' id='word_1_39' title='bbox 804 881 943 949; x_wconf 80' lang='lat' dir='ltr'>suboriri</span> <span class='ocrx_word' id='word_1_40' title='bbox 968 880 1170 966; x_wconf 87' lang='lat' dir='ltr'><strong>oontingeret</strong></span> <span class='ocrx_word' id='word_1_41' title='bbox 1188 885 1333 967; x_wconf 83' lang='lat' dir='ltr'><strong>aliquam</strong></span> <span class='ocrx_word' id='word_1_42' title='bbox 1351 889 1441 949; x_wconf 87' lang='lat' dir='ltr'><strong>mate·</strong></span> <span class='ocrx_word' id='word_1_43' title='bbox 1526 871 1527 906; x_wconf 39' lang='lat' dir='ltr'><strong>l</strong></span> 
     </span>
     <span class='ocr_line' id='line_1_7' title="bbox 324 981 1527 1078; baseline 0 -22"><span class='ocrx_word' id='word_1_44' title='bbox 324 990 405 1056; x_wconf 87' lang='lat' dir='ltr'><strong>riam</strong></span> <span class='ocrx_word' id='word_1_45' title='bbox 432 989 630 1078; x_wconf 76' lang='lat' dir='ltr'><strong>questionis,</strong></span> <span class='ocrx_word' id='word_1_46' title='bbox 653 988 723 1056; x_wconf 89' lang='lat' dir='ltr'><strong>siue</strong></span> <span class='ocrx_word' id='word_1_47' title='bbox 748 1009 806 1075; x_wconf 83' lang='lat' dir='ltr'><strong>per</strong></span> <span class='ocrx_word' id='word_1_48' title='bbox 825 988 954 1073; x_wconf 87' lang='lat' dir='ltr'><strong>aliquos</strong></span> <span class='ocrx_word' id='word_1_49' title='bbox 971 988 1012 1057; x_wconf 86' lang='lat' dir='ltr'><strong>de</strong></span> <span class='ocrx_word' id='word_1_50' title='bbox 1027 991 1275 1076; x_wconf 81' lang='lat' dir='ltr'><strong>consenquineis</strong></span> <span class='ocrx_word' id='word_1_51' title='bbox 1291 991 1442 1077; x_wconf 80' lang='lat' dir='ltr'><strong>prediolo-</strong></span> <span class='ocrx_word' id='word_1_52' title='bbox 1526 981 1527 984; x_wconf 47' lang='lat'>&#39;</span> 
     </span>
     <span class='ocr_line' id='line_1_8' title="bbox 325 1096 1442 1186; baseline 0.001 -22"><span class='ocrx_word' id='word_1_53' title='bbox 325 1120 406 1186; x_wconf 91' lang='lat' dir='ltr'><strong>rum,</strong></span> <span class='ocrx_word' id='word_1_54' title='bbox 431 1098 501 1166; x_wconf 89' lang='lat' dir='ltr'><strong>siue</strong></span> <span class='ocrx_word' id='word_1_55' title='bbox 517 1117 578 1184; x_wconf 89' lang='lat' dir='ltr'><strong>por</strong></span> <span class='ocrx_word' id='word_1_56' title='bbox 593 1096 676 1164; x_wconf 91' lang='lat' dir='ltr'><strong>alios</strong></span> <span class='ocrx_word' id='word_1_57' title='bbox 692 1102 883 1182; x_wconf 78' lang='lat' dir='ltr'><strong>extraneos3</strong></span> <span class='ocrx_word' id='word_1_58' title='bbox 906 1096 1087 1182; x_wconf 80' lang='lat' dir='ltr'><strong>supradicti</strong></span> <span class='ocrx_word' id='word_1_59' title='bbox 1104 1104 1290 1166; x_wconf 87' lang='lat' dir='ltr'><strong>tenerentur</strong></span> <span class='ocrx_word' id='word_1_60' title='bbox 1315 1100 1442 1167; x_wconf 87' lang='lat' dir='ltr'><strong>eunden</strong></span> 
     </span>
     <span class='ocr_line' id='line_1_9' title="bbox 325 1203 1443 1292; baseline 0.005 -20"><span class='ocrx_word' id='word_1_61' title='bbox 325 1207 514 1292; x_wconf 77' lang='lat' dir='ltr'><strong>Magistrum</strong></span> <span class='ocrx_word' id='word_1_62' title='bbox 523 1203 786 1288; x_wconf 85' lang='lat' dir='ltr'><strong>Ladinlaum‚uol</strong></span> <span class='ocrx_word' id='word_1_63' title='bbox 801 1205 885 1292; x_wconf 90' lang='lat' dir='ltr'><strong>illos,</strong></span> <span class='ocrx_word' id='word_1_64' title='bbox 897 1206 1015 1288; x_wconf 90' lang='lat' dir='ltr'><strong>quibus</strong></span> <span class='ocrx_word' id='word_1_65' title='bbox 1031 1205 1137 1292; x_wconf 90' lang='lat' dir='ltr'><strong>ipsam</strong></span> <span class='ocrx_word' id='word_1_66' title='bbox 1153 1215 1273 1274; x_wconf 85' lang='lat' dir='ltr'><strong>terram</strong></span> <span class='ocrx_word' id='word_1_67' title='bbox 1290 1209 1443 1292; x_wconf 89' lang='lat' dir='ltr'><strong>relinque·</strong></span> 
     </span>
     <span class='ocr_line' id='line_1_10' title="bbox 325 1311 1527 1404; baseline 0 -24"><span class='ocrx_word' id='word_1_68' title='bbox 325 1322 376 1382; x_wconf 89' lang='lat' dir='ltr'><strong>ret</strong></span> <span class='ocrx_word' id='word_1_69' title='bbox 385 1365 396 1401; x_wconf 93' lang='lat'><strong>,</strong></span> <span class='ocrx_word' id='word_1_70' title='bbox 420 1316 487 1384; x_wconf 91' lang='lat' dir='ltr'><strong>suis</strong></span> <span class='ocrx_word' id='word_1_71' title='bbox 503 1311 669 1392; x_wconf 79' lang='lat' dir='ltr'><strong>laboribus</strong></span> <span class='ocrx_word' id='word_1_72' title='bbox 695 1319 728 1378; x_wconf 87' lang='lat' dir='ltr'><strong>et</strong></span> <span class='ocrx_word' id='word_1_73' title='bbox 743 1312 925 1398; x_wconf 79' lang='lat' dir='ltr'><strong>sumptibus</strong></span> <span class='ocrx_word' id='word_1_74' title='bbox 942 1313 984 1380; x_wconf 86' lang='lat' dir='ltr'><strong>ab</strong></span> <span class='ocrx_word' id='word_1_75' title='bbox 1001 1314 1089 1382; x_wconf 92' lang='lat' dir='ltr'><strong>omni</strong></span> <span class='ocrx_word' id='word_1_76' title='bbox 1105 1314 1162 1382; x_wconf 88' lang='lat' dir='ltr'><strong>lite</strong></span> <span class='ocrx_word' id='word_1_77' title='bbox 1178 1316 1344 1404; x_wconf 85' lang='lat' dir='ltr'><strong>expedire,</strong></span> <span class='ocrx_word' id='word_1_78' title='bbox 1362 1315 1443 1384; x_wconf 87' lang='lat' dir='ltr'><strong>etad</strong></span> <span class='ocrx_word' id='word_1_79' title='bbox 1526 1325 1527 1328; x_wconf 75' lang='grc'>’</span> 
     </span>
     <span class='ocr_line' id='line_1_11' title="bbox 325 1421 1443 1508; baseline 0.002 -22"><span class='ocrx_word' id='word_1_80' title='bbox 325 1423 387 1490; x_wconf 89' lang='lat' dir='ltr'><strong>boo</strong></span> <span class='ocrx_word' id='word_1_81' title='bbox 411 1422 597 1508; x_wconf 80' lang='lat' dir='ltr'><strong>spetialiter</strong></span> <span class='ocrx_word' id='word_1_82' title='bbox 621 1441 658 1490; x_wconf 90' lang='lat' dir='ltr'><strong>se</strong></span> <span class='ocrx_word' id='word_1_83' title='bbox 683 1439 798 1488; x_wconf 89' lang='lat' dir='ltr'><strong>ouram·</strong></span> <span class='ocrx_word' id='word_1_84' title='bbox 815 1421 911 1488; x_wconf 92' lang='lat' dir='ltr'><strong>nobis</strong></span> <span class='ocrx_word' id='word_1_85' title='bbox 936 1421 1174 1508; x_wconf 83' lang='lat' dir='ltr'><strong>obligauerunt.</strong></span> <span class='ocrx_word' id='word_1_86' title='bbox 1203 1424 1321 1490; x_wconf 79' lang='lat' dir='ltr'><strong>Totum</strong></span> <span class='ocrx_word' id='word_1_87' title='bbox 1351 1424 1443 1491; x_wconf 85' lang='lat' dir='ltr'><strong>eoiam</strong></span> 
     </span>
     <span class='ocr_line' id='line_1_12' title="bbox 325 1528 1444 1618; baseline 0 -21"><span class='ocrx_word' id='word_1_88' title='bbox 325 1531 470 1615; x_wconf 89' lang='lat' dir='ltr'><strong>preoium</strong></span> <span class='ocrx_word' id='word_1_89' title='bbox 486 1529 631 1616; x_wconf 85' lang='lat' dir='ltr'><strong>prediote</strong></span> <span class='ocrx_word' id='word_1_90' title='bbox 646 1535 731 1597; x_wconf 88' lang='lat' dir='ltr'><strong>terre</strong></span> <span class='ocrx_word' id='word_1_91' title='bbox 750 1528 932 1616; x_wconf 86' lang='lat' dir='ltr'><strong>Homodey,</strong></span> <span class='ocrx_word' id='word_1_92' title='bbox 949 1529 1047 1615; x_wconf 86' lang='lat' dir='ltr'><strong>Petri,</strong></span> <span class='ocrx_word' id='word_1_93' title='bbox 1065 1530 1229 1618; x_wconf 84' lang='lat' dir='ltr'><strong>Nyeolaij,</strong></span> <span class='ocrx_word' id='word_1_94' title='bbox 1244 1531 1373 1616; x_wconf 84' lang='lat' dir='ltr'><strong>Lazari,</strong></span> <span class='ocrx_word' id='word_1_95' title='bbox 1390 1531 1444 1597; x_wconf 90' lang='lat' dir='ltr'><strong>Lu·</strong></span> 
     </span>
     <span class='ocr_line' id='line_1_13' title="bbox 326 1635 1442 1724; baseline 0.002 -21"><span class='ocrx_word' id='word_1_96' title='bbox 326 1636 430 1704; x_wconf 85' lang='lat' dir='ltr'><strong>ebauk</strong></span> <span class='ocrx_word' id='word_1_97' title='bbox 446 1642 479 1703; x_wconf 86' lang='lat' dir='ltr'><strong>at</strong></span> <span class='ocrx_word' id='word_1_98' title='bbox 487 1635 679 1724; x_wconf 83' lang='lat' dir='ltr'><strong>Alexandri,</strong></span> <span class='ocrx_word' id='word_1_99' title='bbox 692 1635 753 1705; x_wconf 82' lang='lat' dir='ltr'><strong>suit</strong></span> <span class='ocrx_word' id='word_1_100' title='bbox 767 1635 815 1704; x_wconf 90' lang='lat' dir='ltr'><strong>sis</strong></span> <span class='ocrx_word' id='word_1_101' title='bbox 831 1655 941 1703; x_wconf 87' lang='lat' dir='ltr'><strong>eoram</strong></span> <span class='ocrx_word' id='word_1_102' title='bbox 958 1636 1050 1705; x_wconf 88' lang='lat' dir='ltr'><strong>nobis</strong></span> <span class='ocrx_word' id='word_1_103' title='bbox 1066 1639 1247 1722; x_wconf 90' lang='lat' dir='ltr'><strong>peripsum</strong></span> <span class='ocrx_word' id='word_1_104' title='bbox 1257 1639 1442 1722; x_wconf 79' lang='lat' dir='ltr'><strong>Magistrum</strong></span> 
     </span>
     <span class='ocr_line' id='line_1_14' title="bbox 326 1742 1527 1830; baseline 0.002 -20"><span class='ocrx_word' id='word_1_105' title='bbox 326 1742 515 1812; x_wconf 80' lang='lat' dir='ltr'><strong>budizlaum</strong></span> <span class='ocrx_word' id='word_1_106' title='bbox 541 1745 688 1829; x_wconf 84' lang='lat' dir='ltr'><strong>plenarie</strong></span> <span class='ocrx_word' id='word_1_107' title='bbox 704 1744 913 1830; x_wconf 87' lang='lat' dir='ltr'><strong>persolutum.</strong></span> <span class='ocrx_word' id='word_1_108' title='bbox 936 1743 989 1809; x_wconf 83' lang='lat' dir='ltr'><strong>Ad</strong></span> <span class='ocrx_word' id='word_1_109' title='bbox 1004 1744 1065 1811; x_wconf 87' lang='lat' dir='ltr'><strong>hoo</strong></span> <span class='ocrx_word' id='word_1_110' title='bbox 1081 1745 1241 1830; x_wconf 79' lang='lat' dir='ltr'><strong>sepedicti</strong></span> <span class='ocrx_word' id='word_1_111' title='bbox 1256 1743 1443 1830; x_wconf 88' lang='lat' dir='ltr'><strong>Homodens,</strong></span> <span class='ocrx_word' id='word_1_112' title='bbox 1526 1799 1527 1802; x_wconf 63' lang='lat'><strong>,</strong></span> 
     </span>
     <span class='ocr_line' id='line_1_15' title="bbox 326 1841 1527 1939; baseline 0.001 -19"><span class='ocrx_word' id='word_1_113' title='bbox 326 1855 449 1939; x_wconf 84' lang='lat' dir='ltr'><strong>Petrus,</strong></span> <span class='ocrx_word' id='word_1_114' title='bbox 464 1852 639 1939; x_wconf 84' lang='lat' dir='ltr'><strong>Nyoolaus,</strong></span> <span class='ocrx_word' id='word_1_115' title='bbox 665 1853 819 1937; x_wconf 77' lang='lat' dir='ltr'><strong>Lazarus,</strong></span> <span class='ocrx_word' id='word_1_116' title='bbox 843 1851 1000 1921; x_wconf 83' lang='lat' dir='ltr'><strong>Luohaok</strong></span> <span class='ocrx_word' id='word_1_117' title='bbox 1026 1859 1058 1919; x_wconf 91' lang='lat' dir='ltr'><strong>et</strong></span> <span class='ocrx_word' id='word_1_118' title='bbox 1074 1852 1260 1921; x_wconf 78' lang='lat' dir='ltr'><strong>Alexander</strong></span> <span class='ocrx_word' id='word_1_119' title='bbox 1284 1853 1442 1938; x_wconf 85' lang='lat' dir='ltr'><strong>obligaue-</strong></span> <span class='ocrx_word' id='word_1_120' title='bbox 1526 1841 1527 1846; x_wconf 6' lang='grc' dir='ltr'>ἵ</span> 
     </span>
     <span class='ocr_line' id='line_1_16' title="bbox 325 1957 1441 2046; baseline -0.001 -20"><span class='ocrx_word' id='word_1_121' title='bbox 325 1969 401 2027; x_wconf 91' lang='lat' dir='ltr'><strong>runt</strong></span> <span class='ocrx_word' id='word_1_122' title='bbox 424 1981 461 2028; x_wconf 90' lang='lat' dir='ltr'><strong>se</strong></span> <span class='ocrx_word' id='word_1_123' title='bbox 484 1957 675 2026; x_wconf 90' lang='lat' dir='ltr'><strong>nominatim</strong></span> <span class='ocrx_word' id='word_1_124' title='bbox 700 1978 758 2044; x_wconf 91' lang='lat' dir='ltr'><strong>pro</strong></span> <span class='ocrx_word' id='word_1_125' title='bbox 783 1960 909 2026; x_wconf 87' lang='lat' dir='ltr'><strong>Putuna</strong></span> <span class='ocrx_word' id='word_1_126' title='bbox 935 1967 969 2029; x_wconf 91' lang='lat' dir='ltr'><strong>et</strong></span> <span class='ocrx_word' id='word_1_127' title='bbox 992 1959 1160 2046; x_wconf 83' lang='lat' dir='ltr'><strong>Stephano</strong></span> <span class='ocrx_word' id='word_1_128' title='bbox 1186 1959 1261 2044; x_wconf 85' lang='lat' dir='ltr'><strong>filijs</strong></span> <span class='ocrx_word' id='word_1_129' title='bbox 1287 1960 1377 2028; x_wconf 82' lang='lat' dir='ltr'><strong>Luce</strong></span> <span class='ocrx_word' id='word_1_130' title='bbox 1393 1961 1441 2027; x_wconf 85' lang='lat' dir='ltr'><strong>Go-</strong></span> 
     </span>
     <span class='ocr_line' id='line_1_17' title="bbox 322 2066 1445 2154; baseline -0.003 -19"><span class='ocrx_word' id='word_1_131' title='bbox 322 2068 423 2154; x_wconf 88' lang='lat' dir='ltr'><strong>mitis,</strong></span> <span class='ocrx_word' id='word_1_132' title='bbox 440 2066 526 2152; x_wconf 91' lang='lat' dir='ltr'><strong>quod</strong></span> <span class='ocrx_word' id='word_1_133' title='bbox 542 2067 605 2152; x_wconf 89' lang='lat' dir='ltr'><strong>ipsi</strong></span> <span class='ocrx_word' id='word_1_134' title='bbox 622 2067 750 2133; x_wconf 85' lang='lat' dir='ltr'><strong>Potuna</strong></span> <span class='ocrx_word' id='word_1_135' title='bbox 765 2073 797 2132; x_wconf 88' lang='lat' dir='ltr'><strong>et</strong></span> <span class='ocrx_word' id='word_1_136' title='bbox 806 2066 992 2150; x_wconf 86' lang='lat' dir='ltr'><strong>Stephanus</strong></span> <span class='ocrx_word' id='word_1_137' title='bbox 1008 2067 1234 2134; x_wconf 77' lang='lat' dir='ltr'><strong>uenditionem</strong></span> <span class='ocrx_word' id='word_1_138' title='bbox 1250 2067 1316 2134; x_wconf 89' lang='lat' dir='ltr'><strong>iam</strong></span> <span class='ocrx_word' id='word_1_139' title='bbox 1333 2067 1445 2136; x_wconf 74' lang='lat' dir='ltr'><strong>tason</strong></span> 
     </span>
     <span class='ocr_line' id='line_1_18' title="bbox 327 2171 1446 2261; baseline -0.004 -18"><span class='ocrx_word' id='word_1_140' title='bbox 327 2183 432 2243; x_wconf 90' lang='lat' dir='ltr'><strong>ratam</strong></span> <span class='ocrx_word' id='word_1_141' title='bbox 450 2180 481 2239; x_wconf 90' lang='lat' dir='ltr'><strong>et</strong></span> <span class='ocrx_word' id='word_1_142' title='bbox 495 2172 621 2240; x_wconf 87' lang='lat' dir='ltr'><strong>firmam</strong></span> <span class='ocrx_word' id='word_1_143' title='bbox 638 2171 813 2258; x_wconf 79' lang='lat' dir='ltr'><strong>haberent3</strong></span> <span class='ocrx_word' id='word_1_144' title='bbox 837 2177 871 2239; x_wconf 91' lang='lat' dir='ltr'><strong>et</strong></span> <span class='ocrx_word' id='word_1_145' title='bbox 886 2173 913 2240; x_wconf 92' lang='lat' dir='ltr'><strong>si</strong></span> <span class='ocrx_word' id='word_1_146' title='bbox 928 2172 996 2240; x_wconf 90' lang='lat' dir='ltr'><strong>ullo</strong></span> <span class='ocrx_word' id='word_1_147' title='bbox 1013 2193 1165 2258; x_wconf 87' lang='lat' dir='ltr'><strong>umquam</strong></span> <span class='ocrx_word' id='word_1_148' title='bbox 1182 2181 1328 2261; x_wconf 88' lang='lat' dir='ltr'><strong>tempore</strong></span> <span class='ocrx_word' id='word_1_149' title='bbox 1341 2182 1446 2242; x_wconf 87' lang='lat' dir='ltr'><strong>eontra</strong></span> 
     </span>
     <span class='ocr_line' id='line_1_19' title="bbox 327 2280 1444 2370; baseline -0.005 -18"><span class='ocrx_word' id='word_1_150' title='bbox 327 2283 519 2369; x_wconf 82' lang='lat' dir='ltr'><strong>Magistrum</strong></span> <span class='ocrx_word' id='word_1_151' title='bbox 536 2280 736 2367; x_wconf 84' lang='lat' dir='ltr'><strong>Ladinlaum,</strong></span> <span class='ocrx_word' id='word_1_152' title='bbox 760 2281 815 2348; x_wconf 89' lang='lat' dir='ltr'><strong>uel</strong></span> <span class='ocrx_word' id='word_1_153' title='bbox 841 2280 928 2370; x_wconf 90' lang='lat' dir='ltr'><strong>illos,</strong></span> <span class='ocrx_word' id='word_1_154' title='bbox 951 2281 1070 2366; x_wconf 90' lang='lat' dir='ltr'><strong>quibus</strong></span> <span class='ocrx_word' id='word_1_155' title='bbox 1096 2282 1201 2367; x_wconf 88' lang='lat' dir='ltr'><strong>ipsam</strong></span> <span class='ocrx_word' id='word_1_156' title='bbox 1221 2288 1343 2349; x_wconf 86' lang='lat' dir='ltr'><strong>terram</strong></span> <span class='ocrx_word' id='word_1_157' title='bbox 1359 2282 1444 2350; x_wconf 91' lang='lat' dir='ltr'><strong>relin-</strong></span> 
     </span>
     <span class='ocr_line' id='line_1_20' title="bbox 328 2387 1512 2477; baseline -0.005 -18"><span class='ocrx_word' id='word_1_158' title='bbox 328 2399 450 2477; x_wconf 85' lang='lat' dir='ltr'><strong>queret,</strong></span> <span class='ocrx_word' id='word_1_159' title='bbox 475 2388 529 2456; x_wconf 90' lang='lat' dir='ltr'><strong>uel</strong></span> <span class='ocrx_word' id='word_1_160' title='bbox 548 2389 703 2475; x_wconf 86' lang='lat' dir='ltr'><strong>donaret,</strong></span> <span class='ocrx_word' id='word_1_161' title='bbox 731 2387 831 2473; x_wconf 88' lang='lat' dir='ltr'><strong>ijdem</strong></span> <span class='ocrx_word' id='word_1_162' title='bbox 846 2388 974 2455; x_wconf 88' lang='lat' dir='ltr'><strong>Potuna</strong></span> <span class='ocrx_word' id='word_1_163' title='bbox 998 2395 1030 2457; x_wconf 87' lang='lat' dir='ltr'><strong>et</strong></span> <span class='ocrx_word' id='word_1_164' title='bbox 1046 2389 1212 2476; x_wconf 83' lang='lat' dir='ltr'><strong>Stephana</strong></span> <span class='ocrx_word' id='word_1_165' title='bbox 1229 2390 1375 2474; x_wconf 86' lang='lat' dir='ltr'><strong>aliquam</strong></span> <span class='ocrx_word' id='word_1_166' title='bbox 1390 2409 1446 2454; x_wconf 81' lang='lat' dir='ltr'><strong>ns·</strong></span> <span class='ocrx_word' id='word_1_167' title='bbox 1508 2408 1512 2416; x_wconf 95' lang='lat'>·</span> 
     </span>
     <span class='ocr_line' id='line_1_21' title="bbox 328 2496 1447 2584; baseline -0.004 -18"><span class='ocrx_word' id='word_1_168' title='bbox 328 2500 445 2567; x_wconf 89' lang='lat' dir='ltr'><strong>teriam</strong></span> <span class='ocrx_word' id='word_1_169' title='bbox 471 2504 638 2566; x_wconf 88' lang='lat' dir='ltr'><strong>mouerent</strong></span> <span class='ocrx_word' id='word_1_170' title='bbox 663 2496 852 2583; x_wconf 87' lang='lat' dir='ltr'><strong>questionis,</strong></span> <span class='ocrx_word' id='word_1_171' title='bbox 876 2497 941 2584; x_wconf 91' lang='lat' dir='ltr'><strong>ipsi</strong></span> <span class='ocrx_word' id='word_1_172' title='bbox 966 2498 1102 2565; x_wconf 87' lang='lat' dir='ltr'><strong>eundem</strong></span> <span class='ocrx_word' id='word_1_173' title='bbox 1115 2549 1124 2582; x_wconf 95' lang='lat'><strong>,</strong></span> <span class='ocrx_word' id='word_1_174' title='bbox 1148 2497 1201 2563; x_wconf 88' lang='lat' dir='ltr'><strong>uel</strong></span> <span class='ocrx_word' id='word_1_175' title='bbox 1227 2497 1378 2581; x_wconf 89' lang='lat' dir='ltr'><strong>eosdem,</strong></span> <span class='ocrx_word' id='word_1_176' title='bbox 1400 2496 1447 2580; x_wconf 91' lang='lat' dir='ltr'><strong>qui</strong></span> 
     </span>
     <span class='ocr_line' id='line_1_22' title="bbox 329 2603 1448 2690; baseline -0.004 -16"><span class='ocrx_word' id='word_1_177' title='bbox 329 2605 393 2674; x_wconf 89' lang='lat' dir='ltr'><strong>sibl</strong></span> <span class='ocrx_word' id='word_1_178' title='bbox 409 2603 619 2673; x_wconf 85' lang='lat' dir='ltr'><strong>suooederent</strong></span> <span class='ocrx_word' id='word_1_179' title='bbox 638 2605 671 2672; x_wconf 92' lang='lat' dir='ltr'><strong>in</strong></span> <span class='ocrx_word' id='word_1_180' title='bbox 687 2603 835 2690; x_wconf 87' lang='lat' dir='ltr'><strong>prediota</strong></span> <span class='ocrx_word' id='word_1_181' title='bbox 851 2611 950 2688; x_wconf 89' lang='lat' dir='ltr'><strong>terra,</strong></span> <span class='ocrx_word' id='word_1_182' title='bbox 973 2605 1098 2689; x_wconf 87' lang='lat' dir='ltr'><strong>absque</strong></span> <span class='ocrx_word' id='word_1_183' title='bbox 1113 2605 1201 2672; x_wconf 93' lang='lat' dir='ltr'><strong>omni</strong></span> <span class='ocrx_word' id='word_1_184' title='bbox 1216 2604 1448 2688; x_wconf 88' lang='lat' dir='ltr'><strong>inquietaoione</strong></span> 
     </span>
     <span class='ocr_line' id='line_1_23' title="bbox 329 2712 1449 2798; baseline -0.005 -17"><span class='ocrx_word' id='word_1_185' title='bbox 329 2718 516 2784; x_wconf 86' lang='lat' dir='ltr'><strong>tenerentur</strong></span> <span class='ocrx_word' id='word_1_186' title='bbox 540 2712 703 2798; x_wconf 87' lang='lat' dir='ltr'><strong>expedire.</strong></span> <span class='ocrx_word' id='word_1_187' title='bbox 743 2715 786 2780; x_wconf 91' lang='lat' dir='ltr'><strong>Vt</strong></span> <span class='ocrx_word' id='word_1_188' title='bbox 812 2712 912 2798; x_wconf 90' lang='lat' dir='ltr'><strong>igitur</strong></span> <span class='ocrx_word' id='word_1_189' title='bbox 941 2712 1001 2778; x_wconf 83' lang='lat' dir='ltr'><strong>hee</strong></span> <span class='ocrx_word' id='word_1_190' title='bbox 1026 2713 1147 2798; x_wconf 88' lang='lat' dir='ltr'><strong>emptio</strong></span> <span class='ocrx_word' id='word_1_191' title='bbox 1173 2713 1272 2779; x_wconf 89' lang='lat' dir='ltr'><strong>robur</strong></span> <span class='ocrx_word' id='word_1_192' title='bbox 1296 2712 1449 2779; x_wconf 86' lang='lat' dir='ltr'><strong>firmitatis</strong></span> 
     </span>
     <span class='ocr_line' id='line_1_24' title="bbox 329 2819 1450 2908; baseline -0.006 -18"><span class='ocrx_word' id='word_1_193' title='bbox 329 2822 490 2904; x_wconf 88' lang='lat' dir='ltr'><strong>obtineat;</strong></span> <span class='ocrx_word' id='word_1_194' title='bbox 514 2827 681 2908; x_wconf 85' lang='lat' dir='ltr'><strong>presentes</strong></span> <span class='ocrx_word' id='word_1_195' title='bbox 706 2821 834 2886; x_wconf 86' lang='lat' dir='ltr'><strong>litteras</strong></span> <span class='ocrx_word' id='word_1_196' title='bbox 861 2819 1079 2887; x_wconf 85' lang='lat' dir='ltr'><strong>oonoessimus</strong></span> <span class='ocrx_word' id='word_1_197' title='bbox 1104 2819 1213 2903; x_wconf 88' lang='lat' dir='ltr'><strong>sigillo</strong></span> <span class='ocrx_word' id='word_1_198' title='bbox 1238 2826 1349 2886; x_wconf 87' lang='lat' dir='ltr'><strong>nostro</strong></span> <span class='ocrx_word' id='word_1_199' title='bbox 1375 2839 1450 2886; x_wconf 87' lang='lat' dir='ltr'><strong>oom-</strong></span> 
     </span>
    </p>
   </div>
   <div class='ocr_carea' id='block_1_3' title="bbox 330 2926 1449 3120">
    <p class='ocr_par' dir='ltr' id='par_1_3' title="bbox 330 2926 1449 3120">
     <span class='ocr_line' id='line_1_25' title="bbox 330 2926 1449 3016; baseline -0.007 -18"><span class='ocrx_word' id='word_1_200' title='bbox 330 2931 471 2998; x_wconf 86' lang='lat' dir='ltr'><strong>munitas</strong></span> <span class='ocrx_word' id='word_1_201' title='bbox 494 2930 648 3016; x_wconf 83' lang='lat' dir='ltr'><strong>Magistro</strong></span> <span class='ocrx_word' id='word_1_202' title='bbox 674 2929 841 2997; x_wconf 83' lang='lat' dir='ltr'><strong>Ladiulao.</strong></span> <span class='ocrx_word' id='word_1_203' title='bbox 874 2929 996 2996; x_wconf 88' lang='lat' dir='ltr'><strong>Datum</strong></span> <span class='ocrx_word' id='word_1_204' title='bbox 1021 2947 1106 2996; x_wconf 87' lang='lat' dir='ltr'><strong>anno</strong></span> <span class='ocrx_word' id='word_1_205' title='bbox 1124 2926 1254 2994; x_wconf 91' lang='lat' dir='ltr'><strong>Domini</strong></span> <span class='ocrx_word' id='word_1_206' title='bbox 1282 2927 1449 2995; x_wconf 90' lang='lat' dir='ltr'><strong>millesimo</strong></span> 
     </span>
     <span class='ocr_line' id='line_1_26' title="bbox 330 3037 646 3120; baseline -0.006 -16"><span class='ocrx_word' id='word_1_207' title='bbox 330 3037 500 3104; x_wconf 83' lang='lat' dir='ltr'>CC⁰LXX⁰</span> <span class='ocrx_word' id='word_1_208' title='bbox 517 3043 646 3120; x_wconf 89' lang='lat' dir='ltr'><strong>quarto.</strong></span> 
     </span>
    </p>
   </div>
   <div class='ocr_carea' id='block_1_4' title="bbox 415 3213 1374 3285">
    <p class='ocr_par' dir='ltr' id='par_1_4' title="bbox 415 3213 1374 3285">
     <span class='ocr_line' id='line_1_27' title="bbox 415 3213 1374 3285; baseline 0.001 -20"><span class='ocrx_word' id='word_1_209' title='bbox 415 3215 465 3278; x_wconf 73' lang='lat' dir='ltr'><strong>(Aa</strong></span> <span class='ocrx_word' id='word_1_210' title='bbox 477 3217 582 3268; x_wconf 82' lang='lat' dir='ltr'><strong>eredeti</strong></span> <span class='ocrx_word' id='word_1_211' title='bbox 595 3214 660 3268; x_wconf 74' lang='lat' dir='ltr'><strong>utdn</strong></span> <span class='ocrx_word' id='word_1_212' title='bbox 677 3217 773 3267; x_wconf 82' lang='lat' dir='ltr'><strong>Knaun</strong></span> <span class='ocrx_word' id='word_1_213' title='bbox 787 3213 907 3285; x_wconf 82' lang='lat' dir='ltr'><strong>erndor,</strong></span> <span class='ocrx_word' id='word_1_214' title='bbox 924 3217 1038 3282; x_wconf 76' lang='lat' dir='ltr'><strong>blapyur</strong></span> <span class='ocrx_word' id='word_1_215' title='bbox 1051 3217 1116 3267; x_wconf 84' lang='lat' dir='ltr'><strong>Sion</strong></span> <span class='ocrx_word' id='word_1_216' title='bbox 1132 3215 1183 3266; x_wconf 90' lang='lat'><em>111.</em></span> <span class='ocrx_word' id='word_1_217' title='bbox 1198 3214 1254 3267; x_wconf 78' lang='lat' dir='ltr'><strong>ket.</strong></span> <span class='ocrx_word' id='word_1_218' title='bbox 1270 3218 1329 3266; x_wconf 56' lang='lat'><strong>296.</strong></span> <span class='ocrx_word' id='word_1_219' title='bbox 1344 3217 1374 3279; x_wconf 90' lang='lat' dir='ltr'><strong>l.)</strong></span> 
     </span>
    </p>
   </div>
   <div class='ocr_carea' id='block_1_5' title="bbox 0 0 1578 5158">
    <p class='ocr_par' dir='ltr' id='par_1_5' title="bbox 0 0 1578 5158">
     <span class='ocr_line' id='line_1_28' title="bbox 0 0 1578 5158; baseline 0 0"><span class='ocrx_word' id='word_1_220' title='bbox 0 0 1578 5158; x_wconf 95' lang='lat' dir='ltr'><strong> </strong></span> 
     </span>
    </p>
   </div>
  </div>
 </body>
</html>
