3080 5160
830 335 986 433 „Q

359 527 436 596 mini
450 529 500 596 Μο
516 528 584 596 00⁰
609 529 827 613 octuagesimo
850 535 963 615 quarto
988 529 1089 616 Regni
1119 535 1224 598 autem
1257 530 1359 598 nostri
1380 549 1465 595 anne

354 633 542 705 duodecimo
557 642 649 704 sexta
664 633 824 704 kalendas
840 639 930 729 Maij.

358 849 496 918 (Eredetie
509 849 680 920 bdrhtrtytn,
706 855 832 922 melynek
844 853 981 920 fejer-adid
993 855 1215 922 selysmasindron
1227 856 1336 922 siiggdtt
1348 853 1467 922 pecsdtjs
1530 844 1531 898 i

357 945 494 1008 cinvssnett,
517 959 534 994 a
556 941 629 996 mels.
643 940 709 997 btre
723 942 816 1012 Nytry
830 943 923 998 csaltd
941 947 1074 1014 bngcnyai
1088 942 1285 998 lavdittrtban.
1300 945 1380 996 Rusti
1391 961 1428 994 m.
1441 945 1465 997 b.

813 1030 905 1102 Nytry
919 1035 1005 1102 sela.)

802 1343 1009 1353 Ἥ

872 1841 947 1912 271.

359 2059 416 2125 IV.
443 2059 556 2125 La'szld
581 2059 757 2146 kirdlyaak
789 2063 857 2128 Wos
882 2071 964 2126 anecd
980 2063 1089 2150 sildet
1108 2069 1265 2150 tcirpyazd
1279 2069 1460 2154 ademdnyu

381 2167 499 2234 Miklds
517 2167 673 2232 Pdternelc
683 2169 734 2252 fla
752 2171 784 2234 ds
804 2170 930 2254 Mitdty
945 2171 1091 2237 Imrduek
1100 2173 1163 2256 fla,
1180 2175 1303 2240 advari
1318 2177 1433 2260 tiazties'

764 2282 925 2342 raumara.
950 2281 1046 2345 1284.

455 2487 627 2558 Ladiulaus
652 2491 714 2558 Dei
752 2491 863 2575 gracia
902 2492 1076 2581 Hungarie‚
1107 2493 1287 2578 Dalmacie‚
1319 2494 1460 2578 Grnacie,

347 2601 455 2683 Reme,
488 2597 610 2685 Seruis,
644 2599 799 2686 Gallicis,
831 2599 1028 2687 Ludomerie,
1061 2602 1214 2670 Cumanis
1245 2603 1461 2688 Balgarieqne

348 2709 415 2775 Rex
431 2707 580 2775 omnibus
596 2707 714 2776 Christi
731 2708 878 2776 fidelibus
903 2717 1084 2796 presentem
1100 2711 1253 2796 paginam
1267 2710 1458 2797 inspecturis

349 2815 484 2883 salutem
499 2816 533 2882 in
549 2814 689 2882 omnium
705 2816 877 2882 saluatore.
894 2817 945 2882 Ad
961 2818 1181 2884 uniuersorum
1190 2817 1343 2885 noticiam
1353 2826 1458 2886 tennm

348 2925 549 3010 presencium
575 2923 722 2989 nolumus
747 2923 924 3007 pemcnire,
950 2925 1036 3008 quod
1061 2924 1225 3010 Nycoleus
1242 2924 1350 2992 dictus
1364 2927 1459 2993 Fatra

347 3031 431 3101 filius
448 3033 535 3100 Petri
552 3038 583 3098 et
597 3030 745 3117 Myehael
762 3031 846 3097 filins
863 3032 995 3098 Emiriei
1010 3033 1126 3100 domes
1142 3036 1330 3117 Agasannm
1342 3033 1459 3102 etBac-

347 3142 547 3209 ciniiernrum
579 3145 759 3206 nestrorum
791 3139 833 3208 ad
865 3149 1009 3207 nostram
1040 3142 1230 3209 accedentes
1261 3143 1458 3227 presenciam

347 3249 509 3335 quandam
534 3249 647 3315 villam
675 3255 819 3316 uestram
835 3249 912 3316 Wns
930 3257 1087 3335 uocatam,
1105 3251 1297 3317 existentem
1311 3251 1345 3316 in
1361 3249 1459 3316 Gemi·

347 3364 416 3424 tatu
432 3355 473 3426 de
489 3359 651 3425 Kamarnn
669 3379 689 3425 a
705 3357 795 3424 nobis
812 3357 873 3424 sibi
889 3359 962 3425 dari
978 3358 1150 3444 pecierunt.
1161 3357 1226 3424 Sed
1243 3358 1321 3442 quin
1335 3357 1377 3424 de
1392 3375 1459 3441 pre-

347 3465 523 3533 dinteville
539 3467 695 3551 qualitate
711 3466 804 3532 nobis
818 3486 883 3532 nnn
911 3467 1078 3534 constabat
1093 3467 1223 3552 ueritas,
1240 3465 1390 3532 fidelibus
1405 3487 1460 3532 ne

347 3574 421 3641 stris
437 3573 587 3659 Capitale
604 3573 767 3641 Jenrieusi
784 3573 930 3640 dedimus
945 3575 978 3640 in
995 3574 1168 3662 mandatis,
1185 3582 1221 3639 ut
1236 3593 1328 3642 suum
1347 3573 1462 3640 darent

346 3680 505 3750 hominem
529 3701 586 3768 pro
610 3681 804 3769 testimonio,
831 3703 938 3749 coram
960 3703 1023 3767 qun
1039 3682 1186 3750 Bakatur
1202 3683 1388 3749 tanarnicns
1405 3703 1462 3748 nn·

346 3797 412 3857 ster
435 3790 614 3877 predictam
642 3791 755 3856 uillam
780 3809 851 3857 enm
881 3791 947 3863 suis
972 3792 1181 3877 pertinencijs
1207 3797 1240 3858 et
1263 3789 1463 3856 utilitatibus

346 3905 501 3967 statueret
525 3897 646 3965 eisdem
662 3897 799 3964 Nicolao
824 3904 857 3964 et
881 3897 1041 3985 Mychaeli
1061 3897 1239 3965 (inmitibus
1254 3919 1294 3965 ac
1308 3897 1463 3964 fratribus

345 4003 525 4091 eorundem,
551 4005 579 4073 si
604 4027 667 4073 uon
685 4006 783 4073 fienet
798 4007 1038 4093 contradictum,
1053 4005 1349 4086 contradictoribus,
1364 4005 1393 4068 si
1407 4005 1462 4087 qni

345 4113 464 4198 fierent,
482 4116 526 4180 ad
538 4119 679 4180 nostram
695 4113 895 4199 presenciam
914 4114 1066 4182 euocatis.
1092 4113 1342 4198 Quodquidem
1368 4111 1464 4198 Capi·

345 4223 446 4289 tulum
462 4220 554 4288 nobis
570 4222 737 4308 rescripsit
753 4222 785 4287 iu
802 4221 861 4288 hee
879 4224 997 4290 verbe:
1045 4255 1051 4270 ·

450 4330 733 4397 Excellentissimn
751 4329 880 4396 domino
897 4350 955 4398 suc
972 4329 1127 4396 Ladialan
1136 4328 1198 4396 Dei
1214 4326 1326 4413 gracia
1335 4326 1463 4393 illustri

344 4435 425 4519 Regi
443 4435 606 4520 Hungarie
622 4435 804 4522 Capitulum
820 4436 999 4505 teuriensis
1015 4437 1161 4504 Ecclesie
1172 4435 1336 4502 oraciones
1353 4433 1386 4498 in
1399 4434 1463 4498 De·

346 4545 432 4608 mino
457 4541 583 4610 debitas
611 4551 642 4610 et
655 4629 656 4632 Ἴ
667 4543 808 4611 denotas.
824 4547 975 4630 Receptis
991 4544 1110 4612 litteris
1130 4543 1335 4612 Excellencie
1351 4551 1465 4609 uentre

347 4669 419 4714 cum
443 4651 589 4718 Bakatur
613 4655 781 4720 tanarnicc
806 4661 913 4720 uestro
938 4661 1080 4723 nostrum
1095 4652 1242 4721 misimus
1258 4649 1384 4718 fidelem
1404 4647 1461 4714 hn-
