3140 5150
651 359 713 432 147

599 446 765 464 -ῡιδ

109 555 237 623 litteras
255 559 287 622 et
303 553 516 623 iustrumenta
525 609 535 644 ‚
561 558 590 626 si
616 577 680 642 que
700 580 758 646 per
775 559 936 646 predictos
957 560 1113 633 Petunem
1130 571 1161 631 et
1177 565 1246 634 Ste-

110 661 277 750 phanum,
302 684 341 731 ao
367 663 452 731 alios
469 665 597 750 aliquos
629 667 724 734 modo
749 667 862 752 aliquo
889 670 1030 738 luissent
1062 673 1249 758 impetrate,

111 769 221 837 irritas
238 771 491 855 pronunciantes
507 779 538 838 et
554 772 676 839 inanes.
711 774 869 842 Volumus
886 776 1010 863 seiam,
1035 779 1122 863 quod
1140 781 1250 849 nullus

107 877 259 964 judioum
287 899 346 964 pro
371 885 515 965 tempore
545 880 790 949 constitutorum
817 890 932 951 eontra
958 883 1119 952 nemiuem
1151 906 1249 974 super

109 987 377 1071 possessionibus
394 986 473 1055 dieti
490 987 607 1076 Tela,
630 997 662 1055 et
679 989 864 1078 specialiter
880 1012 978 1080 super
994 990 1082 1060 diota
1098 995 1196 1063 uinea
1213 997 1246 1062 in

110 1094 325 1162 Tusmanmal
357 1093 529 1183 existenti,
553 1116 686 1165 oensem
715 1099 863 1183 aliquam
890 1102 1115 1190 mouentibus,
1140 1103 1246 1172 dietas

111 1199 263 1270 dominas
281 1208 314 1269 et
332 1203 510 1271 earundem
536 1202 693 1274 oflieiales
718 1216 887 1293 presumat
913 1207 1068 1278 iudicare.
1093 1211 1247 1280 Preietos

111 1329 184 1376 eum
199 1316 368 1396 presentes
384 1309 478 1378 uobis
494 1317 658 1398 reportate
676 1311 819 1402 fuerint,
844 1315 965 1384 eisdem
985 1322 1128 1386 nostrum
1144 1339 1243 1406 super

108 1417 170 1486 hoe
185 1417 397 1503 priuilegium
412 1418 637 1488 concedemus.
661 1421 783 1490 Datum
803 1423 894 1492 Bude
928 1424 1010 1492 feria
1034 1433 1151 1511 quarta
1167 1435 1243 1512 post

108 1531 246 1594 ootsuas
260 1525 493 1615 Pentecostes,
517 1547 605 1595 anno
621 1528 752 1598 Domini
768 1531 1051 1601 lt⁰ee⁰Lxx⁰tnt

107 1705 247 1770 (Eredetis
261 1704 435 1774 blirhirtyan,
461 1723 478 1758 a
496 1705 574 1760 httnl
587 1708 639 1762 orla
652 1714 774 1775 nyomott
798 1707 947 1778 peesttnsk
965 1710 1096 1766 thredblrs
1115 1729 1176 1782 meg
1189 1729 1242 1767 van

364 1799 434 1867 meg,
452 1815 470 1852 a
488 1801 572 1854 budai
594 1804 644 1852 kir.
659 1802 782 1854 hamarai
801 1800 991 1868 levelttrban.)
1058 1879 1074 1908 0

571 2071 783 2084 ————-

657 2517 712 2585 99.

103 2715 166 2783 IV.
183 2718 301 2784 Leszte
315 2715 493 2802 kirdlynok
516 2717 656 2804 lholnoy
676 2725 756 2783 uene
763 2717 870 2804 fb’ldet
887 2722 1044 2808 tdrpyazo
1058 2721 1240 2809 adousdrtya

318 2825 485 2911 lholvop-u'
498 2823 606 2891 Jaeab
622 2837 730 2912 mester
744 2831 904 2894 sectatore.
929 2829 1027 2896 1276.

211 3005 388 3074 Lsdizlaus
419 3005 480 3070 Dei
521 3005 635 3090 grauia
660 3004 837 3093 Hungarie,
854 3005 1034 3093 Dalmatio,
1062 3007 1233 3095 Crenaee,

100 3119 218 3202 Reme,
240 3112 372 3198 Seruis,
396 3111 555 3198 ostricie,
579 3110 791 3200 Lodomerie,
817 3113 994 3200 Cumanis,
1018 3113 1238 3200 Bulgsrieque
1310 3164 1313 3170 ,

99 3225 175 3290 Rex
190 3221 343 3290 omnibus
369 3218 556 3287 Christiane
581 3219 657 3286 tidei
682 3219 860 3288 cultoribus
885 3221 1090 3306 presentibus
1115 3224 1238 3308 pariter

97 3341 133 3398 et
148 3329 270 3397 futuris
284 3333 451 3414 presentes
473 3326 599 3394 litteras
616 3327 810 3412 inspecturis
828 3329 969 3395 salutem
984 3329 1019 3396 in
1035 3329 1153 3397 salutis
1169 3331 1235 3397 lar-

99 3437 221 3522 gitore.
247 3437 297 3503 De
312 3434 415 3520 Regis
431 3435 565 3520 pietatis
589 3434 769 3502 elemeneia
784 3434 835 3502 illi
851 3435 1032 3520 graeiosius
1048 3444 1124 3504 sunt
1139 3437 1237 3505 doua-

97 3545 183 3614 tiuis
208 3542 399 3610 muneribus
427 3541 606 3628 attolendi,
633 3561 768 3627 quornm
794 3543 915 3610 deuota
938 3541 1080 3614 fidelitas
1105 3545 1138 3611 in
1164 3566 1236 3632 pro·

97 3653 209 3742 aperis
227 3655 363 3738 experta
372 3701 382 3736 ,
406 3657 438 3715 et
454 3648 651 3748 inladuersis
667 3649 830 3717 inuenitur
849 3647 1059 3717 laudabiliter
1074 3651 1236 3720 decorata.

100 3760 250 3829 Proinde
261 3753 306 3826 ad
322 3757 546 3826 uniuersorum
556 3757 710 3824 noticiam
722 3756 1056 3844 uolumusperuenire,
1068 3759 1155 3844 quod
1169 3761 1237 3828 Ma·

94 3869 207 3954 gister
222 3865 369 3934 Jaeohns
385 3862 473 3930 filius
488 3861 623 3931 Comitis
649 3861 810 3931 Jhoanuis
827 3863 869 3930 de
885 3863 1035 3951 'l'holuoy
1060 3863 1234 3934 familiaris

97 3976 203 4044 miles
221 3971 345 4041 Thome
361 3972 445 4037 Bani
477 3970 611 4038 Comitis
626 3969 811 4055 Nytriensis
831 3970 945 4038 dileeti
960 3978 992 4038 et
1008 3970 1114 4040 tidelis
1130 3974 1234 4040 nostri
1306 3993 1307 3998 ¹

92 4083 141 4151 ad
157 4088 306 4152 nostram
316 4079 476 4149 secedens
486 4076 841 4165 preseneismexhibuit
853 4077 1231 4167 nobisquasdempaten-

92 4202 150 4262 tes
168 4191 300 4259 litteras
318 4195 458 4278 nostras,
483 4188 651 4273 inquibus
671 4187 907 4274 comperimus,
932 4186 1020 4270 quod
1035 4187 1149 4255 villam
1175 4209 1233 4256 seu

89 4313 229 4372 terram
245 4297 396 4386 'l'holnoy
411 4303 581 4380 noeawm,
606 4315 701 4380 quam
723 4297 800 4364 olim
818 4293 1000 4380 Stephanus
1016 4294 1102 4361 filins
1118 4295 1234 4380 Bodoy

91 4407 288 4495 hospitibus
318 4405 426 4472 (lastri
456 4404 665 4472 Posoniensis
695 4403 731 4470 in
762 4403 841 4472 villa
866 4401 986 4470 Zemeh
1020 4396 1232 4471 existentibus

87 4517 314 4600 uendiderat,
338 4512 445 4580 eidem
473 4512 670 4580 contulimus
696 4513 790 4580 nullo
806 4510 959 4598 serupulo
976 4509 1159 4598 mediante;
1182 4529 1234 4596 pe·

86 4637 171 4696 tens
198 4645 273 4692 eum
299 4622 462 4692 instancia
476 4620 633 4708 pleniori,
657 4620 745 4706 quod
769 4639 829 4690 nos
856 4617 993 4687 eundern
1018 4617 1230 4688 oollaeionem

1008 4728 1073 4796 10*
