3138 5164
616 307 777 406 339—

122 502 289 588 protentus
306 499 466 564 sulutmes
482 497 689 582 exquirimus,
714 499 755 564 ub
772 497 856 584 biis,
873 520 1009 584 perque
1024 501 1258 569 Diuiuelduie-

125 615 195 675 stes
209 603 395 690 offenditur,
410 602 549 671 sollieite
573 623 760 671 revooemus
769 603 796 691 ,l
806 612 839 672 et
855 605 898 672 ed
912 606 1125 676 laudabilium
1140 611 1260 675 exerei-

126 716 206 781 tium
223 711 408 796 notionum,
434 709 549 793 quibus
565 711 671 794 gretia
702 711 829 778 celestis
845 713 1022 796 aequiritur
1031 764 1040 798 ‚
1057 733 1260 798 summopere

125 819 331 886 indueumus.
350 817 400 882 Ab
417 815 494 882 olim
509 816 688 904 siquidem,
706 817 782 884 dum
807 839 866 886 nes
886 819 989 886 minor
1005 827 1096 888 setus
1112 819 1257 904 heberet,
1344 887 1352 892 ,
1411 901 1415 908 .

122 925 321 1008 andivimus,
338 929 371 989 et
385 928 556 1008 postquem
582 923 681 990 etiarn
705 925 845 992 Domino
862 926 1055 1012 disponente
1075 913 1259 994 consuendi·

125 1053 199 1102 mus
216 1031 355 1117 gradum
370 1027 559 1114 Apostolioo
575 1029 745 1114 dignitatis
753 1079 763 1114 ,
772 1031 892 1099 nostris
907 1041 956 1100 est
971 1033 1104 1100 auribus
1119 1034 1259 1101 ineuloa·

126 1149 206 1226 tum,
222 1136 353 1222 quodin
363 1132 501 1203 civitam
517 1135 665 1222 prediola
680 1138 839 1204 nonnullo
855 1145 987 1225 statute,
1004 1139 1122 1206 nedum
1138 1140 1259 1224 iniqua,

125 1246 304 1331 quinimmo
329 1241 474 1335 nefande
500 1248 533 1308 et
557 1241 738 1332 horrendo,
769 1247 1039 1330 quamplurimum
1075 1245 1257 1314 crudelibus

125 1349 246 1420 studiis
262 1349 473 1417 observantur
482 1399 490 1432 ,
524 1362 658 1432 quorum
673 1358 823 1436 pretextu
843 1351 955 1419 Oleros
972 1353 1121 1422 Civitatis
1137 1363 1168 1420 et
1184 1354 1258 1419 Dio·

124 1459 211 1525 eesis
226 1455 454 1522 Paduuuorum
485 1453 685 1522 multimodis
717 1449 848 1526 offensis
873 1458 1056 1546 impetitur,
1088 1461 1260 1534 lueesoitur

125 1564 265 1648 iniuriis,
283 1563 423 1630 ulfieitur
438 1560 648 1647 oontumeliis,
661 1569 692 1628 et
701 1563 854 1648 perieulis
870 1566 1039 1651 exponitur
1055 1568 1124 1632 dire
1139 1569 1257 1653 mortis,

122 1671 295 1758 ipsu-fuoti
311 1669 475 1735 evidentia
490 1688 588 1754 super
614 1667 910 1738 biis'testimonium
942 1673 1140 1758 perhibente.
1174 1672 1257 1750 Quis

124 1779 228 1862 igitur
242 1783 334 1841 tante
349 1774 513 1841 horribilis
537 1781 668 1857 tumque
694 1777 888 1844 execrabilis
904 1777 1177 1845 abhominationis
1193 1786 1258 1846 ste·

123 1893 197 1952 tuta
211 1883 370 1968 uolumus,
395 1881 489 1947 sleuti
514 1900 574 1946 neo
590 1880 763 1970 debemus,
795 1891 928 1967 urgente
954 1885 1148 1951 eonstientie
1172 1905 1259 1950 men·

123 2001 201 2076 tem,
217 1991 425 2072 aliquetenus
442 1987 591 2073 tolerare,
608 2009 680 2056 eum
697 1991 766 2058 Deo
783 1991 985 2078 displioeant,
1000 1993 1129 2060 turbent
1144 1992 1255 2058 Euole-

123 2100 219 2182 siam,
231 2097 451 2163 ecelesiastioe
467 2095 670 2178 preludioeut
680 2097 834 2184 libertati,
843 2101 1025 2170 animorum
1042 2107 1073 2166 et
1090 2119 1256 2184 corporum

125 2203 301 2290 dispendia
317 2209 485 2288 generent,
496 2201 614 2268 cedent
622 2204 656 2268 in
665 2203 746 2271 iuris
755 2205 918 2292 iniuriam,
934 2213 967 2271 et
981 2205 1124 2273 fidelium
1134 2206 1258 2272 animos

123 2309 1257 2398 seendelizeutpredietbsPotestutem,Antianos,OonsiliariosetOom·

124 2437 293 2502 muneper
303 2415 385 2482 alies
401 2421 527 2482 nostros
538 2415 599 2482 sub
615 2421 703 2481 oertu
721 2416 825 2482 formu
840 2418 966 2486 litteras
976 2437 1152 2501 monemus,
1162 2435 1255 2499 roga-

124 2545 199 2591 mus
209 2529 242 2590 et
251 2524 415 2588 hortemur
424 2521 813 2607 attente,perApostoliea
823 2523 870 2590 eis
881 2522 1001 2610 seripta
1010 2522 1213 2606 mandantes,
1221 2529 1256 2587 ut

78 2617 81 2622 ¹
124 2634 333 2700 advertentes
348 2625 498 2714 sollieite,
515 2627 599 2711 quod
615 2647 674 2714 per
689 2628 881 2712 nepharium
897 2629 1071 2696 eorundem
1082 2629 1255 2696 observan-

125 2745 207 2809 tium
219 2743 412 2806 statutorum
427 2735 845 2822 Potestatiqdntianorum,
863 2734 1114 2804 Consilariorum
1125 2741 1157 2801 et
1167 2735 1258 2814 Qum-

124 2849 233 2914 munis
249 2866 289 2910 ee
304 2843 453 2912 Civitatis
468 2841 685 2928 prediotorum
699 2843 788 2910 sama
797 2843 975 2911 laudabilis
985 2843 1253 2930 quamplurimum

122 2957 325 3038 denigretur,
346 2957 379 3017 et
394 2969 494 3034 greve
508 2950 573 3015 imo
587 2949 815 3034 gravissimum
830 2950 945 3018 solutis
970 2969 1080 3016 eorum
1106 2947 1255 3036 profecti·

121 3063 186 3128 bus
201 3059 360 3143 ingeritur
376 3055 622 3138 detrimentum
647 3060 771 3122 statute
795 3055 905 3124 omnia
930 3055 1079 3122 civitatis
1105 3053 1250 3121 eiusdem

123 3167 259 3254 publiea
274 3163 328 3230 vel
344 3167 480 3246 semela,
496 3159 726 3248 ordinationes,
737 3165 925 3248 seriptum,
944 3182 1137 3246 quoeunque
1153 3163 1256 3228 formu

123 3273 300 3339 verborum
315 3271 436 3354 seriptu
451 3274 534 3352 sunt,
544 3287 601 3332 son
610 3288 799 3352 quoeunque
807 3270 936 3336 nomine
953 3275 1157 3355 censeantur,
1183 3269 1253 3335 sive

129 3367 319 3465 speoialite'r
333 3373 537 3440 nominentur
553 3372 594 3438 ab
621 3373 712 3462 ipsis,
730 3375 799 3440 sive
824 3376 1087 3459 cognominentur
1113 3374 1259 3457 generali

123 3483 286 3552 vocabulo
302 3488 503 3565 statutorum,
521 3500 583 3563 que
598 3481 632 3545 iu
648 3488 804 3563 quantum
819 3489 932 3548 oontm
947 3484 1129 3550 libertatem
1144 3480 1254 3546 Eoole·

123 3591 177 3658 sie
194 3597 226 3654 et
241 3607 350 3654 rerum
366 3587 661 3652 eoolesiestiearum
693 3595 726 3653 et
749 3607 959 3674 personarum
986 3597 1073 3676 sunt,
1098 3594 1192 3674 prout
1216 3586 1257 3652 de

125 3697 215 3762 laeto
230 3691 418 3781 procedunt,
435 3691 584 3760 duximus
599 3693 766 3781 irdtamle,
785 3701 817 3760 et
833 3695 1036 3762 declaremus
1052 3695 1173 3762 nullius
1189 3697 1258 3762 fore

124 3801 293 3887 momenti,
310 3821 350 3865 ee
368 3800 487 3867 nullius
503 3820 634 3884 prorsus
650 3801 789 3868 existere
804 3801 974 3888 firmitatis,
998 3801 1127 3868 sublato
1153 3801 1258 3866 euius·

125 3912 207 3976 libet
223 3906 424 3974 difficultatis
435 3905 612 3990 obstuoulq
624 3906 665 3973 de
676 3907 907 3992 capitularibus
923 3927 980 3974 seu
996 3906 1175 3974 statutariis
1191 3907 1258 3972 suis

121 4025 182 4084 eut
198 4013 379 4099 quibusque
393 4011 485 4078 libris
500 4014 551 4078 vel
568 4013 665 4079 ebriis
681 4013 765 4077 infru
790 4013 972 4096 quindecim
988 4013 1068 4097 dies,
1094 4033 1116 4078 e
1140 4031 1253 4096 reoep·

123 4125 216 4189 tione
249 4119 467 4205 predictarum
501 4119 679 4184 litterarum
711 4127 890 4186 nostrorum
916 4119 1110 4186 direotorum
1136 4119 1257 4198 eisdem

131 4224 386 4312 computandos,
419 4225 611 4306 ubieunque
626 4235 701 4293 sunt
715 4227 846 4312 seripte,
858 4233 970 4295 eureut
980 4226 1107 4312 penitus
1120 4223 1259 4310 abolere,

125 4333 188 4400 illu
203 4332 258 4398 vel
275 4330 397 4397 similia
413 4330 504 4396 nullo
521 4351 671 4414 umquam
702 4339 849 4420 tempore
880 4335 1058 4402 restitutum
1090 4351 1197 4398 eorem
1228 4337 1260 4396 te

125 4443 276 4526 prestent
305 4435 434 4522 publice
464 4437 696 4521 iuramentum
728 4440 776 4504 sio
806 4441 970 4508 mendatis
1000 4437 1118 4506 uostris
1134 4437 1168 4502 in
1198 4436 1260 4504 boo

126 4545 304 4614 efficaciter
319 4542 465 4628 perituri,
482 4547 517 4608 ut
539 4542 718 4610 devotionis
733 4563 792 4612 sue
807 4546 974 4613 sineeritus
991 4545 1089 4628 digne
1100 4562 1260 4610 eommen·
