3118 5158
908 303 1027 372 82·

241 482 242 490 *
366 502 461 570 dibus
486 502 610 588 obruti,
635 519 746 566 verum
773 499 876 565 eciam
897 535 934 546 -
956 500 1056 583 —ijs
1082 505 1114 565 et
1138 498 1260 566 lanceis
1286 497 1477 588 (crude)liter

366 609 541 694 perforati,
565 608 620 676 vbi
635 629 702 674 non
728 607 798 674 sino
822 615 925 675 morte
949 605 1116 674 cuiusdam
1142 607 1252 674 fratris
1268 628 1380 673 eorum
1397 609 1477 674 Nico-

366 717 438 784 laus
453 714 631 802 nuncupati
655 715 766 782 mortis
782 713 960 798 periculum
982 714 1168 799 aliqualiter
1188 721 1370 782 euaserunt.
1406 714 1475 792 Quo·
1545 737 1546 784 t

367 845 437 890 rum
464 821 595 890 sudores
622 829 767 907 tergere,
793 823 919 889 wlnera
943 842 1062 888 sanare
1089 827 1121 888 et
1145 821 1237 888 labor
1265 859 1302 869 -
1320 861 1365 872 —
1382 857 1422 870 -α
1445 823 1476 890 de

364 931 480 1014 Regali
506 928 732 998 munificencia
756 929 932 1014 cupientes,
959 928 1048 1016 ipsos
1065 935 1097 994 et
1112 941 1241 996 suorum
1259 927 1347 1015 (lgy)
1362 949 1475 998 succos·
1541 997 1543 1000 .

365 1059 455 1106 sores
481 1059 540 1124 pro
560 1037 741 1104 huiusmodi
757 1038 898 1122 expertis
923 1044 955 1102 et
980 1037 1077 1104 claris
1102 1036 1276 1106 uirtutibus
1292 1039 1476 1106 clarioribus

363 1148 435 1214 luce
456 1146 602 1212 clara-
621 1182 665 1192 -
685 1181 721 1191 -
744 1143 918 1211 -luimus
939 1144 1075 1228 aliquali
1092 1143 1258 1232 insignire,
1282 1145 1477 1212 absoluentes

364 1274 419 1320 cos
445 1261 478 1318 et
502 1273 578 1320 suos
607 1249 740 1318 heredes
773 1252 991 1336 heredumque
1021 1273 1149 1320 suorum
1183 1271 1389 1320 successores
1414 1272 1476 1318 cum

280 1412 286 1426 ,
363 1367 453 1428 terra
478 1380 586 1426 eorum
611 1359 758 1427 Forkosd
782 1367 901 1426 uocata
916 1358 952 1447 (a
968 1361 1115 1446 iobagio)
1132 1367 1211 1426 natu
1227 1359 1305 1427 dicti
1321 1361 1430 1447 castri,
1451 1365 1479 1425 ct

365 1467 568 1536 conferentes
586 1467 634 1532 eis
661 1467 779 1532 donum
795 1473 863 1532 tam
879 1467 1055 1552 solempnis
1071 1467 1250 1554 libertatis,
1274 1473 1308 1533 ut
1326 1468 1369 1534 ab
1384 1467 1476 1552 ipsius

363 1574 462 1642 castri
479 1575 567 1640 exuti
588 1579 621 1638 et
636 1573 776 1639 absoluti
792 1573 1013 1657 iobagionatu,
1031 1575 1111 1639 etin
1128 1585 1245 1657 cetum,
1261 1593 1427 1640 numemm
1451 1580 1479 1639 et

365 1681 541 1765 collegium
561 1679 772 1746 semienoium
797 1688 975 1746 nostrorum
993 1681 1163 1764 Regalium
1187 1702 1245 1766 per
1261 1701 1321 1748 nos
1337 1679 1479 1746 translati

362 1809 471 1854 coram
488 1795 598 1853 nostre
614 1784 797 1852 Maiestatis
823 1787 993 1872 presencia
1008 1806 1080 1852 cunr
1106 1787 1183 1872 alijs
1201 1789 1417 1856 seruientibus
1432 1808 1478 1852 no·

362 1895 439 1961 stris
457 1895 634 1977 Regalibus
660 1893 802 1976 graciam
829 1893 972 1959 habeant
997 1892 1188 1960 famulandi.
1221 1895 1258 1959 ln
1279 1894 1373 1962 cuius
1390 1891 1478 1980 (cer)-

360 2000 529 2067 titudinem
560 2007 726 2085 presentes
765 2005 893 2066 nostras
933 2001 1153 2068 concessimus
1186 2000 1312 2078 litteras
1344 2000 1479 2086 duplicis

361 2107 464 2191 sigilli
480 2108 582 2174 nostri
598 2107 775 2174 munimine
789 2110 969 2174 roboratas.
993 2108 1113 2175 Datum
1129 2127 1319 2194 parmenus
1334 2105 1480 2192 Magistri

360 2215 528 2281 Benedicti
553 2213 672 2281 Sancte
703 2213 934 2297 Strigoniensis
958 2214 1103 2283 Ecclesia
1132 2211 1288 2300 (Electi),
1324 2215 1480 2300 Prepositi

359 2323 521 2390 Budensis
553 2329 585 2387 et
616 2321 689 2386 aule
720 2327 831 2386 nostre
863 2319 1149 2404 Vico-Cancellarij
1175 2320 1287 2389 dilecti
1319 2330 1353 2389 et
1380 2322 1482 2389 fidelis

358 2431 472 2516 nostri,
498 2449 583 2494 anno
601 2429 732 2494 Domini
753 2425 970 2493 M⁰OO⁰LXX⁰
986 2435 1111 2514 quarto,
1137 2430 1243 2512 Regni
1260 2435 1368 2496 autem
1383 2429 1482 2494 nostri

358 2560 445 2605 anno
471 2535 623 2604 seeundo.
647 2533 897 2600 Venerabilibus
922 2535 1070 2619 patribus
1087 2535 1252 2620 Stephano
1269 2535 1439 2602 Colocensi
1455 2539 1484 2598 et

361 2642 536 2728 (iohanne)
573 2642 760 2728 Spalatcnsi
790 2641 1079 2730 Arclriepisoopis,
1118 2646 1290 2730 Lampertc
1320 2641 1480 2726 Agriensi‚

360 2748 563 2840 (Benedicto)
580 2747 819 2832 Chanadiensi‚
842 2749 905 2814 Job
924 2749 1276 2836 Quinqueeoclcsiensi,
1300 2749 1407 2816 Paulo
1424 2751 1482 2816 Ve-

357 2857 541 2945 sprimionsi
559 2857 634 2924 aule
649 2862 758 2923 nostre
776 2856 979 2924 Cancellario
989 2907 998 2942 ‚
1024 2858 1178 2944 Phillppo
1195 2856 1392 2924 Varadienei
1409 2855 1482 2921 aule

358 2967 487 3034 domine
501 2965 627 3047 Regina
643 2963 800 3029 consortis
810 2971 927 3029 nonme
943 2963 1119 3032 karissime
1135 2963 1353 3048 cancellario,
1377 2961 1484 3028 Ledo-

356 3074 458 3140 merio
485 3069 699 3155 Varadiensi,
732 3068 922 3136 Thimotheo
948 3069 1178 3158 Zagrabiensi,
1207 3066 1386 3158 (Dionisio)
1413 3070 1489 3136 lau·

356 3181 454 3246 riensi
480 3184 512 3244 et
526 3179 621 3244 Petro
637 3177 870 3244 'Pranssiluano
886 3177 1058 3262 Episcopis
1076 3178 1241 3246 Ecclesiae
1257 3176 1319 3242 Dei
1345 3176 1489 3244 feliciter

345 3285 631 3372 'gubernantibus3
655 3283 802 3350 Dionisio
827 3283 1131 3351 Palatinortlomite
1156 3282 1197 3351 de
1213 3283 1355 3369 Okylich
1382 3289 1419 3348 et
1434 3283 1491 3349 lu-

357 3393 428 3458 ‹lice
454 3391 680 3473 Cumanorum,
706 3388 856 3476 (Herrioo
876 3391 968 3456 Bano
995 3387 1113 3478 tocius)
1138 3390 1321 3476 Solanonie,
1344 3391 1492 3456 Nicolao

356 3495 518 3582 Voyuoda
532 3495 767 3562 Transsiluano
789 3496 915 3562 Comito
931 3496 971 3562 de
987 3496 1113 3580 Zonulr‚
1136 3495 1307 3564 Jwaohino
1325 3497 1495 3580 Magistro

355 3601 612 3671 Tauamicorum
644 3608 827 3666 nostrorum
853 3601 978 3668 Comite
1003 3601 1043 3668 de
1069 3603 1169 3686 Plys,
1201 3601 1340 3670 Nicolao
1367 3601 1495 3668 Judioe

355 3713 450 3778 Curis
474 3716 584 3776 nostre
609 3708 733 3774 Comite
758 3709 799 3774 de
825 3707 998 3794 (ineohlre,
1020 3709 1123 3774 Paulo
1144 3709 1236 3774 Banu
1261 3709 1302 3776 de
1318 3711 1498 3794 taurinis,

354 3817 500 3884 Ronoldo
524 3815 682 3899 Magistro
698 3813 929 3899 Dapiferornm
946 3821 1128 3880 nostrorum
1153 3813 1279 3882 Comite
1304 3812 1347 3880 de
1363 3816 1495 3902 anga-

352 3945 451 4009 gear,
487 3919 683 4012 (Her)bordo
706 3921 864 4004 Magistro
890 3920 1079 4004 agasonum
1101 3926 1283 3988 nostrorum
1299 3921 1437 3989 Comite
1455 3925 1499 3990 de

354 4033 493 4115 Barana,
512 4028 662 4114 (Nicolao
679 4023 847 4112 Magistro)
864 4029 1097 4094 Pinoernarum
1113 4033 1308 4114 nostrornm,
1330 4029 1502 4099 lohanne

353 4137 476 4205 Comite
499 4137 732 4222 Supruniensi‚
766 4135 925 4218 Gregorio
950 4135 1076 4203 Comite
1101 4133 1208 4202 (lastri
1232 4136 1369 4222 Fontei,
1398 4138 1502 4222 noys

354 4243 478 4310 Comite
494 4243 705 4330 Symigiensi,
730 4240 857 4308 Dedalo
877 4242 1002 4308 Gemite
1016 4241 1215 4328 Zaladiensi,
1240 4248 1273 4306 et
1287 4241 1370 4326 alijs
1391 4265 1503 4330 quam

351 4352 497 4437 pluribus
514 4350 696 4420 Comitatus
711 4351 814 4434 Regni
831 4350 1017 4417 tenentibus
1034 4359 1067 4416 et
1082 4349 1229 4417 honores.

350 4497 488 4563 (Eredetic
507 4495 681 4563 btirhlrtylm
701 4495 870 4563 magrongtlt
882 4495 1049 4564 tllapotbam
1067 4497 1193 4561 malynelr
1206 4491 1315 4562 pecstte
1327 4491 1485 4566 hianyzrk
1500 4517 1507 4564 3

668 4603 782 4640 anema.
796 4604 921 4640 museum
934 4582 1162 4656 kenirattfirbsn.)

805 4741 1022 4764 ἠ
