3118 5158
333 983 364 1049 A
388 983 653 1071 ezdkeafebe'redni
677 985 834 1071 ledptalcn
859 989 960 1070 dtirja
985 1009 1064 1052 ozon
1088 987 1299 1072 okmdnyokot
1311 1036 1321 1066 ,
1345 987 1453 1072 malpel·

333 1095 415 1159 altat
441 1093 560 1158 Miletos
576 1091 769 1158 Arnoldnale
785 1092 838 1174 fia
863 1094 931 1157 tolo
956 1096 1076 1180 azolpdt
1110 1097 1142 1160 ds
1165 1095 1317 1180 szolpdlo'l
1342 1095 1454 1158 Ponicb
1532 1155 1533 1162 ,

701 1199 829 1264 bdnnak
845 1202 972 1268 eladott.
1000 1203 1095 1268 1274.

443 1394 659 1483 (G)apitulnm
676 1398 831 1489 Albensis
849 1397 996 1464 Ecclesic
1011 1395 1160 1464 omnibns
1173 1395 1294 1462 Christi
1311 1395 1453 1461 fidelibus

337 1507 504 1589 presentes
529 1502 656 1569 litteras
687 1503 882 1589 inspecturis
907 1504 1048 1570 salntem
1074 1503 1107 1568 in
1132 1503 1271 1570 Domino
1297 1504 1457 1587 sempiter-

337 1629 424 1676 nam.
450 1609 504 1676 Ad
521 1611 744 1677 uniuersorum
769 1613 922 1678 noticiam
948 1618 1059 1678 tenore
1086 1613 1286 1696 presencium
1318 1612 1458 1678 volumus

337 1719 527 1801 peruenire3
562 1715 648 1802 quod
674 1719 849 1784 Ladizlaus
880 1718 966 1786 lilius
992 1719 1115 1784 Ponieb
1140 1721 1221 1784 Baui
1248 1717 1291 1784 ad
1319 1725 1456 1784 nostram

338 1825 496 1892 accedens
521 1825 722 1910 presenciam
747 1827 894 1894 exhibuit
919 1827 1014 1894 nobis
1034 1827 1161 1894 litteras
1178 1827 1301 1892 domini
1316 1828 1412 1909 Regis
1427 1827 1457 1890 in

340 1933 397 1998 bec
413 1932 533 1998 uerba:

447 2039 623 2108 Ladizlaus
650 2041 691 2106 D.
717 2059 765 2122 gr.
783 2042 852 2107 Rex
870 2039 1039 2124 Hungerie
1064 2039 1213 2108 fidelibus
1231 2042 1300 2108 suis
1316 2040 1458 2125 Capitale

339 2147 477 2214 Albensi
494 2148 553 2212 stb.
572 2145 784 2234 (kdretkeuik
805 2149 861 2214 IV.
879 2149 995 2214 Ldszlb
1011 2147 1121 2232 kirtly
1140 2147 1275 2215 lala-ki
1291 2167 1459 2232 paranesa,

342 2253 424 2318 mint
443 2254 573 2322 sentebb
590 2257 643 2321 27.
660 2273 705 2320 sc.
722 2251 768 2341 a.)

448 2361 566 2426 Verum
584 2362 662 2443 quia
683 2361 785 2428 series
802 2361 904 2446 ipsius
920 2361 1046 2444 negoeij
1066 2362 1099 2426 in
1115 2361 1231 2428 litteris
1247 2361 1365 2429 nostris
1382 2381 1460 2427 eom-

341 2467 598 2552 posieionalibus
625 2470 758 2535 uiuente
781 2468 854 2552 ipso
870 2468 991 2534 Ponieb
1018 2469 1108 2536 Bane
1135 2467 1250 2536 exinde
1274 2477 1376 2536 autea
1395 2489 1464 2534 con-

341 2573 436 2639 fectis
463 2574 591 2658 plenius
617 2577 864 2660 continebatur,
897 2575 1029 2643 casdem
1066 2577 1168 2642 ceiam
1203 2575 1350 2642 exhibuit
1374 2574 1464 2641 nobis

342 2679 427 2745 banc
442 2680 579 2747 formam
598 2680 813 2748 continentes.

448 2787 516 2856 Nos
543 2789 729 2873 Capitulum
759 2789 911 2857 Albensis
943 2790 1090 2856 Ecclesie
1121 2793 1181 2858 stb.
1213 2789 1464 2874 (konetlrezike

343 2894 624 2963 szekeslehcrvari
652 2898 882 2981 kdptalennelr
911 2897 1041 2965 reta-ki
1066 2897 1360 2983 bizonysaglevele,
1389 2898 1466 2963 mint

344 3001 473 3069 fentebb
491 3007 522 3070 6.
540 3024 585 3070 su.
603 3003 648 3089 a.)

450 3107 556 3194 Super
573 3108 729 3194 predictis
754 3109 865 3193 itaque
890 3130 1005 3176 nouem
1023 3111 1185 3195 capitibus
1211 3130 1390 3196 seruorum,
1412 3130 1470 3193 que

345 3215 407 3300 ipsi
433 3215 532 3282 Ponic
547 3216 638 3282 Bane
655 3217 781 3282 restitui
807 3217 995 3302 debuerunt,
1022 3217 1162 3284 uidimus
1188 3216 1220 3281 in
1240 3217 1359 3284 litteris
1376 3219 1470 3304 Capi·

344 3323 406 3390 tuli
422 3322 686 3410 Wesprimiensis
702 3343 760 3408 per
777 3323 913 3390 eundem
929 3323 1120 3390 Ladialaum
1137 3323 1303 3410 exhibitis,
1324 3325 1471 3392 extitisse

348 3432 527 3497 ordinatum
555 3450 593 3496 eo
608 3430 713 3514 modo,
737 3430 823 3514 quod
848 3451 907 3498 sex
932 3432 1041 3517 capita
1070 3451 1234 3498 seruorum
1260 3452 1319 3517 per
1334 3431 1474 3500 eundem
1532 3485 1533 3488 η

344 3538 526 3622 Nyoolaum
550 3537 614 3622 ipsi
630 3537 730 3604 Ponic
747 3539 837 3605 Bano
863 3539 1002 3606 fuissent
1026 3541 1185 3624 restituta,
1216 3561 1273 3624 pro
1295 3540 1402 3606 tribus
1419 3560 1474 3604 au-

222 3691 224 3694 -
346 3652 410 3711 tem
427 3644 588 3730 capitibus
606 3664 772 3712 seruorum
797 3667 914 3714 nouem
933 3667 1060 3714 mareas
1083 3639 1168 3713 idem
1187 3648 1353 3733 Nyeolans
1371 3648 1479 3713 eidem

348 3751 581 3837 persoluisset;
606 3761 638 3819 et
664 3755 752 3838 ipsas
778 3754 890 3821 decem
916 3755 1054 3821 tenellas
1081 3753 1149 3821 viui
1177 3776 1249 3822 eum
1275 3753 1428 3821 curribus
1450 3761 1480 3818 et

347 3859 569 3944 quadraginta
600 3863 702 3928 bobus
728 3859 834 3928 eidem
866 3859 1027 3946 dedisset,
1060 3870 1155 3946 prout
1179 3862 1285 3929 iuerat
1311 3862 1400 3928 inter
1428 3881 1482 3926 eos

349 3967 553 4050 ordinatum3
578 3967 662 4051 quod
679 3968 782 4034 eciam
799 3967 884 4034 idem
903 3968 1079 4035 Ladizlaus
1097 3970 1177 4034 uiua
1191 3989 1271 4034 uoce
1287 3968 1480 4035 affirmauit.

350 4073 463 4139 Eciam
480 4075 512 4140 in
530 4071 652 4144 eisdem
669 4074 788 4140 litteris
803 4072 946 4159 Capituli
963 4077 1188 4162 comperimus,
1216 4077 1274 4142 sub
1292 4075 1484 4142 testimonio

350 4181 494 4248 eiusdem
513 4184 585 4268 ipsa
602 4182 665 4248 dno
691 4191 800 4248 castra
825 4181 888 4265 ipsi
904 4183 1052 4266 Nycoleo
1069 4181 1172 4248 fuisse
1195 4183 1348 4249 restituta
1376 4181 1484 4251 indie

349 4297 531 4373 prenotato.
556 4285 597 4353 Et
614 4289 690 4372 quia
714 4290 875 4374 premissa
901 4297 934 4356 et
952 4289 1084 4373 singula
1108 4290 1339 4373 premissorum
1367 4311 1485 4356 secun-

350 4395 425 4462 dum
443 4397 492 4462 sui
510 4395 753 4479 expedicionem
780 4403 812 4460 et
828 4395 1182 4480 eonsumpmacionem,
1210 4402 1245 4460 ut
1264 4397 1422 4480 superius
1439 4405 1488 4464 est

350 4523 549 4588 expressum,
573 4503 750 4588 patrocinio
776 4504 877 4571 nostri
893 4503 1057 4589 priuilegij
1086 4503 1250 4570 debebant
1276 4507 1482 4588 confirmari,
