3140 5150
837 342 995 440 nn.

353 540 499 607 habitam
515 540 609 606 iuxta
625 547 750 606 veteres
766 543 798 603 et
813 537 965 622 antiquas
981 557 1058 604 suas
1074 545 1179 606 metas
1194 537 1236 605 ab
1253 537 1391 606 aliorum
1408 559 1472 624 pos·

353 647 533 715 sessionum
550 644 674 712 iuribus
699 646 867 712 metaliter
892 645 1124 729 sequestrando
1151 645 1368 730 distingerent
1386 653 1419 712 et
1435 647 1471 711 di·

354 755 497 838 stingere
513 753 647 821 vellent.
673 751 778 837 Super
794 773 856 836 quo
872 751 1023 820 fidelitati
1054 757 1159 820 vestre
1185 753 1318 820 firmiter
1343 755 1471 839 preoipi·

354 861 437 929 endo
469 859 679 946 mandamus,
712 869 873 942 quatenus
903 867 1048 928 vestrum
1074 862 1212 929 mittatis
1236 861 1398 928 hominem
1423 882 1472 948 pro

353 969 537 1038 testimonio
568 969 631 1036 fide
664 965 817 1055 dignum,
841 987 906 1052 quo
939 975 1088 1054 presente
1119 969 1207 1038 Geth
1223 970 1264 1037 de
1279 971 1407 1057 Merse,
1429 971 1473 1038 uel

355 1075 483 1163 Gaspar
513 1074 553 1141 de
584 1073 771 1160 Heighazas
802 1077 1107 1162 Merse,aut1nan
1138 1076 1245 1143 dietus
1271 1077 1415 1162 Fequete
1439 1075 1473 1142 de

354 1183 451 1259 Dede
467 1181 543 1268 alijs
558 1183 746 1250 absentibus
763 1183 859 1250 homo
870 1171 980 1250 noster
995 1183 1039 1249 ad
1054 1180 1234 1269 predictam
1245 1184 1472 1271 possessionem

355 1290 423 1357 Seii
438 1290 645 1377 secedendo,
669 1291 839 1358 uniuersos
864 1291 989 1364 vieinos
1013 1298 1047 1358 et
1071 1298 1310 1360 oummetaneos
1335 1293 1473 1360 eiusdem

356 1397 571 1481 possessionis
596 1399 676 1466 inibi
705 1400 910 1486 eonuoeatis,
934 1399 1039 1486 ipsam
1070 1401 1309 1487 possessionem
1341 1401 1409 1469 Seii
1438 1404 1475 1470 ab

356 1505 489 1574 aliorum
507 1507 750 1592 possessionum
765 1507 890 1576 iuribus
912 1509 1095 1600 separando
1115 1515 1148 1576 et
1163 1507 1370 1594 distingendo
1392 1511 1475 1576 iuxta

355 1622 481 1682 veteres
512 1620 545 1683 et
557 1613 726 1698 'antiquus
753 1635 829 1683 suas
855 1622 976 1700 metas,
1001 1623 1032 1684 et
1047 1617 1076 1684 si
1092 1636 1224 1684 neeesse
1249 1615 1364 1700 inerit,
1388 1618 1475 1684 nouis

356 1722 450 1788 metis
466 1722 557 1789 iuxta
571 1728 698 1791 veteres
714 1730 819 1790 metas
835 1723 983 1791 eiusdem
999 1723 1215 1810 possessionis
1232 1724 1300 1792 Seii
1316 1725 1477 1812 erigendo,

357 1829 385 1898 si
402 1849 466 1897 non
481 1831 578 1898 inerit
593 1831 848 1917 contradictum
865 1833 1122 1901 eonbadiotores
1142 1852 1220 1901 vero
1237 1833 1338 1916 siqui
1354 1833 1477 1918 fuerint,

357 1937 434 2004 eitet
449 1935 580 2006 eosdem
597 1939 631 2004 in
646 1947 791 2006 nostrum
807 1939 1009 2026 preseneism
1035 1941 1078 2006 ad
1104 1939 1277 2008 terminum
1298 1947 1476 2028 competen-

357 2050 442 2132 tem,
466 2053 587 2132 etpost
618 2046 678 2115 hee
693 2047 807 2115 seriem
840 2048 944 2134 ipsius
974 2053 1131 2116 metarum
1162 2048 1436 2117 reambniaoionis
1450 2057 1480 2116 et

357 2155 553 2243 ereooionis,
579 2157 765 2224 eonomine
788 2158 959 2248 citatorum
985 2178 1057 2226 oum
1083 2157 1219 2226 termino
1239 2157 1409 2242 assignato
1425 2178 1480 2223 no·

357 2263 408 2330 bis
424 2263 563 2332 fideliter
577 2267 775 2334 resoribetis.
798 2267 921 2335 Datum
946 2266 1037 2336 Bude
1063 2273 1179 2334 ootauo
1210 2267 1264 2334 die
1289 2267 1363 2336 festi
1387 2267 1480 2334 Beati

359 2373 488 2458 Georgij
507 2372 648 2442 martiris
679 2397 763 2444 anno
795 2375 926 2442 Domini
958 2373 1110 2443 M⁰OO⁰L⁰
1129 2382 1223 2444 sexto
1248 2373 1481 2464 (helyesebben

361 2480 474 2566 1216.)

359 2656 395 2726 (Δ
408 2659 652 2716 subires-iehdrvdri
667 2661 1036 2804 ΚάρῐκΙεηηιῗθιζςγαῃιᾚοη
1050 2663 1091 2717 dvi
1103 2663 1296 2732 jelentdsebb'l,
1319 2667 1389 2718 mint
1402 2663 1482 2717 altbb

897 2773 903 2788 .
919 2755 955 2789 sa.
969 2755 993 2791 a.

888 3451 962 3518 102.

240 3599 242 3602 ⁵
358 3649 497 3714 rasuera
521 3651 733 3737 serapoeum
757 3647 919 3718 abnouae
945 3653 1014 3717 reve
1039 3653 1093 3716 eo
1118 3650 1210 3716 erue
1236 3655 1395 3737 ror-waes
1417 3653 1495 3717 aaa·

478 3763 595 3843 mdnyo
610 3783 631 3824 u
647 3759 837 3844 epitiszipeti
851 3759 1080 3844 epdezaea'rda
1095 3761 1254 3824 eadmero.
1274 3758 1370 3824 12⁷6.

465 3954 534 4021 Nos
549 3952 572 4018 1.
591 3953 653 4019 Dei
669 3954 782 4036 gracie
805 3957 931 4039 Regina
954 3955 1125 4040 Hungarie
1150 3952 1308 4021 memoria
1325 3973 1502 4026 sommen-

360 4061 475 4130 dantes
491 4061 713 4147 significamus
738 4065 855 4146 quibus
872 4062 1004 4149 expedit
1029 4062 1209 4147 uniuersis3
1235 4062 1322 4146 quod
1337 4063 1504 4133 uolentes

361 4171 532 4238 consulere
548 4170 657 4238 anime
682 4175 792 4237 nostre
816 4170 957 4238 remedio
983 4179 1015 4237 et
1041 4169 1160 4257 saluti,
1185 4170 1347 4254 quandam
1370 4177 1503 4240 terram

360 4283 504 4344 nostram
522 4278 715 4362 Reginelem
742 4277 822 4344 Ohw
846 4285 1017 4366 uoostem,
1041 4279 1230 4347 existentem
1257 4279 1507 4351 iuxtaterram
1551 4323 1553 4326 ·

361 4384 512 4452 Obolnuk
522 4437 532 4472 ,
565 4405 662 4470 snper
693 4405 757 4469 que
788 4405 847 4454 sex
876 4387 1063 4454 mansiones
1094 4386 1287 4472 populorum
1303 4395 1507 4461 nostrerum

362 4492 524 4576 quondam
540 4492 739 4580 residebant,
764 4515 836 4561 oum
853 4495 1000 4562 omnibus
1017 4492 1212 4562 utilitatibus
1230 4499 1262 4560 et
1278 4493 1511 4587 pertinenoiJ's

362 4597 431 4668 suis
447 4600 625 4688 uniuersis,
648 4601 815 4690 dedimus,
842 4601 1032 4672 donauimus
1058 4609 1092 4671 et
1115 4599 1308 4672 contulimus
1323 4607 1513 4680 sororibus
