<?xml version="1.0" encoding="UTF-8"?>
<!DOCTYPE html PUBLIC "-//W3C//DTD XHTML 1.0 Transitional//EN"
    "http://www.w3.org/TR/xhtml1/DTD/xhtml1-transitional.dtd">
<html xmlns="http://www.w3.org/1999/xhtml" xml:lang="en" lang="en">
 <head>
  <title>
</title>
<meta http-equiv="Content-Type" content="text/html;charset=utf-8" />
  <meta name='ocr-system' content='tesseract 3.04.00' />
  <meta name='ocr-capabilities' content='ocr_page ocr_carea ocr_par ocr_line ocrx_word'/>
</head>
<body>
  <div class='ocr_page' id='page_1' title='image "./codexdiplomatic12wenzgoog_0197.png"; bbox 0 0 3140 5150; ppageno 0'>
   <div class='ocr_carea' id='block_1_1' title="bbox 707 279 769 349">
    <p class='ocr_par' dir='ltr' id='par_1_1' title="bbox 707 279 769 349">
     <span class='ocr_line' id='line_1_1' title="bbox 707 279 769 349; baseline -0.081 1"><span class='ocrx_word' id='word_1_1' title='bbox 707 279 769 349; x_wconf 86' lang='lat'><strong>155</strong></span> 
     </span>
    </p>
   </div>
   <div class='ocr_carea' id='block_1_2' title="bbox 656 372 815 400">
    <p class='ocr_par' dir='ltr' id='par_1_2' title="bbox 656 372 815 400">
     <span class='ocr_line' id='line_1_2' title="bbox 656 372 815 400; baseline 0 0"><span class='ocrx_word' id='word_1_2' title='bbox 656 372 815 400; x_wconf 51' lang='lat'><strong>&#39;‘⁹7-</strong></span> 
     </span>
    </p>
   </div>
   <div class='ocr_carea' id='block_1_3' title="bbox 165 477 1304 3916">
    <p class='ocr_par' dir='ltr' id='par_1_3' title="bbox 165 477 1304 3916">
     <span class='ocr_line' id='line_1_3' title="bbox 172 477 1300 566; baseline -0.009 -12"><span class='ocrx_word' id='word_1_3' title='bbox 172 483 334 554; x_wconf 85' lang='lat' dir='ltr'><strong>communi</strong></span> <span class='ocrx_word' id='word_1_4' title='bbox 352 501 510 551; x_wconf 88' lang='lat' dir='ltr'><strong>consensu</strong></span> <span class='ocrx_word' id='word_1_5' title='bbox 536 480 587 549; x_wconf 90' lang='lat' dir='ltr'><strong>uel</strong></span> <span class='ocrx_word' id='word_1_6' title='bbox 614 499 723 548; x_wconf 88' lang='lat' dir='ltr'><strong>earum</strong></span> <span class='ocrx_word' id='word_1_7' title='bbox 751 480 854 546; x_wconf 90' lang='lat' dir='ltr'><strong>maior</strong></span> <span class='ocrx_word' id='word_1_8' title='bbox 869 499 946 566; x_wconf 83' lang='lat' dir='ltr'><strong>pare</strong></span> <span class='ocrx_word' id='word_1_9' title='bbox 958 479 1085 566; x_wconf 88' lang='lat' dir='ltr'><strong>consilij</strong></span> <span class='ocrx_word' id='word_1_10' title='bbox 1105 477 1253 562; x_wconf 86' lang='lat' dir='ltr'><strong>sanioris,</strong></span> <span class='ocrx_word' id='word_1_11' title='bbox 1270 479 1300 546; x_wconf 93' lang='lat' dir='ltr'><strong>si</strong></span> 
     </span>
     <span class='ocr_line' id='line_1_4' title="bbox 168 587 1299 675; baseline -0.004 -16"><span class='ocrx_word' id='word_1_12' title='bbox 168 591 214 659; x_wconf 83' lang='lat' dir='ltr'><strong>ati</strong></span> <span class='ocrx_word' id='word_1_13' title='bbox 231 611 290 659; x_wconf 85' lang='lat' dir='ltr'><strong>cas</strong></span> <span class='ocrx_word' id='word_1_14' title='bbox 307 590 479 658; x_wconf 79' lang='lat' dir='ltr'><strong>dumtaxat</strong></span> <span class='ocrx_word' id='word_1_15' title='bbox 504 589 663 658; x_wconf 87' lang='lat' dir='ltr'><strong>Priorisse</strong></span> <span class='ocrx_word' id='word_1_16' title='bbox 688 592 817 674; x_wconf 85' lang='lat' dir='ltr'><strong>spectat</strong></span> <span class='ocrx_word' id='word_1_17' title='bbox 841 587 975 675; x_wconf 77' lang='lat' dir='ltr'><strong>electio,</strong></span> <span class='ocrx_word' id='word_1_18' title='bbox 999 587 1175 655; x_wconf 88' lang='lat' dir='ltr'><strong>secundnm</strong></span> <span class='ocrx_word' id='word_1_19' title='bbox 1194 588 1299 656; x_wconf 91' lang='lat' dir='ltr'><strong>Deum</strong></span> 
     </span>
     <span class='ocr_line' id='line_1_5' title="bbox 171 695 1298 784; baseline -0.005 -16"><span class='ocrx_word' id='word_1_20' title='bbox 171 707 204 767; x_wconf 89' lang='lat' dir='ltr'><strong>et</strong></span> <span class='ocrx_word' id='word_1_21' title='bbox 221 699 335 768; x_wconf 87' lang='lat' dir='ltr'><strong>Sancti</strong></span> <span class='ocrx_word' id='word_1_22' title='bbox 351 699 526 783; x_wconf 79' lang='lat' dir='ltr'>Augustini</span> <span class='ocrx_word' id='word_1_23' title='bbox 542 699 691 784; x_wconf 86' lang='lat' dir='ltr'><strong>regulam</strong></span> <span class='ocrx_word' id='word_1_24' title='bbox 707 695 908 784; x_wconf 87' lang='lat' dir='ltr'><strong>prouiderint</strong></span> <span class='ocrx_word' id='word_1_25' title='bbox 923 695 1117 782; x_wconf 76' lang='lat' dir='ltr'>eligendam.</span> <span class='ocrx_word' id='word_1_26' title='bbox 1135 696 1212 762; x_wconf 85' lang='lat' dir='ltr'><strong>Paci</strong></span> <span class='ocrx_word' id='word_1_27' title='bbox 1222 715 1298 779; x_wconf 87' lang='lat' dir='ltr'><strong>quo-</strong></span> 
     </span>
     <span class='ocr_line' id='line_1_6' title="bbox 169 803 1301 893; baseline -0.004 -18"><span class='ocrx_word' id='word_1_28' title='bbox 169 827 232 893; x_wconf 87' lang='lat' dir='ltr'><strong>que</strong></span> <span class='ocrx_word' id='word_1_29' title='bbox 249 815 281 874; x_wconf 88' lang='lat' dir='ltr'><strong>et</strong></span> <span class='ocrx_word' id='word_1_30' title='bbox 298 806 529 891; x_wconf 78' lang='lat' dir='ltr'><strong>tranquillitati</strong></span> <span class='ocrx_word' id='word_1_31' title='bbox 545 811 655 873; x_wconf 93' lang='lat' dir='ltr'><strong>uestre</strong></span> <span class='ocrx_word' id='word_1_32' title='bbox 680 811 821 891; x_wconf 86' lang='lat' dir='ltr'><strong>paterna</strong></span> <span class='ocrx_word' id='word_1_33' title='bbox 843 804 878 871; x_wconf 90' lang='lat' dir='ltr'><strong>in</strong></span> <span class='ocrx_word' id='word_1_34' title='bbox 897 809 1061 888; x_wconf 91' lang='lat' dir='ltr'><strong>posterum</strong></span> <span class='ocrx_word' id='word_1_35' title='bbox 1081 803 1301 871; x_wconf 88' lang='lat' dir='ltr'><strong>sollicitudine</strong></span> 
     </span>
     <span class='ocr_line' id='line_1_7' title="bbox 170 909 1300 1004; baseline -0.004 -21"><span class='ocrx_word' id='word_1_36' title='bbox 170 915 345 1002; x_wconf 90' lang='lat' dir='ltr'><strong>prouidere</strong></span> <span class='ocrx_word' id='word_1_37' title='bbox 361 915 521 1004; x_wconf 84' lang='lat' dir='ltr'><strong>uolentes,</strong></span> <span class='ocrx_word' id='word_1_38' title='bbox 548 911 740 980; x_wconf 87' lang='lat' dir='ltr'><strong>auctoritate</strong></span> <span class='ocrx_word' id='word_1_39' title='bbox 766 911 954 997; x_wconf 84' lang='lat' dir='ltr'><strong>Apostolica</strong></span> <span class='ocrx_word' id='word_1_40' title='bbox 969 910 1188 998; x_wconf 90' lang='lat' dir='ltr'><strong>prohibemus,</strong></span> <span class='ocrx_word' id='word_1_41' title='bbox 1205 919 1239 978; x_wconf 91' lang='lat' dir='ltr'><strong>ut</strong></span> <span class='ocrx_word' id='word_1_42' title='bbox 1253 909 1300 980; x_wconf 89' lang='lat' dir='ltr'><strong>iu·</strong></span> 
     </span>
     <span class='ocr_line' id='line_1_8' title="bbox 170 1019 1300 1105; baseline -0.004 -16"><span class='ocrx_word' id='word_1_43' title='bbox 170 1023 222 1090; x_wconf 86' lang='lat' dir='ltr'><strong>ira</strong></span> <span class='ocrx_word' id='word_1_44' title='bbox 239 1025 409 1092; x_wconf 86' lang='lat' dir='ltr'><strong>clausuras</strong></span> <span class='ocrx_word' id='word_1_45' title='bbox 426 1025 568 1090; x_wconf 88' lang='lat' dir='ltr'><strong>locorum</strong></span> <span class='ocrx_word' id='word_1_46' title='bbox 594 1041 653 1089; x_wconf 90' lang='lat' dir='ltr'><strong>seu</strong></span> <span class='ocrx_word' id='word_1_47' title='bbox 672 1019 883 1105; x_wconf 81' lang='lat' dir='ltr'><strong>grangiarum</strong></span> <span class='ocrx_word' id='word_1_48' title='bbox 909 1026 1093 1088; x_wconf 85' lang='lat' dir='ltr'><strong>uestrarum</strong></span> <span class='ocrx_word' id='word_1_49' title='bbox 1119 1019 1231 1086; x_wconf 90' lang='lat' dir='ltr'><strong>nullus</strong></span> <span class='ocrx_word' id='word_1_50' title='bbox 1248 1038 1300 1086; x_wconf 87' lang='lat' dir='ltr'><strong>ra·</strong></span> 
     </span>
     <span class='ocr_line' id='line_1_9' title="bbox 171 1125 1298 1217; baseline -0.004 -21"><span class='ocrx_word' id='word_1_51' title='bbox 171 1132 286 1217; x_wconf 86' lang='lat' dir='ltr'><strong>pinam</strong></span> <span class='ocrx_word' id='word_1_52' title='bbox 302 1149 361 1196; x_wconf 89' lang='lat' dir='ltr'><strong>seu</strong></span> <span class='ocrx_word' id='word_1_53' title='bbox 377 1129 499 1196; x_wconf 83' lang='lat' dir='ltr'><strong>lurtum</strong></span> <span class='ocrx_word' id='word_1_54' title='bbox 523 1127 644 1216; x_wconf 84' lang='lat' dir='ltr'><strong>facere,</strong></span> <span class='ocrx_word' id='word_1_55' title='bbox 668 1127 776 1212; x_wconf 84' lang='lat' dir='ltr'><strong>ignem</strong></span> <span class='ocrx_word' id='word_1_56' title='bbox 802 1146 984 1215; x_wconf 86' lang='lat' dir='ltr'><strong>apponere,</strong></span> <span class='ocrx_word' id='word_1_57' title='bbox 1007 1127 1200 1212; x_wconf 86' lang='lat' dir='ltr'><strong>sanguinem</strong></span> <span class='ocrx_word' id='word_1_58' title='bbox 1225 1125 1298 1194; x_wconf 88' lang='lat' dir='ltr'><strong>iun-</strong></span> 
     </span>
     <span class='ocr_line' id='line_1_10' title="bbox 170 1233 1300 1324; baseline -0.004 -19"><span class='ocrx_word' id='word_1_59' title='bbox 170 1239 259 1324; x_wconf 87' lang='lat' dir='ltr'><strong>dere,</strong></span> <span class='ocrx_word' id='word_1_60' title='bbox 286 1237 448 1304; x_wconf 88' lang='lat' dir='ltr'><strong>hominem</strong></span> <span class='ocrx_word' id='word_1_61' title='bbox 482 1273 520 1284; x_wconf 92' lang='lat'>-</span> <span class='ocrx_word' id='word_1_62' title='bbox 545 1274 582 1283; x_wconf 96' lang='lat'><strong>—</strong></span> <span class='ocrx_word' id='word_1_63' title='bbox 605 1273 640 1284; x_wconf 89' lang='lat'><em>-</em></span> <span class='ocrx_word' id='word_1_64' title='bbox 661 1271 704 1284; x_wconf 91' lang='lat'>-</span> <span class='ocrx_word' id='word_1_65' title='bbox 730 1236 783 1303; x_wconf 88' lang='lat' dir='ltr'><strong>uel</strong></span> <span class='ocrx_word' id='word_1_66' title='bbox 808 1235 997 1321; x_wconf 86' lang='lat' dir='ltr'><strong>interficere,</strong></span> <span class='ocrx_word' id='word_1_67' title='bbox 1029 1255 1086 1304; x_wconf 89' lang='lat' dir='ltr'><strong>seu</strong></span> <span class='ocrx_word' id='word_1_68' title='bbox 1111 1233 1300 1302; x_wconf 89' lang='lat' dir='ltr'><strong>uiolentiam</strong></span> 
     </span>
     <span class='ocr_line' id='line_1_11' title="bbox 171 1332 1301 1416; baseline -0.004 -2"><span class='ocrx_word' id='word_1_69' title='bbox 171 1345 293 1416; x_wconf 84' lang='lat' dir='ltr'><strong>audeat</strong></span> <span class='ocrx_word' id='word_1_70' title='bbox 318 1366 482 1414; x_wconf 87' lang='lat' dir='ltr'><strong>exercere.</strong></span> <span class='ocrx_word' id='word_1_71' title='bbox 506 1347 660 1414; x_wconf 90' lang='lat' dir='ltr'><strong>Preterea</strong></span> <span class='ocrx_word' id='word_1_72' title='bbox 684 1364 796 1413; x_wconf 89' lang='lat' dir='ltr'><strong>omnes</strong></span> <span class='ocrx_word' id='word_1_73' title='bbox 821 1345 990 1414; x_wconf 81' lang='lat' dir='ltr'><strong>libertates</strong></span> <span class='ocrx_word' id='word_1_74' title='bbox 1019 1352 1053 1412; x_wconf 89' lang='lat' dir='ltr'><strong>et</strong></span> <span class='ocrx_word' id='word_1_75' title='bbox 1083 1332 1301 1412; x_wconf 78' lang='lat' dir='ltr'><strong>immunitates</strong></span> 
     </span>
     <span class='ocr_line' id='line_1_12' title="bbox 170 1449 1300 1541; baseline -0.002 -22"><span class='ocrx_word' id='word_1_76' title='bbox 170 1453 502 1541; x_wconf 85' lang='lat' dir='ltr'><strong>apredecesson&#39;bns</strong></span> <span class='ocrx_word' id='word_1_77' title='bbox 533 1453 654 1520; x_wconf 91' lang='lat' dir='ltr'><strong>nostris</strong></span> <span class='ocrx_word' id='word_1_78' title='bbox 679 1449 835 1520; x_wconf 86' lang='lat' dir='ltr'><strong>Romanis</strong></span> <span class='ocrx_word' id='word_1_79' title='bbox 865 1449 1076 1521; x_wconf 89' lang='lat' dir='ltr'><strong>Pontificibus</strong></span> <span class='ocrx_word' id='word_1_80' title='bbox 1106 1451 1300 1520; x_wconf 89' lang='lat' dir='ltr'><strong>Monasterio</strong></span> 
     </span>
     <span class='ocr_line' id='line_1_13' title="bbox 170 1560 1299 1647; baseline -0.002 -19"><span class='ocrx_word' id='word_1_81' title='bbox 170 1567 281 1628; x_wconf 89' lang='lat' dir='ltr'><strong>uestro</strong></span> <span class='ocrx_word' id='word_1_82' title='bbox 297 1581 489 1647; x_wconf 86' lang='lat' dir='ltr'><strong>concessas;</strong></span> <span class='ocrx_word' id='word_1_83' title='bbox 512 1581 573 1628; x_wconf 91' lang='lat' dir='ltr'><strong>nec</strong></span> <span class='ocrx_word' id='word_1_84' title='bbox 597 1581 663 1628; x_wconf 89' lang='lat' dir='ltr'><strong>non</strong></span> <span class='ocrx_word' id='word_1_85' title='bbox 687 1560 859 1628; x_wconf 86' lang='lat' dir='ltr'><strong>libertates</strong></span> <span class='ocrx_word' id='word_1_86' title='bbox 883 1566 916 1628; x_wconf 90' lang='lat' dir='ltr'><strong>et</strong></span> <span class='ocrx_word' id='word_1_87' title='bbox 933 1561 1154 1646; x_wconf 79' lang='lat' dir='ltr'><strong>exemptiones</strong></span> <span class='ocrx_word' id='word_1_88' title='bbox 1175 1562 1299 1628; x_wconf 88' lang='lat' dir='ltr'><strong>secula-</strong></span> 
     </span>
     <span class='ocr_line' id='line_1_14' title="bbox 170 1667 1301 1755; baseline -0.001 -20"><span class='ocrx_word' id='word_1_89' title='bbox 170 1669 255 1736; x_wconf 91' lang='lat' dir='ltr'><strong>rium</strong></span> <span class='ocrx_word' id='word_1_90' title='bbox 272 1669 478 1738; x_wconf 86' lang='lat' dir='ltr'><strong>exactionum</strong></span> <span class='ocrx_word' id='word_1_91' title='bbox 494 1691 516 1738; x_wconf 89' lang='lat' dir='ltr'><strong>a</strong></span> <span class='ocrx_word' id='word_1_92' title='bbox 533 1669 675 1754; x_wconf 81' lang='lat' dir='ltr'><strong>Regibus</strong></span> <span class='ocrx_word' id='word_1_93' title='bbox 695 1673 727 1736; x_wconf 92' lang='lat' dir='ltr'><strong>et</strong></span> <span class='ocrx_word' id='word_1_94' title='bbox 744 1667 949 1755; x_wconf 86' lang='lat' dir='ltr'><strong>Principibus</strong></span> <span class='ocrx_word' id='word_1_95' title='bbox 973 1668 1025 1736; x_wconf 90' lang='lat' dir='ltr'><strong>uel</strong></span> <span class='ocrx_word' id='word_1_96' title='bbox 1051 1669 1127 1755; x_wconf 87' lang='lat' dir='ltr'><strong>alijs</strong></span> <span class='ocrx_word' id='word_1_97' title='bbox 1152 1667 1301 1735; x_wconf 89' lang='lat' dir='ltr'><strong>fidelibus</strong></span> 
     </span>
     <span class='ocr_line' id='line_1_15' title="bbox 172 1775 1301 1863; baseline -0.002 -19"><span class='ocrx_word' id='word_1_98' title='bbox 172 1777 413 1846; x_wconf 86' lang='lat' dir='ltr'><strong>rationabiliter</strong></span> <span class='ocrx_word' id='word_1_99' title='bbox 427 1778 520 1846; x_wconf 91' lang='lat' dir='ltr'><strong>uobis</strong></span> <span class='ocrx_word' id='word_1_100' title='bbox 538 1777 693 1863; x_wconf 86' lang='lat' dir='ltr'><strong>indultas,</strong></span> <span class='ocrx_word' id='word_1_101' title='bbox 720 1776 914 1844; x_wconf 85' lang='lat' dir='ltr'><strong>auctoritate</strong></span> <span class='ocrx_word' id='word_1_102' title='bbox 930 1775 1118 1860; x_wconf 84' lang='lat' dir='ltr'><strong>Apostoliea</strong></span> <span class='ocrx_word' id='word_1_103' title='bbox 1135 1776 1301 1843; x_wconf 88' lang='lat' dir='ltr'><strong>confirma-</strong></span> 
     </span>
     <span class='ocr_line' id='line_1_16' title="bbox 172 1883 1302 1970; baseline 0 -20"><span class='ocrx_word' id='word_1_104' title='bbox 172 1905 245 1954; x_wconf 88' lang='lat' dir='ltr'><strong>mus</strong></span> <span class='ocrx_word' id='word_1_105' title='bbox 263 1890 296 1952; x_wconf 88' lang='lat' dir='ltr'><strong>et</strong></span> <span class='ocrx_word' id='word_1_106' title='bbox 311 1887 473 1970; x_wconf 89' lang='lat' dir='ltr'><strong>presentis</strong></span> <span class='ocrx_word' id='word_1_107' title='bbox 500 1884 612 1970; x_wconf 90' lang='lat' dir='ltr'><strong>scripti</strong></span> <span class='ocrx_word' id='word_1_108' title='bbox 629 1883 803 1969; x_wconf 89' lang='lat' dir='ltr'><strong>priuilegio</strong></span> <span class='ocrx_word' id='word_1_109' title='bbox 820 1884 1063 1950; x_wconf 88' lang='lat' dir='ltr'><strong>communimus.</strong></span> <span class='ocrx_word' id='word_1_110' title='bbox 1088 1883 1302 1952; x_wconf 90' lang='lat' dir='ltr'><strong>Deceruimus</strong></span> 
     </span>
     <span class='ocr_line' id='line_1_17' title="bbox 172 1990 1302 2078; baseline -0.004 -18"><span class='ocrx_word' id='word_1_111' title='bbox 172 2011 262 2077; x_wconf 89' lang='lat' dir='ltr'><strong>ergo,</strong></span> <span class='ocrx_word' id='word_1_112' title='bbox 282 1999 318 2060; x_wconf 92' lang='lat' dir='ltr'><strong>ut</strong></span> <span class='ocrx_word' id='word_1_113' title='bbox 333 1991 416 2058; x_wconf 88' lang='lat' dir='ltr'><strong>nulli</strong></span> <span class='ocrx_word' id='word_1_114' title='bbox 432 1991 561 2060; x_wconf 91' lang='lat' dir='ltr'><strong>omniuo</strong></span> <span class='ocrx_word' id='word_1_115' title='bbox 577 1991 742 2058; x_wconf 92' lang='lat' dir='ltr'><strong>bominum</strong></span> <span class='ocrx_word' id='word_1_116' title='bbox 758 1990 859 2059; x_wconf 88' lang='lat' dir='ltr'><strong>liceat</strong></span> <span class='ocrx_word' id='word_1_117' title='bbox 882 1990 1044 2078; x_wconf 84' lang='lat' dir='ltr'><strong>prefatum</strong></span> <span class='ocrx_word' id='word_1_118' title='bbox 1070 1991 1302 2059; x_wconf 87' lang='lat' dir='ltr'><strong>Mouastcrium</strong></span> 
     </span>
     <span class='ocr_line' id='line_1_18' title="bbox 173 2099 1303 2186; baseline -0.002 -18"><span class='ocrx_word' id='word_1_119' title='bbox 173 2106 296 2168; x_wconf 88' lang='lat' dir='ltr'><strong>temere</strong></span> <span class='ocrx_word' id='word_1_120' title='bbox 312 2101 510 2186; x_wconf 89' lang='lat' dir='ltr'><strong>perturbare,</strong></span> <span class='ocrx_word' id='word_1_121' title='bbox 535 2108 592 2168; x_wconf 90' lang='lat' dir='ltr'><strong>aut</strong></span> <span class='ocrx_word' id='word_1_122' title='bbox 615 2101 684 2168; x_wconf 91' lang='lat' dir='ltr'><strong>eius</strong></span> <span class='ocrx_word' id='word_1_123' title='bbox 700 2099 924 2186; x_wconf 88' lang='lat' dir='ltr'><strong>possessiones</strong></span> <span class='ocrx_word' id='word_1_124' title='bbox 948 2099 1084 2186; x_wconf 80' lang='lat' dir='ltr'><strong>auferre,</strong></span> <span class='ocrx_word' id='word_1_125' title='bbox 1103 2099 1156 2166; x_wconf 89' lang='lat' dir='ltr'><strong>uel</strong></span> <span class='ocrx_word' id='word_1_126' title='bbox 1172 2099 1303 2166; x_wconf 86' lang='lat' dir='ltr'><strong>ablatas</strong></span> 
     </span>
     <span class='ocr_line' id='line_1_19' title="bbox 172 2205 1302 2296; baseline -0.001 -22"><span class='ocrx_word' id='word_1_127' title='bbox 172 2207 322 2294; x_wconf 89' lang='lat' dir='ltr'><strong>retinere,</strong></span> <span class='ocrx_word' id='word_1_128' title='bbox 347 2209 501 2296; x_wconf 90' lang='lat' dir='ltr'><strong>minuere,</strong></span> <span class='ocrx_word' id='word_1_129' title='bbox 518 2227 577 2276; x_wconf 91' lang='lat' dir='ltr'><strong>seu</strong></span> <span class='ocrx_word' id='word_1_130' title='bbox 594 2205 791 2293; x_wconf 85' lang='lat' dir='ltr'><strong>quibuslibet</strong></span> <span class='ocrx_word' id='word_1_131' title='bbox 809 2205 1057 2274; x_wconf 88' lang='lat' dir='ltr'><strong>uexactionibus</strong></span> <span class='ocrx_word' id='word_1_132' title='bbox 1075 2205 1226 2290; x_wconf 84' lang='lat' dir='ltr'><strong>fatigare,</strong></span> <span class='ocrx_word' id='word_1_133' title='bbox 1243 2205 1302 2274; x_wconf 84' lang='lat' dir='ltr'><strong>sed</strong></span> 
     </span>
     <span class='ocr_line' id='line_1_20' title="bbox 170 2314 1303 2402; baseline -0.003 -19"><span class='ocrx_word' id='word_1_134' title='bbox 170 2316 284 2384; x_wconf 85' lang='lat' dir='ltr'><strong>omnia</strong></span> <span class='ocrx_word' id='word_1_135' title='bbox 299 2316 426 2400; x_wconf 86' lang='lat' dir='ltr'><strong>integra</strong></span> <span class='ocrx_word' id='word_1_136' title='bbox 441 2322 667 2384; x_wconf 88' lang='lat' dir='ltr'><strong>conseruenter</strong></span> <span class='ocrx_word' id='word_1_137' title='bbox 686 2336 808 2402; x_wconf 87' lang='lat' dir='ltr'><strong>earum,</strong></span> <span class='ocrx_word' id='word_1_138' title='bbox 834 2336 894 2402; x_wconf 95' lang='lat' dir='ltr'><strong>pro</strong></span> <span class='ocrx_word' id='word_1_139' title='bbox 913 2335 1049 2398; x_wconf 89' lang='lat' dir='ltr'><strong>quarum</strong></span> <span class='ocrx_word' id='word_1_140' title='bbox 1067 2314 1303 2398; x_wconf 87' lang='lat' dir='ltr'><strong>gubernatione</strong></span> 
     </span>
     <span class='ocr_line' id='line_1_21' title="bbox 171 2420 1303 2511; baseline -0.004 -19"><span class='ocrx_word' id='word_1_141' title='bbox 171 2444 213 2492; x_wconf 81' lang='lat' dir='ltr'><strong>ae</strong></span> <span class='ocrx_word' id='word_1_142' title='bbox 230 2425 471 2493; x_wconf 88' lang='lat' dir='ltr'><strong>sustentatione</strong></span> <span class='ocrx_word' id='word_1_143' title='bbox 487 2443 641 2493; x_wconf 90' lang='lat' dir='ltr'><strong>concessa</strong></span> <span class='ocrx_word' id='word_1_144' title='bbox 657 2432 743 2511; x_wconf 92' lang='lat' dir='ltr'><strong>sunt,</strong></span> <span class='ocrx_word' id='word_1_145' title='bbox 764 2425 878 2492; x_wconf 89' lang='lat' dir='ltr'><strong>usibus</strong></span> <span class='ocrx_word' id='word_1_146' title='bbox 904 2421 1096 2491; x_wconf 89' lang='lat' dir='ltr'><strong>omnimodis</strong></span> <span class='ocrx_word' id='word_1_147' title='bbox 1116 2420 1303 2508; x_wconf 73' lang='lat' dir='ltr'><strong>profutura,</strong></span> 
     </span>
     <span class='ocr_line' id='line_1_22' title="bbox 169 2531 1304 2618; baseline -0.004 -18"><span class='ocrx_word' id='word_1_148' title='bbox 169 2533 271 2600; x_wconf 84' lang='lat' dir='ltr'><strong>salua</strong></span> <span class='ocrx_word' id='word_1_149' title='bbox 286 2532 380 2600; x_wconf 87' lang='lat' dir='ltr'><strong>Sedis</strong></span> <span class='ocrx_word' id='word_1_150' title='bbox 396 2533 583 2618; x_wconf 82' lang='lat' dir='ltr'><strong>Apostolicc</strong></span> <span class='ocrx_word' id='word_1_151' title='bbox 599 2533 794 2601; x_wconf 87' lang='lat' dir='ltr'><strong>auctoritate</strong></span> <span class='ocrx_word' id='word_1_152' title='bbox 811 2537 842 2601; x_wconf 90' lang='lat' dir='ltr'><strong>et</strong></span> <span class='ocrx_word' id='word_1_153' title='bbox 857 2533 1113 2600; x_wconf 89' lang='lat' dir='ltr'><strong>Diocesauorum</strong></span> <span class='ocrx_word' id='word_1_154' title='bbox 1128 2531 1304 2616; x_wconf 85' lang='lat' dir='ltr'><strong>Episcopo-</strong></span> 
     </span>
     <span class='ocr_line' id='line_1_23' title="bbox 169 2639 1303 2725; baseline -0.003 -17"><span class='ocrx_word' id='word_1_155' title='bbox 169 2661 242 2708; x_wconf 89' lang='lat' dir='ltr'><strong>rnm</strong></span> <span class='ocrx_word' id='word_1_156' title='bbox 260 2640 395 2708; x_wconf 88' lang='lat' dir='ltr'><strong>iustitia.</strong></span> <span class='ocrx_word' id='word_1_157' title='bbox 413 2640 523 2725; x_wconf 90' lang='lat' dir='ltr'><strong>Siqua</strong></span> <span class='ocrx_word' id='word_1_158' title='bbox 538 2640 638 2725; x_wconf 86' lang='lat' dir='ltr'><strong>igitur</strong></span> <span class='ocrx_word' id='word_1_159' title='bbox 653 2641 687 2708; x_wconf 91' lang='lat' dir='ltr'><strong>in</strong></span> <span class='ocrx_word' id='word_1_160' title='bbox 702 2639 845 2709; x_wconf 84' lang='lat' dir='ltr'><strong>futurum</strong></span> <span class='ocrx_word' id='word_1_161' title='bbox 861 2641 1087 2708; x_wconf 86' lang='lat' dir='ltr'><strong>ecclesiastica</strong></span> <span class='ocrx_word' id='word_1_162' title='bbox 1103 2639 1303 2708; x_wconf 87' lang='lat' dir='ltr'><strong>secularisue</strong></span> 
     </span>
     <span class='ocr_line' id='line_1_24' title="bbox 168 2747 1302 2835; baseline -0.004 -19"><span class='ocrx_word' id='word_1_163' title='bbox 168 2767 310 2835; x_wconf 85' lang='lat' dir='ltr'><strong>persona</strong></span> <span class='ocrx_word' id='word_1_164' title='bbox 326 2749 410 2816; x_wconf 89' lang='lat' dir='ltr'><strong>hanc</strong></span> <span class='ocrx_word' id='word_1_165' title='bbox 426 2756 537 2817; x_wconf 92' lang='lat' dir='ltr'><strong>nostre</strong></span> <span class='ocrx_word' id='word_1_166' title='bbox 554 2747 795 2815; x_wconf 88' lang='lat' dir='ltr'><strong>constitutionis</strong></span> <span class='ocrx_word' id='word_1_167' title='bbox 804 2747 959 2834; x_wconf 88' lang='lat' dir='ltr'><strong>paginam</strong></span> <span class='ocrx_word' id='word_1_168' title='bbox 975 2749 1083 2815; x_wconf 83' lang='lat' dir='ltr'><strong>sciens</strong></span> <span class='ocrx_word' id='word_1_169' title='bbox 1100 2753 1214 2815; x_wconf 85' lang='lat' dir='ltr'><strong>eontra</strong></span> <span class='ocrx_word' id='word_1_170' title='bbox 1230 2767 1302 2814; x_wconf 89' lang='lat' dir='ltr'><strong>earn</strong></span> 
     </span>
     <span class='ocr_line' id='line_1_25' title="bbox 170 2854 1301 2940; baseline 0.001 -19"><span class='ocrx_word' id='word_1_171' title='bbox 170 2862 295 2923; x_wconf 87' lang='lat' dir='ltr'><strong>temere</strong></span> <span class='ocrx_word' id='word_1_172' title='bbox 313 2856 425 2924; x_wconf 87' lang='lat' dir='ltr'><strong>uenire</strong></span> <span class='ocrx_word' id='word_1_173' title='bbox 441 2855 657 2940; x_wconf 84' lang='lat' dir='ltr'><strong>temptauerit,</strong></span> <span class='ocrx_word' id='word_1_174' title='bbox 682 2854 823 2922; x_wconf 86' lang='lat' dir='ltr'><strong>secundo</strong></span> <span class='ocrx_word' id='word_1_175' title='bbox 848 2857 988 2925; x_wconf 87' lang='lat' dir='ltr'><strong>tertioue</strong></span> <span class='ocrx_word' id='word_1_176' title='bbox 1008 2855 1212 2936; x_wconf 85' lang='lat' dir='ltr'><strong>commonita,</strong></span> <span class='ocrx_word' id='word_1_177' title='bbox 1238 2855 1301 2923; x_wconf 92' lang='lat' dir='ltr'><strong>nisi</strong></span> 
     </span>
     <span class='ocr_line' id='line_1_26' title="bbox 167 2963 1301 3051; baseline -0.003 -20"><span class='ocrx_word' id='word_1_178' title='bbox 167 2969 299 3031; x_wconf 88' lang='lat' dir='ltr'><strong>reatum</strong></span> <span class='ocrx_word' id='word_1_179' title='bbox 316 2984 408 3031; x_wconf 89' lang='lat' dir='ltr'><strong>suum</strong></span> <span class='ocrx_word' id='word_1_180' title='bbox 426 2985 569 3049; x_wconf 86' lang='lat' dir='ltr'><strong>congrua</strong></span> <span class='ocrx_word' id='word_1_181' title='bbox 584 2964 806 3033; x_wconf 83' lang='lat' dir='ltr'><strong>satisfactione</strong></span> <span class='ocrx_word' id='word_1_182' title='bbox 817 2963 1002 3049; x_wconf 86' lang='lat' dir='ltr'><strong>eorrexerit,</strong></span> <span class='ocrx_word' id='word_1_183' title='bbox 1020 2963 1301 3051; x_wconf 91' lang='lat' dir='ltr'><strong>potestatisbono-</strong></span> 
     </span>
     <span class='ocr_line' id='line_1_27' title="bbox 171 3071 1302 3159; baseline 0.002 -21"><span class='ocrx_word' id='word_1_184' title='bbox 171 3072 286 3154; x_wconf 85' lang='lat' dir='ltr'><strong>risque</strong></span> <span class='ocrx_word' id='word_1_185' title='bbox 301 3071 354 3140; x_wconf 84' lang='lat' dir='ltr'><strong>sui</strong></span> <span class='ocrx_word' id='word_1_186' title='bbox 368 3079 480 3140; x_wconf 89' lang='lat' dir='ltr'><strong>careat</strong></span> <span class='ocrx_word' id='word_1_187' title='bbox 496 3072 664 3159; x_wconf 88' lang='lat' dir='ltr'><strong>dignitate,</strong></span> <span class='ocrx_word' id='word_1_188' title='bbox 680 3091 832 3158; x_wconf 86' lang='lat' dir='ltr'><strong>reamque</strong></span> <span class='ocrx_word' id='word_1_189' title='bbox 848 3091 884 3140; x_wconf 88' lang='lat' dir='ltr'><strong>se</strong></span> <span class='ocrx_word' id='word_1_190' title='bbox 901 3071 1021 3139; x_wconf 90' lang='lat' dir='ltr'><strong>Diuino</strong></span> <span class='ocrx_word' id='word_1_191' title='bbox 1032 3071 1151 3140; x_wconf 89' lang='lat' dir='ltr'><strong>iudicio</strong></span> <span class='ocrx_word' id='word_1_192' title='bbox 1161 3074 1302 3140; x_wconf 86' lang='lat' dir='ltr'><strong>existere</strong></span> 
     </span>
     <span class='ocr_line' id='line_1_28' title="bbox 168 3169 1303 3266; baseline 0.004 -22"><span class='ocrx_word' id='word_1_193' title='bbox 168 3178 216 3246; x_wconf 87' lang='lat' dir='ltr'><strong>de</strong></span> <span class='ocrx_word' id='word_1_194' title='bbox 231 3185 420 3266; x_wconf 89' lang='lat' dir='ltr'><strong>perpetrata</strong></span> <span class='ocrx_word' id='word_1_195' title='bbox 434 3180 608 3265; x_wconf 90' lang='lat' dir='ltr'><strong>iniquitate</strong></span> <span class='ocrx_word' id='word_1_196' title='bbox 622 3187 806 3265; x_wconf 88' lang='lat' dir='ltr'><strong>eognoscat,</strong></span> <span class='ocrx_word' id='word_1_197' title='bbox 832 3201 871 3248; x_wconf 88' lang='lat' dir='ltr'><strong>ae</strong></span> <span class='ocrx_word' id='word_1_198' title='bbox 886 3169 907 3246; x_wconf 89' lang='lat' dir='ltr'><strong>a</strong></span> <span class='ocrx_word' id='word_1_199' title='bbox 923 3179 1154 3248; x_wconf 87' lang='lat' dir='ltr'><strong>Sacratissimo</strong></span> <span class='ocrx_word' id='word_1_200' title='bbox 1170 3200 1303 3266; x_wconf 86' lang='lat' dir='ltr'><strong>corpore</strong></span> 
     </span>
     <span class='ocr_line' id='line_1_29' title="bbox 169 3286 1302 3374; baseline -0.001 -21"><span class='ocrx_word' id='word_1_201' title='bbox 169 3295 206 3354; x_wconf 90' lang='lat' dir='ltr'><strong>et</strong></span> <span class='ocrx_word' id='word_1_202' title='bbox 221 3288 384 3372; x_wconf 91' lang='lat' dir='ltr'><strong>sanguine</strong></span> <span class='ocrx_word' id='word_1_203' title='bbox 409 3287 473 3356; x_wconf 90' lang='lat' dir='ltr'><strong>Dei</strong></span> <span class='ocrx_word' id='word_1_204' title='bbox 493 3293 526 3353; x_wconf 92' lang='lat' dir='ltr'><strong>et</strong></span> <span class='ocrx_word' id='word_1_205' title='bbox 540 3288 673 3356; x_wconf 91' lang='lat' dir='ltr'><strong>Domini</strong></span> <span class='ocrx_word' id='word_1_206' title='bbox 699 3287 925 3374; x_wconf 88' lang='lat' dir='ltr'><strong>Redemptoris</strong></span> <span class='ocrx_word' id='word_1_207' title='bbox 950 3287 1052 3354; x_wconf 91' lang='lat' dir='ltr'><strong>nostri</strong></span> <span class='ocrx_word' id='word_1_208' title='bbox 1077 3287 1156 3354; x_wconf 87' lang='lat' dir='ltr'><strong>Jesu</strong></span> <span class='ocrx_word' id='word_1_209' title='bbox 1182 3286 1302 3353; x_wconf 84' lang='lat' dir='ltr'><strong>Christi</strong></span> 
     </span>
     <span class='ocr_line' id='line_1_30' title="bbox 168 3392 1303 3478; baseline -0.002 -18"><span class='ocrx_word' id='word_1_210' title='bbox 168 3395 369 3478; x_wconf 86' lang='lat' dir='ltr'><strong>alienafiat,</strong></span> <span class='ocrx_word' id='word_1_211' title='bbox 387 3401 485 3478; x_wconf 84' lang='lat' dir='ltr'><strong>atquc</strong></span> <span class='ocrx_word' id='word_1_212' title='bbox 500 3393 535 3461; x_wconf 93' lang='lat' dir='ltr'><strong>in</strong></span> <span class='ocrx_word' id='word_1_213' title='bbox 551 3401 696 3462; x_wconf 87' lang='lat' dir='ltr'><strong>extremo</strong></span> <span class='ocrx_word' id='word_1_214' title='bbox 710 3395 862 3463; x_wconf 82' lang='lat' dir='ltr'><strong>examine</strong></span> <span class='ocrx_word' id='word_1_215' title='bbox 879 3393 1024 3462; x_wconf 88' lang='lat' dir='ltr'><strong>districte</strong></span> <span class='ocrx_word' id='word_1_216' title='bbox 1045 3392 1215 3462; x_wconf 86' lang='lat' dir='ltr'><strong>subiaceat</strong></span> <span class='ocrx_word' id='word_1_217' title='bbox 1230 3393 1303 3461; x_wconf 90' lang='lat' dir='ltr'><strong>ulti-</strong></span> 
     </span>
     <span class='ocr_line' id='line_1_31' title="bbox 168 3501 1303 3589; baseline -0.001 -18"><span class='ocrx_word' id='word_1_218' title='bbox 168 3505 246 3589; x_wconf 89' lang='lat' dir='ltr'><strong>oni;</strong></span> <span class='ocrx_word' id='word_1_219' title='bbox 272 3504 398 3570; x_wconf 84' lang='lat' dir='ltr'><strong>cunctis</strong></span> <span class='ocrx_word' id='word_1_220' title='bbox 414 3509 522 3570; x_wconf 87' lang='lat' dir='ltr'><strong>autem</strong></span> <span class='ocrx_word' id='word_1_221' title='bbox 540 3501 644 3569; x_wconf 85' lang='lat' dir='ltr'><strong>eidem</strong></span> <span class='ocrx_word' id='word_1_222' title='bbox 671 3502 742 3572; x_wconf 89' lang='lat' dir='ltr'><strong>loco</strong></span> <span class='ocrx_word' id='word_1_223' title='bbox 767 3522 829 3569; x_wconf 86' lang='lat' dir='ltr'><strong>sna</strong></span> <span class='ocrx_word' id='word_1_224' title='bbox 854 3503 928 3570; x_wconf 87' lang='lat' dir='ltr'><strong>iura</strong></span> <span class='ocrx_word' id='word_1_225' title='bbox 951 3502 1158 3571; x_wconf 87' lang='lat' dir='ltr'><strong>seruantibus</strong></span> <span class='ocrx_word' id='word_1_226' title='bbox 1178 3502 1221 3571; x_wconf 91' lang='lat' dir='ltr'><strong>sit</strong></span> <span class='ocrx_word' id='word_1_227' title='bbox 1235 3523 1303 3588; x_wconf 86' lang='lat' dir='ltr'><strong>pax</strong></span> 
     </span>
     <span class='ocr_line' id='line_1_32' title="bbox 166 3609 1303 3698; baseline -0.003 -20"><span class='ocrx_word' id='word_1_228' title='bbox 166 3612 307 3680; x_wconf 88' lang='lat' dir='ltr'><strong>Domini</strong></span> <span class='ocrx_word' id='word_1_229' title='bbox 324 3611 428 3679; x_wconf 85' lang='lat' dir='ltr'><strong>nostri</strong></span> <span class='ocrx_word' id='word_1_230' title='bbox 443 3612 521 3680; x_wconf 88' lang='lat' dir='ltr'><strong>Jesu</strong></span> <span class='ocrx_word' id='word_1_231' title='bbox 538 3609 667 3698; x_wconf 83' lang='lat' dir='ltr'><strong>Christi,</strong></span> <span class='ocrx_word' id='word_1_232' title='bbox 685 3617 846 3695; x_wconf 82' lang='lat' dir='ltr'><strong>quatenus</strong></span> <span class='ocrx_word' id='word_1_233' title='bbox 863 3618 895 3678; x_wconf 92' lang='lat' dir='ltr'><strong>et</strong></span> <span class='ocrx_word' id='word_1_234' title='bbox 910 3611 964 3678; x_wconf 89' lang='lat' dir='ltr'><strong>hie</strong></span> <span class='ocrx_word' id='word_1_235' title='bbox 984 3609 1303 3680; x_wconf 85' lang='lat' dir='ltr'><strong>sructumbcneacti-</strong></span> 
     </span>
     <span class='ocr_line' id='line_1_33' title="bbox 166 3717 1303 3810; baseline -0.001 -23"><span class='ocrx_word' id='word_1_236' title='bbox 166 3717 246 3787; x_wconf 78' lang='lat' dir='ltr'><strong>onis&#39;</strong></span> <span class='ocrx_word' id='word_1_237' title='bbox 259 3717 450 3805; x_wconf 85' lang='lat' dir='ltr'><strong>percipiant,</strong></span> <span class='ocrx_word' id='word_1_238' title='bbox 483 3725 515 3786; x_wconf 89' lang='lat' dir='ltr'><strong>et</strong></span> <span class='ocrx_word' id='word_1_239' title='bbox 544 3719 632 3803; x_wconf 85' lang='lat' dir='ltr'><strong>apud</strong></span> <span class='ocrx_word' id='word_1_240' title='bbox 665 3718 847 3786; x_wconf 86' lang='lat' dir='ltr'><strong>districtum</strong></span> <span class='ocrx_word' id='word_1_241' title='bbox 873 3719 1013 3810; x_wconf 81' lang='lat' dir='ltr'><strong>iudicem</strong></span> <span class='ocrx_word' id='word_1_242' title='bbox 1038 3718 1163 3806; x_wconf 87' lang='lat' dir='ltr'><strong>premia</strong></span> <span class='ocrx_word' id='word_1_243' title='bbox 1193 3725 1303 3786; x_wconf 88' lang='lat' dir='ltr'><strong>eterne</strong></span> 
     </span>
     <span class='ocr_line' id='line_1_34' title="bbox 165 3825 840 3916; baseline -0.001 -22"><span class='ocrx_word' id='word_1_244' title='bbox 165 3827 262 3916; x_wconf 87' lang='lat' dir='ltr'><strong>pacis</strong></span> <span class='ocrx_word' id='word_1_245' title='bbox 278 3825 461 3894; x_wconf 88' lang='lat' dir='ltr'><strong>inueniant.</strong></span> <span class='ocrx_word' id='word_1_246' title='bbox 485 3827 589 3894; x_wconf 81' lang='lat' dir='ltr'><strong>Amen</strong></span> <span class='ocrx_word' id='word_1_247' title='bbox 604 3825 708 3893; x_wconf 84' lang='lat' dir='ltr'><strong>Amen</strong></span> <span class='ocrx_word' id='word_1_248' title='bbox 725 3829 840 3893; x_wconf 87' lang='lat' dir='ltr'><strong>Amen.</strong></span> 
     </span>
    </p>
   </div>
   <div class='ocr_carea' id='block_1_4' title="bbox 619 3985 902 4113">
    <p class='ocr_par' dir='ltr' id='par_1_4' title="bbox 619 3985 902 4113">
     <span class='ocr_line' id='line_1_35' title="bbox 619 3985 902 4113; baseline 0.007 -5"><span class='ocrx_word' id='word_1_249' title='bbox 619 4022 862 4113; x_wconf 72' lang='lat' dir='ltr'><strong>(Pupatjepp.)</strong></span> <span class='ocrx_word' id='word_1_250' title='bbox 900 3985 902 3988; x_wconf 25' lang='grc'>’</span> 
     </span>
    </p>
   </div>
   <div class='ocr_carea' id='block_1_5' title="bbox 221 4238 1304 4648">
    <p class='ocr_par' dir='ltr' id='par_1_5' title="bbox 221 4238 1304 4648">
     <span class='ocr_line' id='line_1_36' title="bbox 324 4238 1218 4324; baseline 0 -18"><span class='ocrx_word' id='word_1_251' title='bbox 324 4239 392 4324; x_wconf 88' lang='lat' dir='ltr'><strong>Ego</strong></span> <span class='ocrx_word' id='word_1_252' title='bbox 407 4239 615 4308; x_wconf 77' lang='lat' dir='ltr'><strong>Innocentius</strong></span> <span class='ocrx_word' id='word_1_253' title='bbox 632 4239 802 4309; x_wconf 81' lang='lat' dir='ltr'><strong>catholico</strong></span> <span class='ocrx_word' id='word_1_254' title='bbox 817 4238 964 4310; x_wconf 83' lang='lat' dir='ltr'><strong>Ecclesia</strong></span> <span class='ocrx_word' id='word_1_255' title='bbox 980 4238 1159 4324; x_wconf 81' lang='lat' dir='ltr'><strong>Episcopus</strong></span> <span class='ocrx_word' id='word_1_256' title='bbox 1176 4259 1218 4306; x_wconf 88' lang='lat' dir='ltr'><strong>ss.</strong></span> 
     </span>
     <span class='ocr_line' id='line_1_37' title="bbox 221 4347 1006 4436; baseline 0.004 -24"><span class='ocrx_word' id='word_1_257' title='bbox 221 4393 226 4404; x_wconf 84' lang='lat'><em>.</em></span> <span class='ocrx_word' id='word_1_258' title='bbox 284 4348 308 4421; x_wconf 85' lang='lat'>†</span> <span class='ocrx_word' id='word_1_259' title='bbox 327 4347 396 4430; x_wconf 86' lang='lat' dir='ltr'><strong>Ego</strong></span> <span class='ocrx_word' id='word_1_260' title='bbox 412 4347 528 4414; x_wconf 87' lang='lat' dir='ltr'><strong>Petrus</strong></span> <span class='ocrx_word' id='word_1_261' title='bbox 545 4348 749 4416; x_wconf 82' lang='lat' dir='ltr'><strong>Tusculanus</strong></span> <span class='ocrx_word' id='word_1_262' title='bbox 765 4347 945 4436; x_wconf 81' lang='lat' dir='ltr'><strong>Episcopus</strong></span> <span class='ocrx_word' id='word_1_263' title='bbox 962 4367 1006 4415; x_wconf 89' lang='lat' dir='ltr'><strong>ss.</strong></span> 
     </span>
     <span class='ocr_line' id='line_1_38' title="bbox 282 4451 1142 4542; baseline -0.001 -23"><span class='ocrx_word' id='word_1_264' title='bbox 282 4453 307 4528; x_wconf 88' lang='lat'>†</span> <span class='ocrx_word' id='word_1_265' title='bbox 323 4454 397 4538; x_wconf 86' lang='lat' dir='ltr'><strong>Ego</strong></span> <span class='ocrx_word' id='word_1_266' title='bbox 412 4451 641 4522; x_wconf 84' lang='lat' dir='ltr'><strong>vicedominos</strong></span> <span class='ocrx_word' id='word_1_267' title='bbox 657 4456 883 4524; x_wconf 88' lang='lat' dir='ltr'><strong>Prenestensis</strong></span> <span class='ocrx_word' id='word_1_268' title='bbox 903 4455 1084 4542; x_wconf 86' lang='lat' dir='ltr'><strong>Episcopus</strong></span> <span class='ocrx_word' id='word_1_269' title='bbox 1101 4473 1142 4520; x_wconf 90' lang='lat' dir='ltr'><strong>ss.</strong></span> 
     </span>
     <span class='ocr_line' id='line_1_39' title="bbox 223 4559 1304 4648; baseline 0.001 -20"><span class='ocrx_word' id='word_1_270' title='bbox 223 4623 226 4628; x_wconf 79' lang='grc'>,</span> <span class='ocrx_word' id='word_1_271' title='bbox 283 4559 396 4646; x_wconf 84' lang='lat' dir='ltr'><strong>†Ego</strong></span> <span class='ocrx_word' id='word_1_272' title='bbox 412 4560 534 4648; x_wconf 84' lang='lat' dir='ltr'><strong>Symon</strong></span> <span class='ocrx_word' id='word_1_273' title='bbox 550 4563 602 4630; x_wconf 89' lang='lat' dir='ltr'><strong>tit.</strong></span> <span class='ocrx_word' id='word_1_274' title='bbox 621 4562 733 4632; x_wconf 85' lang='lat' dir='ltr'><strong>Sancti</strong></span> <span class='ocrx_word' id='word_1_275' title='bbox 758 4601 796 4610; x_wconf 91' lang='lat'>—</span> <span class='ocrx_word' id='word_1_276' title='bbox 820 4599 857 4611; x_wconf 90' lang='lat'>—</span> <span class='ocrx_word' id='word_1_277' title='bbox 876 4561 1043 4632; x_wconf 87' lang='lat' dir='ltr'><strong>Presbiter</strong></span> <span class='ocrx_word' id='word_1_278' title='bbox 1059 4559 1246 4630; x_wconf 83' lang='lat' dir='ltr'><strong>Cardinalis</strong></span> <span class='ocrx_word' id='word_1_279' title='bbox 1263 4581 1304 4630; x_wconf 89' lang='lat' dir='ltr'><strong>ss.</strong></span> 
     </span>
    </p>
   </div>
   <div class='ocr_carea' id='block_1_6' title="bbox 0 0 1574 5150">
    <p class='ocr_par' dir='ltr' id='par_1_6' title="bbox 0 0 1574 5150">
     <span class='ocr_line' id='line_1_40' title="bbox 0 0 1574 5150; baseline 0 0"><span class='ocrx_word' id='word_1_280' title='bbox 0 0 1574 5150; x_wconf 95' lang='lat' dir='ltr'><strong> </strong></span> 
     </span>
    </p>
   </div>
  </div>
 </body>
</html>
