3146 5166
619 337 779 440 Q

137 535 272 604 Oomitis
287 533 470 618 Michaelis,
486 534 545 620 filij
563 534 658 621 Vbul,
675 534 887 602 Patronatum
902 531 1090 618 Monasten'j
1107 531 1148 600 de
1164 529 1270 618 Lelos,

133 663 230 728 quem
245 646 346 730 Boxa,
363 643 519 730 Thomas,
534 643 724 731 Dyonisius,
740 642 901 727 Detrieus,
918 642 1080 726 Georgius
1095 647 1127 709 et
1144 641 1270 729 Symon

135 751 195 836 filij
213 751 365 837 Symonis
382 770 422 818 ex
437 755 551 818 nostre
571 749 754 818 collacione
768 748 1124 836 possedissediountur‚
1134 753 1266 834 propter

136 857 327 926 manifestos
343 864 376 924 et
391 857 534 924 notorios
550 875 702 925 excessus
718 855 857 924 filiorum
881 855 1026 924 eiusdem
1053 854 1216 943 Symonis,
1233 861 1265 922 et
1324 871 1330 882 ¹

136 964 286 1032 aLaehlr
314 971 346 1030 et
369 963 487 1032 Donoh
511 963 591 1048 filijs
618 965 722 1050 ipsius
748 965 871 1034 Thome
896 963 1084 1050 auterendo,
1110 961 1268 1049 predietis

137 1071 301 1158 Stephano
319 1078 351 1138 et
365 1073 471 1139 Panlo
487 1071 655 1155 Magistris
671 1071 818 1140 dedimus
834 1079 867 1140 et
883 1071 1076 1158 contulimus
1094 1091 1135 1138 ex
1151 1076 1265 1137 nostra

138 1179 251 1263 gracia
266 1177 423 1263 speciali3
439 1177 590 1245 fidelitati
604 1187 712 1247 uestre
738 1180 871 1247 firmiter
895 1179 1104 1266 precipiendo
1130 1176 1264 1245 manda·

138 1305 222 1372 mus,
238 1292 399 1369 quatenus
415 1287 546 1353 eosdem
562 1287 765 1372 Stephanum
781 1293 814 1356 et
830 1289 968 1356 Paulum
995 1287 1182 1372 Magistros,
1207 1291 1265 1353 out

143 1391 305 1459 hominem
337 1393 483 1478 ipsorum
495 1447 504 1480 ,
528 1401 715 1461 reuerenter
733 1401 899 1479 tamquam
925 1401 1071 1463 nostram
1096 1413 1270 1482 personam

144 1498 322 1586 reeipiutis,
339 1502 452 1568 omnia
467 1502 551 1590 iura,
568 1503 711 1570 seruicia
727 1509 759 1570 et
775 1502 887 1570 dehita¹
905 1509 1060 1570 consueta
1079 1501 1183 1568 eidem
1207 1500 1275 1588 ple·

139 1606 234 1674 narie
248 1609 481 1699 ministrantes,
497 1616 528 1678 et
544 1611 635 1678 aluid
650 1611 837 1678 nullatenus
853 1611 963 1678 leoere
978 1610 1143 1690 audeatis,
1155 1615 1268 1676 nostra

138 1717 371 1800 indignacione
386 1719 531 1808 grauiter
547 1721 728 1786 sancientes
757 1719 922 1787 interesse.
938 1721 1060 1786 Datum
1088 1719 1121 1784 in
1145 1719 1270 1786 Karan-

139 1824 236 1893 sebes
252 1825 390 1894 sabbato
406 1826 554 1910 proximo
570 1834 647 1894 ante
664 1825 782 1894 lestum
810 1827 1041 1913 Apostolorum
1066 1825 1210 1912 Philippi
1237 1833 1271 1893 et

141 1932 268 2000 Jaeobi.

141 2127 281 2196 (Eaedetie
306 2128 483 2198 btirhdrtydm
497 2147 515 2183 a
539 2129 616 2184 hdtul
629 2133 682 2185 oda
706 2139 829 2199 nyomott
857 2130 950 2200 peesdt
977 2133 1153 2198 elvesrett;a
1179 2149 1273 2186 nemea

500 2219 603 2287 Killay
615 2218 706 2274 esalid
721 2217 930 2288 leutitiriban.)

597 2507 809 2522 μ--ι-

677 3026 753 3097 411.

145 3220 165 3286 1
172 3222 210 3288 V.
226 3222 346 3290 Maelo
360 3223 537 3312 kirdlyuak
551 3249 573 3290 α
589 3229 799 3313 naqyoriradi
815 3229 1038 3315 kriptalunltoz
1053 3232 1189 3317 tnetzett,
1206 3231 1275 3298 toth

145 3329 341 3396 tieaooidelei
348 3334 500 3419 jo'eza‘pot
524 3333 681 3419 tdrpyazd
701 3337 843 3402 iktatdei
854 3358 1020 3420 paromoen
1034 3337 1147 3406 Intacta
1162 3341 1194 3406 da
1213 3337 1276 3405 ΡΜ

275 3437 429 3520 temeret,
445 3439 574 3526 Miludly
588 3462 686 3507 cornea
694 3443 762 3526 fiai
774 3447 934 3510 eadmero.
950 3422 1130 3513 Iioue'lleitl.

256 3631 434 3702 Ladielaus
449 3636 511 3704 Dei
526 3637 640 3722 grauia
654 3639 725 3705 Rex
739 3637 908 3722 Hungarie
932 3637 1079 3708 fidelibus
1095 3640 1163 3712 suis
1179 3640 1276 3729 (lapi-

147 3737 217 3804 tulo
231 3740 445 3832 waradiensi
476 3745 614 3812 salutem
645 3752 679 3812 et
709 3745 866 3830 graelum.
898 3745 1083 3830 Stephanus
1107 3756 1140 3816 et
1155 3751 1277 3820 Paulus

146 3845 297 3929 Magistri
313 3847 371 3938 lilij
390 3847 524 3918 Comitis
539 3849 721 3938 llyohaelis
744 3851 852 3921 fidelis
877 3855 979 3921 nostri
995 3854 1156 3938 quasdam
1171 3863 1277 3926 terras
1373 3847 1382 3854 ”

149 3953 257 4038 June,
272 3953 332 4040 filij
348 3956 454 4041 June,
470 3957 565 4026 Abod
580 3959 672 4027 iuxta
689 3960 827 4046 'rpeiam
842 3967 876 4028 et
889 3960 994 4029 Zokol
1009 3961 1042 4027 in
1058 3961 1219 4032 comitatu
1235 3965 1278 4032 de

145 4058 293 4127 Zoboloh
310 4061 505 4133 existentem
529 4063 635 4154 (ἰωῆς
666 4067 744 4134 item
761 4067 919 4154 Stephani
949 4067 1008 4155 filij
1027 4069 1149 4138 Lewlra
1166 4070 1278 4139 Bwsal

147 4173 179 4233 et
196 4165 273 4252 Oylr
288 4177 443 4258 voeatas3
460 4173 538 4239 item
569 4182 689 4242 terram
705 4175 852 4261 Faroasij
878 4175 1040 4245 Komeehe
1055 4177 1276 4263 nominatam

147 4293 189 4340 ae
204 4281 325 4343 terram
342 4279 461 4347 Fwdor
476 4279 560 4348 Jeke
575 4283 797 4372 appellatam,
829 4284 901 4352 eine
917 4285 1071 4352 heredum
1086 4285 1209 4354 soleoio
1225 4285 1278 4354 de·

148 4379 348 4470 eedeneinm,
364 4385 407 4452 ad
423 4395 553 4454 naahas
568 4407 686 4458 manus
701 4389 825 4474 Regias
840 4391 882 4460 de
896 4393 1000 4461 nostri
1016 4391 1121 4476 Regni
1136 4391 1179 4460 ab
1195 4392 1277 4460 anti·

148 4507 215 4574 quo
231 4491 464 4561 consuetudine
479 4494 563 4564 iuste
579 4503 613 4565 et
627 4497 775 4582 legitime
790 4497 971 4586 deuolutas,
986 4523 1008 4568 a
1022 4500 1117 4570 nobis
1132 4500 1196 4569 sibi
1206 4499 1279 4569 dari

152 4597 370 4685 postulamnt.
386 4599 451 4670 Sed
466 4601 602 4689 quiade
617 4605 779 4690 qualitate
797 4613 831 4676 et
845 4609 1029 4693 quantitate
1044 4608 1203 4680 diotarum
1219 4599 1280 4678 ter·
