3118 5158
763 293 923 408 —ap—

275 494 486 590 misissemus,
510 501 754 589 prenominatus
780 505 934 592 Magister
959 507 1126 592 Nyoolaus
1151 526 1216 576 vna
1237 523 1310 576 cum
1334 521 1402 594 prc-

275 614 362 682 dicto
378 611 480 678 fratre
496 631 554 679 sno
571 613 605 678 in
621 612 765 680 medium
784 615 925 682 acierum
945 616 986 683 de
1002 615 1073 702 ipso
1089 623 1196 684 castro
1213 617 1401 686 exeunciam

272 722 411 807 irruens,
435 729 500 790 tres
524 723 718 790 Teutonicos
744 743 817 790 eum
842 725 959 791 lancea
977 725 1204 793 miserabiliter
1228 725 1399 812 interemit,

273 838 306 900 et
320 831 484 917 quendam
499 829 690 915 Hungarum
717 831 757 898 de
774 832 892 899 nostris
918 833 1102 902 hominibus
1127 841 1258 922 captum
1283 835 1398 903 libera-

272 940 329 1026 ait,
354 939 410 1008 ubi
435 960 563 1008 summa
578 939 747 1008 fidelitatis
772 961 829 1009 sue
845 961 945 1026 opera
970 943 1186 1029 probabiliter
1211 946 1356 1013 exercuit
1370 953 1399 1011 et

270 1051 439 1136 impendit.
471 1050 552 1116 Item
570 1069 642 1116 oum
668 1049 832 1136 predictus
849 1051 1040 1120 Boemorum
1056 1054 1124 1122 Ber
1143 1051 1289 1120 ualidum
1308 1073 1396 1121 exer·

270 1160 370 1226 citum
396 1179 489 1226 suum
517 1158 560 1226 ad
588 1159 839 1245 expugnandum
869 1165 901 1227 et
926 1161 1151 1246 occupandum
1176 1168 1319 1230 castrum
1344 1179 1397 1228 no·

269 1274 374 1336 strum
397 1268 520 1336 Detreh
545 1269 692 1336 uocatum
724 1268 940 1354 destinasset,
965 1275 998 1336 et
1022 1291 1082 1337 nos
1108 1269 1151 1336 ad
1176 1269 1395 1338 defensionem

267 1375 371 1462 ipsius
396 1379 495 1444 castri
520 1376 622 1444 nostri
647 1375 809 1460 prefatum
834 1377 1026 1462 Magistrum
1042 1378 1233 1446 Joachinnm
1258 1383 1292 1444 et
1315 1377 1394 1444 alios

265 1483 379 1552 fideles
395 1486 538 1553 Berones
566 1491 695 1553 nostros
711 1485 921 1569 misissemus,
947 1485 1025 1551 dieti
1050 1485 1227 1552 Ladialaus
1243 1491 1275 1552 et
1290 1485 1393 1568 Nyao·

265 1595 338 1660 laus
362 1592 406 1658 ad
421 1593 640 1660 inchoandum
667 1594 789 1662 bellum
814 1615 887 1660 oum
912 1595 1055 1662 exercitu
1080 1595 1183 1680 ipsius
1202 1593 1299 1676 Regis
1315 1593 1393 1658 Boe·

265 1721 399 1786 morum,
424 1702 480 1785 qui
500 1701 605 1788 ipsum
629 1711 769 1769 castrum
796 1703 968 1770 obsidebat
993 1709 1025 1768 et
1050 1701 1269 1788 expugnabat,
1294 1705 1391 1765 trans-

264 1810 355 1877 missi
383 1816 495 1876 contra
520 1811 651 1877 eosdem
671 1811 865 1878 Teutonicos
891 1809 1098 1878 laudabiliter
1123 1808 1328 1875 dimicarunt.
1351 1807 1392 1872 Bt

263 1917 349 1984 idem
364 1917 541 1986 Ladialaus
557 1920 720 2002 quendam
747 1919 883 1987 militem
897 1917 1097 2003 Teutonium,
1117 1916 1390 2000 consanguineum

264 2024 417 2096 videlicet
432 2027 569 2094 Comitis
586 2028 797 2112 Kyrungnert
811 2027 1000 2114 captiuauit,
1027 2027 1145 2093 multos
1171 2025 1254 2090 alios
1279 2023 1390 2090 vulne-

261 2135 376 2202 rando.
401 2136 440 2201 In
457 2155 522 2220 quo
538 2136 641 2202 ceiam
657 2137 743 2202 bello
763 2135 862 2222 ijdem
878 2135 1022 2202 Berones
1037 2133 1140 2200 nostri
1156 2143 1229 2200 octo
1245 2133 1389 2200 Berones

260 2242 363 2327 ipsius
393 2243 492 2328 Regis
524 2243 715 2310 Boemorum
747 2243 971 2330 eaptinarunt,
1002 2249 1034 2308 et
1064 2241 1157 2309 nobis
1183 2239 1390 2328 adduxerunt

261 2351 454 2436 eaptinatos.
488 2351 526 2416 In
542 2350 659 2435 quibas
675 2351 805 2435 quidem
821 2351 916 2418 bellis
931 2358 965 2418 et
981 2349 1186 2436 processibus
1203 2347 1307 2412 multa
1321 2343 1390 2410 aul·

258 2477 347 2542 nera,
372 2463 405 2525 et
431 2457 618 2544 specialiter
633 2460 691 2527 snb
709 2459 795 2526 dioto
821 2465 927 2526 castro
943 2456 1134 2524 Zombothel
1156 2455 1254 2522 letale
1270 2451 1388 2520 uulnus

257 2568 291 2632 in
307 2585 407 2632 manu
431 2566 547 2633 dextra
568 2567 639 2652 ipse
654 2567 811 2651 Magister
827 2568 982 2634 Nicotaus
1006 2587 1064 2652 per
1083 2567 1232 2632 lanceam
1254 2562 1390 2649 pertulit

256 2682 289 2740 et
304 2674 451 2760 excepit;
477 2681 574 2759 prout
597 2677 776 2758 premissas
801 2673 975 2742 fidelitates
996 2682 1028 2742 et
1044 2674 1253 2741 seruieiornm
1273 2687 1389 2738 eorun-

256 2781 329 2849 dem
348 2783 464 2849 merita
488 2783 671 2850 antedictus
687 2783 845 2867 Magister
859 2783 1038 2851 Joaolrinus
1065 2787 1098 2848 et
1113 2779 1170 2866 alij
1190 2779 1307 2846 fideles
1325 2777 1388 2842 Ba-

254 2908 350 2956 rones
366 2890 470 2957 nostri
486 2891 580 2958 nobis
597 2891 772 2958 recitarunt
797 2891 929 2958 oraculo
945 2891 1019 2956 vine
1037 2889 1135 2956 vocis.
1160 2889 1310 2970 Cumque
1328 2883 1393 2970 ipsi

253 2995 428 3065 Ladizlaus
454 3005 486 3065 et
501 2998 669 3084 Nycolans
685 3005 816 3085 propter
830 2997 1017 3066 huiusmodi
1034 2995 1143 3063 fidelia
1169 2999 1201 3062 et
1216 2991 1393 3060 meritoria

252 3105 395 3172 seruicia
420 3125 480 3173 sua
505 3105 671 3189 quandam
700 3113 818 3173 terram
843 3109 943 3174 castri
968 3101 1255 3188 Zulgagenriensis
1284 3097 1393 3166 Chae·

251 3213 342 3296 leldy
366 3222 516 3280 vocatam
541 3233 678 3281 vacuam
704 3222 736 3281 et
761 3214 998 3282 habitatoribus
1027 3213 1218 3280 destitutam
1243 3231 1268 3276 a
1297 3207 1395 3276 nobis
1512 3287 1519 3304 ⁶

250 3319 315 3386 sibi
331 3319 402 3387 dari
418 3321 619 3406 petiuissent,
642 3331 675 3388 et
693 3343 753 3391 nos
769 3322 890 3390 factum
911 3321 1054 3389 eiusdem
1071 3328 1156 3387 terre
1172 3316 1398 3409 inquisicioni

249 3425 336 3493 Petri
352 3428 411 3512 lilij
427 3430 533 3495 Mersa
549 3427 687 3496 hominis
703 3431 804 3498 nostri
821 3431 880 3498 sub
897 3429 1082 3498 testimonio
1100 3425 1246 3513 Capituli
1267 3427 1397 3494 Alben-

248 3535 295 3601 sis
311 3535 594 3622 commisissemus,
619 3535 704 3604 idern
723 3537 909 3622 Capitulum
930 3536 1132 3623 postmodum
1154 3534 1257 3601 nobis
1275 3535 1403 3603 reseri-
1511 3577 1517 3580 -

247 3649 382 3727 pserunt
407 3643 443 3708 in
459 3641 547 3710 hune
564 3643 713 3712 modum:
740 3645 826 3730 quod
851 3645 935 3712 idem
952 3646 1067 3711 Petrus
1094 3643 1191 3718 homo
1217 3651 1350 3711 noster
1367 3643 1405 3710 in

245 3751 418 3834 presencia
434 3751 574 3818 hominis
590 3752 743 3837 ipsorum,
761 3753 877 3820 vicinis
894 3759 927 3820 et
942 3753 1172 3820 commetaueis
1190 3753 1406 3822 conuocatis

244 3860 351 3943 ipsam
375 3867 494 3927 terram
519 3861 612 3927 iaxta
627 3866 753 3930 veteres
779 3868 882 3928 metas
908 3881 980 3928 eum
1004 3861 1154 3928 omuibus
1181 3862 1410 3932 vtilitatibus

242 3973 276 4034 et
289 3968 501 4052 pertinenoijs
527 3970 597 4036 suis
613 3969 774 4036 vniuersis
791 3969 1024 4034 reambulando
1050 3967 1228 4037 statuisset
1259 3977 1302 4038 et
1320 3975 1411 4041 assi·

240 4080 378 4158 gnasset
403 4075 525 4142 eisdem
540 4073 695 4143 Ladialao
722 4085 754 4143 et
770 4077 917 4164 Mycalao
941 4077 1030 4146 nullo
1051 4079 1315 4156 contradictore
1339 4088 1413 4153 exi-

241 4188 369 4266 stente;
393 4190 543 4268 preterea
567 4189 689 4250 terram
714 4186 810 4252 unius
835 4187 936 4253 aratri
960 4187 1012 4255 vel
1032 4189 1269 4281 paulopluris,
1301 4215 1414 4283 super

238 4309 303 4374 qua
327 4311 387 4376 per
405 4291 541 4358 Lukach
560 4291 662 4358 filium
679 4293 793 4378 Thepe
819 4292 860 4359 de
876 4292 959 4361 Chut
984 4297 1089 4362 extitit
1113 4287 1413 4396 contradictum,

236 4407 332 4485 prout
357 4401 392 4464 in
408 4399 526 4467 litteris
547 4399 693 4467 eiusdem
710 4401 855 4487 Capituli
876 4401 1017 4470 vidimus
1034 4405 1211 4474 contineri.
1243 4413 1329 4486 Nos
1349 4418 1416 4506 igi.

234 4514 290 4574 tur
306 4507 524 4575 consideratis
541 4505 757 4575 fidelitatibus
783 4515 815 4575 et
829 4510 1003 4594 meritorijs
1019 4511 1174 4596 seruicijs
1195 4527 1416 4617 eorundem,

234 4627 268 4688 et
294 4619 424 4684 litteras
455 4616 537 4682 dicti
565 4615 709 4702 Capituli
744 4619 988 4708 approbantes,
1018 4624 1122 4709 ipsam
1149 4629 1303 4706 terram
1335 4665 1415 4712 eum
