3140 5150
96 544 245 629 Soylwas
261 553 395 634 noeato,
420 541 544 630 qui'ad
570 565 629 611 nos
655 540 783 611 rediens
804 546 915 613 retullt
930 549 1115 638 requisitus,
1141 553 1227 635 quod

95 651 208 718 eadem
241 659 330 718 terra
361 656 448 722 esset
478 651 627 719 desolata
657 659 690 718 et
720 653 958 722 habitatoribus
985 656 1159 743 destituam
1196 667 1228 726 et

95 760 331 844 comparuisset
355 781 453 847 snper
477 761 582 847 ipsam
608 767 728 827 terram
749 782 857 828 eoram
874 753 1100 848 iobagionibus
1118 766 1225 832 Castri

94 869 329 956 lineamentis,
356 889 397 936 ex
423 870 538 956 quibus
564 867 753 934 nominatim
779 889 887 936 ooram
904 863 991 958 Erk5
1017 873 1071 956 qui
1088 879 1120 939 in
1135 873 1226 945 nulle

95 975 355 1045 contradioentos
381 975 542 1045 dixissent
569 995 676 1042 eoram
694 976 806 1043 eudem
823 983 934 1045 nostro
951 979 1092 1065 homine,
1119 982 1224 1066 ipsam

40 1160 44 1172 ἱ
96 1088 215 1146 terram
232 1084 311 1150 olim
328 1084 431 1152 fuisse
454 1083 629 1156 eorundem
646 1083 761 1151 Jacobi
779 1091 811 1150 et
826 1078 985 1171 ladizlay
995 1137 1003 1170 ‚
1029 1093 1060 1152 et
1086 1089 1127 1154 ab
1144 1087 1225 1173 ipsis

96 1187 136 1253 ad
152 1189 301 1259 Castrum
318 1192 526 1260 Musuniense
543 1189 749 1275 deuolutam3
768 1183 901 1258 et'siout
916 1185 1020 1260 seiam
1031 1196 1116 1260 seire
1131 1199 1220 1279 potu·

96 1298 174 1364 isset
201 1297 245 1363 ab
269 1298 345 1384 alijs
362 1299 496 1383 uicinis,
520 1293 697 1385 'pertineret
720 1299 891 1366 oollaoioni
906 1299 1024 1367 Uestre
1038 1302 1224 1370 Maiestatis

96 1404 166 1470 sine
181 1404 363 1488 preludioio
388 1407 467 1472 iuris
488 1405 654 1488 aliorum3
674 1411 766 1471 terra
789 1401 896 1472 autem
922 1407 1002 1493 illa,
1026 1414 1122 1491 prout
1148 1409 1223 1475 uisu

97 1515 281 1580 disseruere
299 1516 493 1600 potuerunt,
519 1515 569 1578 e'st
589 1513 763 1594 ‘sufficiens‘
774 1513 816 1578 ad
833 1513 968 1596 triginta
984 1515 1065 1581 duos
1081 1535 1223 1600 mansus,

96 1620 137 1686 ad
162 1621 343 1704 quemlibet
374 1631 522 1688 mansum
548 1619 858 1706 uiginti'jugeribus
884 1627 970 1688 terre
985 1621 1124 1688 arabilis
1149 1642 1221 1707 per·-

96 1729 284 1795 tlnentlbns.
607 1730 609 1737 '
675 1753 700 1758 ’·
729 1749 734 1754 ·
934 1725 937 1731 ’

97 1909 232 1971 (Erodotie
255 1905 441 1974 bb'rlrdrtyalu,
465 1923 488 1960 a.
499 1906 592 1975 peusdt
616 1907 763 1972 alveszett,
787 1925 803 1959 a
823 1909 906 1960 budai
928 1910 980 1960 kir.
1000 1909 1120 1960 lramarai
1140 1908 1221 1960 loudl-

509 2021 513 2029 ·
600 1994 718 2064 tslrban.)
896 1993 899 1999 “

549 2302 763 2312 .---.-.

573 2840 578 2852 ,
616 2767 694 2834 rso.

95 2965 122 3030 A
140 2971 231 3052 pyriri
258 2969 482 3054 ltdptulounuk
507 2965 770 3050 bizouysdpleuele
781 3015 791 3044 ,
815 2969 895 3049 bopp
921 2963 1009 3027 Pulsi
1023 2963 1142 3028 Miltlo's
1151 2963 1219 3044 flul

94 3076 209 3140 Bolani
241 3075 423 3140 birtoltultut
454 3072 584 3139 Sdndor
615 3072 770 3148 eontesrtelt
795 3071 924 3136 Forlsas
940 3072 1061 3153 ficinalr
1077 3069 1216 3134 eludtdk.

608 3179 705 3246 1278.

173 3357 202 3362 ··
290 3351 557 3468 nu
762 3370 791 3460 o
978 3370 1009 3434 o

197 3531 384 3628 Capitulum
402 3531 555 3626 Euolesie
567 3531 749 3600 Jauriensis
768 3530 916 3599 omnibus
934 3530 1054 3598 Christi
1068 3530 1217 3599 fidelibus

93 3649 258 3724 presentes
281 3623 410 3708 litteras
441 3638 637 3726 inspecturis
665 3639 805 3706 salntem
830 3637 862 3700 in
888 3637 1026 3704 Domino
1052 3637 1215 3723 sempiter-

91 3767 176 3813 nam.
199 3748 251 3815 Ad
266 3749 493 3818 uniuersorum
518 3747 673 3814 notitiam
698 3746 813 3811 harum
838 3745 922 3812 serie
938 3745 1088 3812 uolumus
1104 3765 1214 3831 perue-

91 3855 172 3939 nire,
194 3855 281 3938 quod
296 3855 422 3921 Paulus
438 3861 471 3921 et
485 3854 642 3920 Nioolaus
656 3851 715 3938 filij
734 3850 862 3918 Nioolai
886 3850 927 3918 de
951 3849 1024 3916 Puk
1049 3871 1107 3936 pro
1132 3871 1167 3920 se
1184 3860 1216 3920 et

92 3983 151 4044 pro
169 3963 317 4030 omnibus
334 3980 468 4045 quornm
478 3961 615 4028 interest
634 3978 742 4028 eoram
757 3958 851 4026 nobis
867 3957 1080 4043 personaliter
1095 3961 1214 4026 eonsti-

91 4068 153 4134 tuti
162 4117 171 4154 ‚
194 4069 358 4150 quandam
384 4074 503 4134 terram
524 4086 627 4151 suam,
654 4075 722 4134 tam
739 4067 808 4133 iure
824 4065 1022 4132 hereditario
1037 4063 1126 4150 ipsos
1142 4084 1214 4132 eon·

90 4173 275 4257 tingentem,
299 4194 397 4258 quam
415 4174 609 4260 emptitiam,
634 4193 731 4258 quam
756 4193 777 4238 a
792 4173 888 4240 Petro
904 4170 970 4238 fillo
985 4172 1106 4238 Paulus
1119 4173 1214 4240 titulo

90 4280 239 4347 emtionis
264 4281 328 4348 sibi
354 4290 613 4368 comparauerat,
641 4281 833 4348 existentem
857 4280 892 4346 in
907 4279 1011 4346 Bolon
1027 4299 1100 4346 oum
1116 4280 1214 4346 omni·

88 4387 150 4453 bns
167 4387 359 4456 utilitatibus
384 4393 417 4454 et
440 4388 649 4474 pertinenoiJs
681 4390 715 4454 in
747 4387 869 4455 eisdem
885 4386 979 4454 metis
1006 4391 1038 4453 et
1053 4386 1212 4468 torminis,

87 4494 206 4578 quibus
223 4495 287 4581 ipsi
303 4495 484 4582 predictam
501 4503 618 4565 terram
645 4516 681 4564 se
704 4493 887 4579 possedisse
904 4495 1056 4566 dicebant
1065 4544 1075 4578 ‚
1101 4491 1208 4559 vendi-

88 4599 205 4666 derunt
219 4599 336 4670 Comiti
352 4602 542 4672 Alexandro
559 4601 639 4689 (lilio
653 4601 814 4690 Fa)roasij
832 4607 970 4686 cognato
989 4621 1059 4686 suo,
1079 4619 1213 4668 oonsana
