3118 5158
920 860 972 927 68.

386 1061 519 1150 Spalato
548 1065 579 1128 e'a
595 1061 741 1128 Scbeat'co
771 1061 941 1126 dalmatiai
973 1061 1174 1125 odrosolcoak
1202 1065 1368 1146 ezboetae'pe
1390 1060 1500 1146 Krirolp

482 1172 604 1236 sicilici
619 1169 801 1254 birolylyal
816 1191 855 1232 oz
870 1168 1036 1233 aluminosi
1052 1168 1183 1232 talozolc
1199 1169 1286 1232 elba
1306 1172 1410 1264 ml.

492 1385 528 1448 ln
566 1383 697 1448 nomine
742 1379 883 1448 Domini.
936 1378 1030 1445 Anno
1075 1380 1118 1445 ab
1163 1379 1392 1448 Incamatione
1437 1383 1500 1466 ejus

384 1489 551 1558 M⁰GG⁰LX
558 1489 691 1555 X⁰llll⁰.
704 1489 873 1570 Regnante
882 1486 1109 1554 Illustrissimo
1118 1486 1251 1552 domino
1268 1494 1380 1556 nostro
1392 1489 1500 1556 Garoto

383 1603 472 1685 Rege
498 1597 629 1681 Sicilie,
655 1583 803 1663 Ducatus
829 1593 958 1678 Apulis,
973 1583 1022 1659 'ac
1047 1593 1254 1679 Principatns
1271 1597 1393 1682 Oapne,
1416 1596 1502 1661 Alme

383 1704 481 1772 Urbis
494 1705 661 1791 Senatore,
677 1700 876 1786 Andegavie,
893 1698 1071 1784 Provineie,
1091 1722 1131 1767 ae
1145 1702 1365 1786 Folcolqnerii
1376 1704 1501 1786 Gemite,

383 1835 423 1880 ac
439 1813 576 1879 Romani
594 1809 726 1895 Imperii
752 1829 810 1895 per
825 1811 976 1876 Sanctam
993 1810 1170 1876 Romanam
1188 1809 1371 1875 Ecclesiam
1397 1810 1431 1876 in
1447 1811 1503 1876 Tu·

384 1922 453 1990 scia
468 1919 621 1988 uenerati
640 1919 789 2002 Vicari03
815 1936 900 1983 anno
917 1915 1021 2000 Regni
1046 1915 1116 1983 eius
1133 1917 1175 1982 X.
1193 1915 1247 1982 die
1264 1918 1380 1984 Martis
1398 1927 1503 2001 quarto

384 2029 504 2096 mensis
529 2026 739 2112 Septembris,
764 2025 859 2092 tertie
883 2024 1082 2108 Indiciionis,
1106 2025 1195 2109 apud
1215 2025 1339 2091 Lacum
1355 2027 1505 2093 Pensiios.

384 2134 451 2200 Nos
469 2133 716 2202 Bartholomens
741 2131 783 2198 de
799 2131 926 2198 Strasfis
953 2131 994 2198 tle
1009 2131 1129 2218 Regio,
1155 2139 1188 2200 et
1215 2131 1361 2199 Jacobns
1378 2131 1418 2199 dc
1434 2131 1504 2198 Var-

384 2243 470 2308 dnno
496 2242 539 2306 de
555 2240 648 2326 Alba,
671 2241 788 2323 Magne
804 2239 903 2323 Regio
923 2237 1019 2304 Gurie
1043 2238 1193 2322 Judices;
1217 2247 1249 2306 et
1273 2241 1436 2306 Mattheus
1450 2241 1505 2304 Ba·

386 2335 519 2417 rabulus
536 2347 579 2415 de
595 2348 714 2434 Gajeta
730 2346 874 2432 ejusdem
890 2347 1010 2428 Magne
1026 2345 1277 2413 GurieActnalis
1292 2347 1462 2429 Notarius3
1479 2357 1508 2411 et

383 2455 559 2542 subscripti
575 2461 685 2541 testes,
705 2453 748 2520 ad
764 2453 825 2518 hec
840 2453 1029 2538 specialiter
1044 2453 1152 2520 vocati
1169 2459 1201 2518 et
1215 2453 1332 2538 rogati,
1349 2457 1506 2540 presentis

384 2567 498 2652 scripti
514 2563 642 2650 publici
658 2561 744 2630 serie
761 2559 982 2629 declaramus:
999 2559 1093 2639 Quod
1108 2561 1194 2627 inter
1210 2561 1331 2628 dictum
1348 2563 1508 2630 dominum

383 2673 508 2756 Regem
524 2692 566 2738 cx
581 2678 674 2757 parte
689 2689 775 2758 una;
798 2676 830 2736 et
846 2668 995 2736 Jndicem
1011 2667 1209 2756 Dobrenum,
1236 2677 1269 2736 et
1283 2672 1433 2739 Jndicem
1452 2673 1507 2736 lle·

384 2782 472 2863 liam,
492 2779 650 2864 Sindioos,
668 2779 814 2862 Antores,
839 2783 871 2843 et
886 2775 1030 2844 Nuncios
1054 2777 1223 2860 Speciales
1244 2777 1343 2845 'Perre
1358 2779 1509 2860 Sibeniei,

384 2893 416 2955 et
430 2888 624 2954 Vulcinnam
650 2866 770 2971 St'reze,
798 2890 831 2950 et
847 2884 1011 2951 dominum
1036 2876 1221 2952 Privolanm
1240 2885 1378 2969 Datehe,
1406 2885 1508 2952 Sindi-

383 3015 449 3081 cos,
474 2995 756 3073 Ambasciatorm,
782 3000 814 3061 et
838 2993 983 3059 Nuncios
1010 2992 1176 3078 Speciales
1201 2992 1353 3060 Civitatis
1378 2993 1513 3078 Spaleti,

384 3103 525 3190 nomine,
557 3123 596 3170 ac
622 3121 682 3188 pro
712 3107 804 3187 parte
820 3101 1078 3168 Uniuersitatum
1109 3099 1255 3186 ipsarum
1285 3107 1444 3168 terrarum
1473 3121 1512 3166 ea

384 3210 499 3296 altera,
523 3208 766 3278 consencientes
791 3209 825 3274 in
841 3227 900 3274 nos
917 3207 1096 3292 expressim
1122 3214 1289 3292 tamqnam
1314 3207 1348 3274 in
1365 3229 1443 3275 suos
1460 3209 1514 3274 Ju-

383 3315 471 3383 dices
487 3323 530 3406 „et
554 3316 734 3403 Notarium,
767 3335 865 3399 quum
891 3315 1011 3382 scirent
1037 3314 1115 3383 dieti
1139 3313 1324 3416 Sindicilse
1347 3336 1414 3381 non
1442 3337 1516 3384 esse

379 3424 644 3509 jurisdictionis;
678 3423 785 3491 omnia
816 3422 1027 3508 infrascripta
1057 3427 1171 3507 pacta,
1205 3427 1237 3489 et
1267 3425 1517 3503 conventiones,

383 3537 524 3598 tractate
540 3530 740 3598 concorditer
755 3538 788 3596 et
798 3531 927 3596 firmata
943 3529 1074 3596 fuerunt
1089 3529 1226 3596 solemni
1242 3529 1469 3616 stipulatione,
1486 3541 1518 3598 et

383 3643 468 3706 omni
490 3639 577 3726 juris
603 3639 808 3708 solemnitate
833 3639 971 3706 vallata.
1013 3637 1179 3724 Inprimis
1205 3637 1247 3704 de
1270 3637 1427 3706 facienda
1452 3660 1520 3706 una

383 3767 500 3832 guerra
515 3769 573 3834 per
588 3751 692 3835 ipsum
710 3749 877 3815 dominum
893 3750 1025 3834 Regem,
1041 3760 1074 3816 et
1090 3747 1330 3816 Universitates
1346 3749 1522 3834 predictas

382 3863 467 3922 terre
482 3855 655 3942 Dalmasii,
679 3863 711 3923 et
735 3855 886 3924 omnibns
910 3856 1047 3940 singulis
1074 3856 1220 3941 ejusdem
1236 3862 1330 3944 terre,
1352 3875 1392 3922 ac
1407 3857 1521 3925 fauto-

383 3964 484 4046 ribus,
511 3963 755 4052 coadjutoribus
780 3968 855 4032 suis.
880 3963 962 4030 Item
979 3962 1066 4047 quod
1089 3961 1201 4046 aliqua
1215 3961 1358 4046 ipsarum
1375 3962 1524 4031 Univer-

383 4069 512 4136 sitatum
537 4091 601 4138 non
617 4071 739 4138 facient
763 4077 901 4156 pactum,
927 4071 1034 4155 finem,
1050 4079 1082 4137 et
1099 4077 1256 4155 treguam,
1282 4087 1340 4135 sen
1357 4089 1525 4153 guerram

384 4183 541 4244 recentem
559 4199 630 4246 cum
646 4179 865 4266 Dalmasibns,
886 4199 944 4246 seu
960 4179 1140 4247 fautoribus
1156 4178 1233 4262 suis,
1251 4176 1322 4245 sine
1338 4197 1527 4262 consensu,

383 4292 417 4349 et
432 4287 599 4352 voluntate
616 4287 693 4355 dicti
710 4289 833 4354 domini
845 4288 959 4372 Regis,
985 4287 1062 4355 etsi
1079 4285 1253 4371 contigerit
1267 4287 1375 4371 ipsum
1390 4289 1529 4374 Regem

382 4389 492 4457 facere
516 4403 623 4482 pacta,
650 4399 703 4464 rel
718 4403 866 4482 treguam
891 4416 962 4463 cum
978 4397 1128 4484 predicta
1145 4403 1231 4461 terra
1246 4393 1423 4475 Dalmasii,
1440 4398 1476 4463 U
1480 4399 1530 4463 ni-

383 4499 555 4568 rersitates
581 4503 743 4588 predictas
760 4503 793 4568 in
811 4501 899 4571 dieta
924 4525 1014 4590 paee,
1032 4511 1064 4570 et
1078 4512 1195 4590 tregua
1210 4521 1330 4588 ponere
1355 4509 1533 4573 teneatur.

384 4607 465 4673 Item
492 4609 577 4695 quod
603 4611 710 4678 dictus
737 4609 887 4698 dominus
901 4612 972 4678 Rex
999 4610 1133 4678 habebit
1156 4629 1215 4696 pro
1240 4609 1315 4693 ipsa
1331 4629 1465 4693 guerra
1485 4613 1535 4678 fa·
