3118 5158
687 293 727 376 tl

140 494 200 568 bus
217 519 281 568 auc
298 506 420 584 nostro,
432 501 511 572 Bele
528 509 560 570 et
574 504 660 590 patri
677 513 789 573 nostro
805 505 988 592 karissimo,
1001 499 1274 577 victoriosissimis

140 609 372 693 Huugarorum
395 611 539 696 Regibus
567 612 713 679 felicium
738 613 1014 699 recordaciouum,
1039 637 1078 684 ac
1101 617 1196 686 nobis
1217 617 1271 684 do-

139 737 227 785 mum
244 725 374 802 gratum
391 739 520 806 semper
548 719 747 790 exhibuisset
762 723 937 792 seruicium
954 729 986 792 et
1000 724 1152 792 sedulum
1168 723 1271 791 famu-

139 825 253 913 latum,
279 845 316 895 se
342 834 375 895 et
402 847 479 896 suos
503 828 536 894 in
562 831 711 898 omuibus
740 831 846 915 Regni
871 831 1140 917 expediciouibus
1165 829 1274 916 dubijs

140 931 290 1001 fortunae
306 936 439 1002 casibus
465 942 498 1003 et
512 936 614 1005 nullis
629 957 694 1004 non
709 937 866 1023 periculis
883 939 1121 1024 committendo,
1139 939 1274 1007 sudores

140 1040 276 1108 bellicos
292 1041 483 1110 sustinendo
500 1049 534 1110 et
549 1045 687 1112 uulnera
702 1045 818 1112 letalia
834 1047 1013 1132 paciendo;
1035 1053 1068 1115 et
1084 1047 1272 1133 specialiter

141 1149 176 1214 iu
192 1149 407 1234 expedicione
432 1157 553 1240 nostra,
581 1172 679 1236 quam
699 1159 813 1220 contra
830 1153 951 1238 Regem
966 1155 1098 1223 Boemie
1113 1152 1271 1222 habuera-

142 1276 213 1322 mus
228 1257 277 1324 sic
293 1275 388 1322 suum
403 1255 543 1328 fideliter
567 1259 763 1345 impenderit
788 1261 993 1346 famulatum,
1021 1271 1056 1330 ut
1074 1261 1193 1331 nedum
1210 1263 1275 1330 sibi

142 1364 292 1451 primitus
307 1383 465 1434 concessa
481 1373 513 1434 et
527 1365 659 1454 tradita,
676 1389 788 1436 verum
804 1369 903 1436 etiam
923 1369 992 1436 alia
1007 1391 1028 1437 a
1044 1369 1272 1439 munificencia

143 1477 245 1558 Regia
259 1474 375 1542 merito
393 1476 523 1560 assequi
539 1473 720 1562 debuisset,
744 1485 775 1545 et
790 1477 875 1544 bono
896 1479 1042 1560 quolibet
1056 1477 1171 1544 luisset
1186 1476 1271 1543 reio-

144 1583 271 1651 uendus
282 1633 292 1668 ,
325 1591 358 1651 ct
381 1583 505 1670 pariter
537 1583 781 1671 sublimandus,
815 1605 875 1653 nos
901 1585 1144 1654 considerantes
1168 1585 1272 1671 ipsius

144 1691 346 1776 obsequiosa
361 1691 478 1758 merita
498 1699 530 1758 et
545 1693 712 1759 meritoria
727 1692 892 1781 obsequia,
919 1693 996 1760 licet
1011 1692 1137 1760 maiora
1156 1701 1188 1759 et
1203 1713 1270 1760 am-

144 1799 251 1884 pliora
266 1801 301 1868 in
317 1799 589 1887 perpetuitatibus
614 1807 645 1868 et
660 1801 836 1886 Regalibus
857 1801 1090 1870 donationibus
1107 1801 1273 1869 debuisset

143 1908 330 1994 promereri,
347 1907 381 1974 in
398 1907 574 1993 aliqualem
600 1915 709 1976 tamen
726 1909 1063 1995 recompensacionem
1084 1909 1270 1976 meritorum

144 2015 298 2102 eiumem,
322 2017 487 2101 quandam
512 2023 632 2084 terram
658 2015 765 2085 Castri
790 2017 903 2085 Ferrei
930 2019 1014 2084 Rum
1041 2023 1271 2104 nuncupatam,

145 2144 284 2193 uacuam
310 2131 341 2192 et
359 2124 595 2194 habitatoribus
620 2123 818 2212 destitutam,
843 2144 916 2192 cum
941 2125 1087 2193 omnibus
1113 2125 1272 2212 pertinen·

145 2233 217 2321 ciJs,
244 2232 433 2320 attinencijs
458 2243 491 2303 et
515 2233 711 2302 utilitatibus
737 2234 911 2319 uniuersis,
937 2242 972 2303 et
990 2233 1175 2321 specialiter
1201 2255 1276 2302 cum·

143 2341 215 2408 locc
240 2342 418 2410 molendini
444 2343 478 2409 in
498 2342 592 2410 metis
609 2349 642 2410 et
657 2343 805 2410 terminis
830 2349 915 2409 terre
941 2341 1086 2410 eiusdem
1102 2359 1201 2428 super
1215 2340 1272 2409 flu-

144 2451 198 2516 uio
214 2451 310 2517 Reba
335 2451 500 2535 existenti,
525 2450 588 2538 ipsi
607 2450 763 2533 magistro
779 2449 958 2536 Duruzlou,
983 2457 1016 2518 et
1031 2469 1088 2535 per
1113 2469 1186 2517 eum
1205 2450 1273 2518 suis
1322 2495 1327 2504 ·

142 2556 318 2626 heredibus
335 2559 554 2644 heredumque
579 2577 709 2626 suorum
729 2558 969 2626 successoribus
990 2555 1147 2642 dedimus,
1173 2557 1272 2624 dona·

144 2667 252 2735 nimus
277 2673 310 2734 et
334 2665 529 2734 contulimus
555 2665 625 2733 iure
649 2673 807 2752 perpetuo
832 2671 865 2733 et
885 2664 1147 2733 inreuocabiliter
1171 2665 1272 2748 possi-

142 2773 304 2859 dendam3
331 2774 504 2862 ipsumque
528 2793 588 2859 por
603 2771 765 2842 blochiam
785 2772 826 2840 de
842 2773 932 2857 Oboy
948 2771 1110 2841 bominem
1126 2777 1272 2840 nostrum

142 2881 203 2948 sub
220 2880 406 2948 testimonio
422 2880 566 2948 fidelium
584 2885 769 2948 nostrornm
785 2879 930 2966 Capituli
945 2877 1051 2948 (lustri
1067 2879 1186 2966 Ferret,
1202 2899 1272 2966 pre·
1349 2914 1353 2924 ·

142 2989 289 3056 sentibus
314 2987 470 3074 magistro
486 2989 643 3074 Gregorio
658 2987 783 3055 Gemite
808 2994 841 3055 et
855 2988 1018 3055 uniuersis
1042 2987 1272 3072 inbagionibus

143 3095 290 3165 eiusdem
318 3096 426 3184 castri,
442 3115 581 3164 necnon
599 3096 832 3164 commetaneis
849 3102 882 3162 et
897 3095 1014 3164 uicinis
1031 3096 1181 3162 omnibus
1198 3116 1272 3163 con·

141 3203 361 3273 sencieutibus
385 3211 418 3271 et
441 3205 566 3272 nullam
591 3203 864 3272 contradictionis
887 3222 1000 3271 uocem
1026 3205 1156 3290 penitus
1176 3203 1272 3288 obpo-

140 3313 303 3396 nentibus,
329 3311 579 3399 incorporalem
605 3311 844 3397 possessiouem
869 3317 956 3379 terre
971 3311 1117 3378 eiusdem
1135 3309 1271 3377 fecimus

141 3419 313 3504 introduci,
339 3427 435 3503 prout
449 3441 509 3508 per
525 3420 653 3488 litteras
680 3420 760 3488 dieti
776 3419 920 3507 Capituli
936 3419 1030 3488 nobis
1046 3417 1188 3486 constitit
1204 3417 1271 3486 eui-

142 3528 265 3596 denter.
291 3529 378 3594 Mete
405 3537 511 3596 autem
537 3535 622 3597 terre
647 3537 832 3614 memorate,
857 3535 953 3614 prout
977 3526 1065 3594 idem
1084 3525 1271 3613 Capitulum

140 3637 236 3704 nobis
253 3635 395 3724 scripsit,
420 3635 481 3704 hoc
502 3636 612 3704 ordine
628 3635 858 3721 distinguntur.
884 3636 995 3702 Prima
1011 3634 1170 3718 siquidem
1186 3639 1273 3701 meta

141 3743 350 3831 progreditur
375 3745 418 3810 ab
443 3743 566 3813 oriente
590 3765 613 3811 a
636 3743 735 3812 fluuio
759 3745 853 3811 Raba
877 3763 978 3828 penes
1002 3750 1120 3809 terram
1135 3740 1271 3825 'Kench,

141 3851 250 3918 Cadur
275 3857 309 3918 et
323 3847 482 3918 Johaunis
506 3849 643 3918 liliorum
660 3850 818 3936 (lbepani,
842 3849 897 3916 ubi
913 3856 989 3918 sunt
1014 3855 1079 3916 tres
1093 3853 1191 3934 mete,
1207 3845 1271 3912 due

143 3997 184 4006 -
206 3997 244 4007 —
265 3959 432 4025 —ilicem
457 3958 741 4044 circumplectitur,
766 3977 906 4040 uergens
932 3976 1045 4023 uersus
1070 3953 1270 4022 occidentem

140 4087 243 4155 penes
269 4073 391 4135 terram
407 4064 580 4133 eorundem
604 4064 745 4132 filiorum
761 4063 908 4150 Ohepani
928 4064 1017 4130 circa
1032 4057 1271 4144 longitudinem

140 4175 238 4243 vuius
253 4173 387 4261 ingeris,
411 4179 487 4239 sunt
501 4178 759 4257 quatuormete3
786 4189 918 4238 currens
938 4167 1044 4236 adhuc
1061 4167 1182 4235 directe
1197 4186 1268 4252 per-

139 4285 233 4351 uenit
260 4283 305 4349 ad
319 4289 441 4348 terram
467 4277 657 4369 (uob)ilium
682 4277 722 4344 de
747 4278 863 4364 Sygra,
890 4283 967 4343 suut
982 4282 1053 4343 octo
1069 4281 1154 4342 mete
1168 4293 1271 4358 angu-

138 4393 241 4476 lares,
266 4409 330 4476 que
355 4395 508 4473 separant
532 4393 651 4454 terram
671 4383 888 4471 predictorum
907 4381 1046 4449 filiorum
1066 4379 1213 4464 Ohepani
1238 4385 1271 4446 et

139 4497 303 4568 nobilium
321 4497 362 4563 de
379 4495 496 4581 Sygra,
525 4515 564 4562 ac
579 4491 760 4581 predictam
781 4497 902 4558 terram
916 4490 1019 4574 Rum;
1037 4486 1156 4554 abhinc
1171 4507 1272 4572 penes

137 4615 265 4677 terram
281 4599 468 4675 eorumdem
487 4601 645 4670 nobilium
663 4599 707 4666 du
722 4597 830 4684 Sygra
844 4595 981 4665 tendens
998 4611 1114 4662 uersus
1130 4598 1270 4677 septem-
