3124 5158
579 409 581 417 ι
616 355 775 452 aa„

132 541 172 624 de
197 563 356 612 consensu
381 551 412 610 et
436 545 639 632 beneplacito
665 554 881 632 cognatorum,
897 528 1035 630 suorum,
1051 548 1176 616 scilicet
1191 551 1251 616 Ro·

130 651 235 736 landy
259 658 290 718 et
315 653 493 742 Ladyzlay,
518 656 668 742 Nycolay
694 665 725 722 et
749 654 952 744 Lau(rencij)
979 657 1117 724 liliorum
1145 657 1250 742 Banlr,

130 759 272 827 Peterke
297 779 336 827 ac
357 761 468 828 Endre
484 761 595 830 fratris
612 763 749 850 predicti
764 763 903 848 Andree,
918 785 989 830 cum
1005 766 1152 832 omnibus
1167 765 1249 832 utili-

130 868 254 934 tatibus
271 869 337 936 suis
353 877 385 935 et
401 871 623 957 pertinencijs,
640 891 712 938 oum
729 873 823 939 terris
839 872 1026 956 arabilibus,
1036 872 1114 938 locis
1132 874 1248 940 sessio-

130 974 273 1062 nalibus,
292 978 425 1064 campis,
440 980 650 1064 pascualibus
664 987 696 1045 et
712 980 1116 1064 alijsquibnscnnquosuis
1127 982 1246 1066 usibus,

131 1083 261 1167 plenius
288 1087 418 1154 usitatis
442 1086 611 1154 consessus
637 1094 686 1154 est
702 1087 885 1154 vendidisse
900 1087 1047 1172 predicto
1062 1086 1200 1174 Andree,
1216 1096 1247 1156 ct

131 1211 192 1276 per
202 1210 274 1258 enm
285 1193 353 1260 suis
363 1195 544 1279 heredibus,
561 1195 779 1278 heredumque
796 1215 925 1262 snorum
942 1195 1180 1264 successoribus
1189 1217 1247 1282 pro

131 1300 274 1384 quinque
297 1303 416 1370 marcis
441 1304 643 1372 denariorum
667 1303 897 1371 Viennensium
923 1305 1034 1371 decem
1058 1323 1179 1390 pensas
1195 1325 1252 1390 pro

129 1429 241 1476 marca
266 1411 498 1498 computando,
534 1412 790 1480 irreuocabiliter
822 1420 978 1498 perpetuo
1009 1413 1250 1502 possidendam,

128 1518 303 1586 tenendam
321 1521 445 1606 pariter
461 1529 494 1588 et
509 1520 711 1607 habendam
729 1541 810 1606 quas
827 1523 957 1604 quidem
975 1523 1250 1606 quinquemarcas

129 1627 197 1693 iam
223 1627 329 1696 dictus
356 1630 477 1698 Paulus
502 1630 584 1697 dixit
609 1652 644 1698 sc
668 1631 816 1716 plenarie
838 1630 1007 1716 recepisse.
1024 1629 1129 1696 Vicini
1144 1637 1250 1698 autem

129 1736 395 1806 circumiacentes
420 1739 475 1805 isti
501 1745 595 1805 sunt:
622 1740 663 1804 ab
690 1739 813 1806 oriente
838 1737 976 1806 Peterhe
1001 1737 1249 1824 proscriptus,a

126 1852 222 1930 parte
236 1847 441 1916 meridionali
456 1847 642 1934 Nycholaus
659 1855 690 1914 et
713 1847 911 1914 Laurencius
927 1846 981 1932 lilij
1000 1846 1189 1931 Bankonis;
1207 1847 1249 1913 de

127 1959 225 2039 parte
250 1975 327 2024 uero
351 1956 547 2025 occidentali
572 1958 635 2042 ipsi
670 1956 777 2023 iidem.
808 1958 845 2022 In
871 1955 961 2023 cuius
986 1953 1173 2022 memoriam
1199 1951 1250 2017 lir-

125 2063 338 2148 mitatemqne
358 2073 548 2152 perpetuam
580 2065 624 2132 ad
649 2064 837 2150 petitionem
853 2065 1000 2150 parcium
1016 2072 1181 2150 presentes
1199 2059 1250 2128 de-

127 2170 238 2238 dimus
264 2173 371 2258 sigillo
395 2173 541 2240 Ecclesia
564 2179 675 2239 nostre
698 2173 919 2240 communitas.
944 2171 1065 2238 Datum
1083 2191 1167 2237 anno
1184 2170 1247 2236 Do·

127 2281 210 2348 mini
226 2283 276 2348 Μο
291 2283 361 2350 000
376 2282 571 2367 octogesimo
586 2281 622 2350 in
637 2281 761 2350 octenis
776 2281 973 2365 Archangeli
987 2279 1177 2367 Myohaelis.

391 2477 514 2546 (Eredeti
526 2475 701 2546 bb'rbdrtydn,
714 2493 731 2530 a
742 2478 837 2547 pauset
848 2479 996 2548 elresaett)

655 3305 733 3373 205.

123 3489 156 3555 Α
164 3491 277 3577 jduzdi
301 3490 497 3556 boaccntaolo
519 3491 792 3577 biaoaysdylccclc,
821 3491 903 3576 bopy
927 3513 948 3552 c
974 3487 1088 3555 Kocsoc'
1111 3487 1248 3552 uemecelo

223 3597 326 3664 Koced
340 3599 488 3664 discobolo
503 3599 794 3666 buozouoc'tedcibeo·
805 3597 1037 3664 osatoabodtulo.
1055 3594 1151 3660 1280.

538 3731 550 3762 .
590 3738 591 3752 ,

238 3775 404 3845 Vniuersis
430 3779 547 3847 (lhristi
572 3777 734 3862 fidelibus,
759 3777 803 3844 ad
826 3797 906 3860 quos
931 3794 1063 3860 presens
1088 3774 1245 3859 scriptum

126 3885 326 3972 peruenerit,
350 3887 477 3954 Marcus
502 3886 624 3954 Diuina
644 3885 855 3953 miseracione
870 3884 1059 3970 Prepositus
1074 3883 1116 3948 de
1130 3883 1247 3964 Iassop

124 4001 158 4059 et
186 3993 371 4060 Conuentus
397 3994 538 4060 eiusdem
563 3996 627 4062 loci
653 3995 791 4061 salutem
822 3993 856 4058 in
881 3992 996 4060 salutis
1011 3997 1148 4059 auctore.
1167 3991 1246 4058 (lum

30 4147 32 4154 ,
123 4121 187 4166 nos
205 4099 248 4166 ad
264 4100 326 4168 hoc
343 4123 382 4168 ex
396 4123 555 4170 consensu
579 4105 677 4186 Regis
693 4111 725 4168 et
740 4103 823 4168 scitu
844 4099 1021 4168 Barronum
1037 4098 1136 4165 simus
1153 4098 1246 4166 electi

124 4217 158 4278 et
186 4209 363 4296 constituti,
389 4219 424 4276 ut
448 4210 481 4280 in
498 4211 643 4279 omnibus
660 4210 772 4277 arduis
788 4209 932 4293 negociis
947 4217 1112 4275 teneamur
1128 4227 1247 4292 appen-

123 4319 219 4385 sione
245 4318 349 4402 sigilli
372 4321 476 4387 nostri
501 4319 645 4406 Capituli
661 4324 828 4386 teneamur
843 4315 926 4405 (lgy)
943 4316 1160 4384 testimonium
1175 4337 1246 4402 pre-

124 4428 221 4511 bere;
236 4426 314 4492 inde
331 4435 389 4514 est,
407 4427 493 4511 quod
509 4427 553 4493 ad
568 4433 712 4496 nostram
729 4425 918 4494 accedentes
936 4425 1139 4510 presenciam
1156 4423 1246 4488 nobi·

124 4538 176 4604 les
194 4535 233 4602 de
250 4535 362 4623 Cocso,
375 4536 500 4603 scilicet
516 4537 623 4604 Padar
637 4535 720 4601 lilius
736 4535 850 4618 Minor,
868 4540 900 4600 et
910 4533 1059 4598 Matheus
1074 4529 1158 4597 filins
1169 4528 1244 4596 Iehc

124 4663 166 4712 ex
195 4663 261 4710 una
286 4650 396 4729 parte,
422 4645 587 4712 Jcbannes
604 4651 634 4710 et
650 4641 802 4729 Thiodor,
818 4641 1000 4726 Stephanus
1016 4647 1049 4706 et
1063 4639 1245 4723 Nycolaus,
