3140 5150
776 309 937 413 Q

291 508 460 595 litigarent
490 508 732 596 quoquomodo,
766 515 844 577 ante
868 509 939 576 litis
964 509 1144 594 ingressum
1168 509 1255 594 parti
1280 507 1424 574 aduerse

292 620 428 708 triginta
442 639 569 687 marcas
585 619 666 687 dare
682 624 715 685 et
729 620 858 688 soluere
874 623 1032 686 teneatur.
1065 619 1103 684 ln
1120 617 1210 686 cuius
1226 637 1285 704 roy
1300 636 1426 683 memo-

291 727 375 794 riam
390 727 608 796 concessimus
623 726 751 796 litteras
767 732 895 796 nostras
912 733 1062 813 patentes
1077 727 1188 811 sigillo
1204 731 1314 795 nostro
1332 725 1427 810 sigil-

292 839 387 906 latas.
409 838 532 904 Datum
557 857 644 906 anno
661 835 794 906 Domini
822 836 994 905 millesimo
1012 835 1233 906 ducentesimo
1250 840 1427 920 septuage-

292 946 375 1014 simo
391 945 512 1032 quinto.

294 1123 328 1190 (A
341 1127 471 1194 poasonyi
493 1121 683 1193 hiptalsnnak
700 1125 811 1178 tast-ki
832 1123 989 1190 ltiratlbbb
1012 1141 1030 1178 a
1042 1126 1186 1179 budailrir.
1205 1123 1428 1178 kamarsilsvdl·

804 1212 920 1284 tdrbsu.)

753 1483 968 1496 -—

829 1828 883 1896 92.

292 2025 323 2090 A
339 2027 431 2090 vdczi
446 2027 671 2112 kdptataoaot
695 2027 957 2114 bizonysa'pleocle
966 2078 977 2109 ,
1001 2033 1083 2114 hopy
1098 2029 1240 2113 Bikohey
1264 2030 1296 2093 ds
1312 2027 1427 2091 erdek-

292 2136 409 2214 tdrsoi,
426 2133 565 2198 sdhsdre
580 2145 687 2200 meter
702 2137 733 2201 de
748 2137 944 2203 ebdelctdreoa'
958 2138 1099 2221 Bikclzep
1114 2137 1237 2221 helpsdp
1252 2135 1425 2200 birtolcctro

292 2243 323 2308 ds
337 2244 462 2330 ndbdny
486 2247 555 2309 onds
578 2246 662 2310 vilda
686 2245 831 2311 kdrdesrc
854 2251 944 2310 necve
968 2246 1153 2332 bordtsu'pos
1178 2245 1349 2331 eqyeesepet
1365 2243 1421 2307 ko

745 2355 844 2418 teltclt.
871 2357 967 2421 1275.

401 2545 584 2632 Capitulum
599 2547 781 2616 Waciensis
797 2547 943 2617 Ecclesie
965 2549 1113 2616 omnibus
1130 2547 1249 2614 Christi
1268 2545 1425 2613 fidelibus

293 2659 409 2740 quibus
433 2663 601 2742 presentes
626 2657 840 2726 ostenduntur
864 2656 1004 2724 salutem
1030 2657 1064 2724 in
1089 2658 1230 2724 omnium
1246 2656 1425 2724 saluatore.

294 2763 345 2830 Ad
362 2765 584 2833 uniuersorum
604 2767 758 2834 noticiam
783 2773 894 2834 tenore
919 2766 1121 2852 presencium
1142 2767 1292 2833 volumus
1306 2784 1424 2850 perue-

293 2873 380 2942 nire:
405 2871 493 2957 quod
518 2873 709 2943 accedentes
735 2873 778 2940 ad
800 2881 945 2941 nostram
970 2875 1175 2960 presenciam
1194 2873 1342 2957 Bihchey
1358 2891 1424 2955 pro

293 3001 328 3048 se
345 2988 377 3047 et
393 3001 452 3066 pro
468 2982 653 3066 Tymodeus
680 2989 713 3048 et
727 2981 906 3050 Benedicto
932 2983 1009 3068 filijc
1034 2984 1123 3068 sals;
1147 2982 1223 3050 item
1238 2983 1344 3048 Pasca
1360 2999 1424 3065 pro

293 3095 325 3155 et
341 3111 400 3175 pro
415 3089 538 3175 Myhou
563 3088 630 3157 lilio
655 3109 732 3175 suo,
757 3090 834 3156 item
849 3089 953 3158 Anias
977 3111 1035 3175 pro
1062 3096 1094 3156 et
1116 3111 1174 3176 pro
1190 3089 1288 3157 Peria
1312 3095 1345 3152 et
1360 3087 1423 3154 Jo-

292 3195 400 3262 hanne
425 3196 503 3283 filijs
528 3197 614 3284 suis,
638 3197 715 3264 item
732 3197 886 3266 Nicolaus
907 3204 941 3266 et
956 3199 1142 3284 Stephanus
1158 3199 1199 3266 de
1215 3197 1360 3280 Bikchey
1377 3215 1424 3261 ex

292 3325 356 3370 vna
380 3310 491 3390 parto;
515 3305 670 3388 Magister
695 3305 844 3374 Andreas
867 3306 954 3373 lilius
985 3309 1076 3374 Iwan
1087 3357 1097 3392 ,
1123 3308 1238 3373 Comes
1262 3304 1424 3370 Nicolaus

291 3410 378 3476 filius
394 3411 513 3498 Bubus,
529 3413 648 3480 Matius
658 3413 744 3481 lilius
753 3413 852 3498 Petri,
869 3413 1067 3482 Benedictus
1082 3413 1168 3480 filius
1185 3412 1309 3498 Egidij,
1324 3410 1422 3476 Nico-

295 3518 368 3584 laus
385 3518 471 3586 lilius
487 3519 612 3587 Thome
628 3520 669 3588 de
685 3522 765 3607 Popi
776 3544 816 3591 ex
832 3524 949 3608 altera,
964 3529 1203 3609 proposuerunt
1218 3518 1423 3590 concorditer

292 3624 368 3690 viua
384 3643 464 3694 voce
472 3676 482 3712 ,
507 3626 593 3711 quod
618 3648 690 3696 cum
706 3630 790 3698 inter
805 3631 894 3718 ipsos
913 3649 1010 3718 super
1034 3639 1122 3699 terra
1137 3629 1285 3716 Bikcbey
1300 3634 1422 3694 uocata

292 3731 491 3802 hereditaria
513 3737 610 3823 Luce,
629 3737 789 3822 Baranoh‚
806 3738 902 3820 Mire,
918 3738 1063 3825 Zowath,
1079 3737 1168 3805 Liter
1184 3745 1216 3804 et
1232 3733 1329 3803 blada
1345 3735 1423 3802 siue

294 3839 412 3908 herede
451 3841 680 3911 decedencium
690 3898 699 3932 ,
742 3845 1056 3931 consanguineorum
1087 3845 1240 3912 videlicet
1269 3841 1421 3928 Bilschei,

291 3949 407 4038 Pasce,
426 3949 522 4036 Anie,
539 3952 678 4038 Nicolay
695 3960 726 4020 et
744 3953 901 4040 Stephani
917 3953 1153 4042 predictorum,
1181 3972 1280 4037 quam
1294 3957 1420 4015 terram

292 4055 440 4126 dominus
465 4059 534 4128 Rex
559 4060 682 4129 eisdem
706 4059 853 4149 Andree,
878 4061 1035 4150 Nicolao,
1061 4061 1159 4130 blatie
1184 4067 1217 4127 et
1241 4056 1421 4126 Benedicto

291 4165 491 4252 contulisset,
517 4173 551 4235 et
573 4188 672 4255 super
690 4168 842 4256 dampnis
867 4169 1070 4254 quibusdam,
1097 4189 1194 4254 super
1219 4167 1336 4251 quibus
1352 4163 1421 4229 Au-

292 4268 397 4353 dmas,
422 4272 599 4360 Nicolaus,
624 4275 742 4344 Matios
775 4283 808 4344 et
832 4277 1032 4344 Benedictus
1063 4277 1220 4345 antedicti
1251 4279 1353 4341 testes
1383 4273 1421 4338 in
1557 4337 1559 4341 .

292 4379 461 4468 quindenis
495 4379 645 4450 Omnium
672 4385 861 4452 Sanctorum
893 4385 1079 4454 debuissent
1103 4382 1281 4469 producere
1307 4401 1421 4449 coram

291 4486 395 4572 nobis,
421 4509 460 4556 ac
485 4509 582 4575 super
608 4492 684 4576 alijs
710 4493 904 4577 quibasdam
924 4494 1063 4581 judicijs
1090 4512 1190 4560 causa
1214 4488 1422 4576 aliquamdiu

291 4593 405 4665 luisset
435 4597 605 4686 ventilata,
638 4601 855 4670 mediantibus
886 4603 996 4687 probis
1027 4601 1107 4670 viris
1138 4599 1304 4670 nobilibus
1335 4595 1423 4663 inter
