3140 5150
840 293 997 391 gra-

355 491 551 559 scruientum
569 489 728 556 dictorum
745 487 884 554 fratrum
900 485 1033 554 Ordinis
1049 485 1370 570 Premonstratensis,
1389 505 1468 568 quas·

355 599 431 666 dom
448 597 656 665 reddiderunt
679 616 787 664 coram
812 597 912 682 ipsis,
935 595 1019 664 alios
1045 615 1120 664 uero
1148 615 1200 663 res
1216 614 1325 662 eornm
1343 592 1467 674 ablatas,

358 708 435 791 quia
447 705 561 773 famuli
576 724 685 772 eorum
710 711 877 790 presentes
893 724 958 771 non
975 710 1077 788 erant,
1103 707 1285 770 restatuere
1300 719 1468 786 assumpse-

356 821 441 882 runt.
457 815 537 881 Item
554 813 705 881 dixerunt
720 812 843 880 vidisse
858 813 959 897 ijdem
970 812 1140 896 presbiteri
1158 831 1199 878 ex
1215 808 1386 877 seruientia
1397 804 1467 894 (lgy)

356 921 529 990 eorundem
559 921 695 988 fratrum
727 921 1037 988 Premonstratensis
1065 917 1197 986 Ordinis
1222 939 1321 985 unum
1337 917 1469 982 uulnera-

355 1034 424 1094 tum
455 1030 608 1112 grauiter,
642 1027 814 1094 habentem
840 1027 905 1092 tria
921 1025 1060 1092 uulnera
1091 1026 1249 1109 incapite
1282 1029 1315 1090 et
1339 1023 1469 1090 nnumin

356 1153 463 1202 manu.
495 1135 618 1200 Datum
648 1134 730 1201 feria
754 1131 1071 1220 secundoproxima
1087 1139 1161 1218 post
1177 1135 1290 1218 Pasce,
1317 1151 1399 1199 anno
1415 1133 1466 1196 Do·

356 1241 436 1306 mini
451 1240 671 1308 M⁰cc⁰uxx⁰
687 1249 814 1322 octauo.

357 1421 492 1487 (Eredetia
507 1418 681 1488 bb'rbdrtydn,
696 1436 713 1474 a
726 1423 812 1489 lflggb'
825 1420 919 1488 peesbt
931 1421 1071 1484 elreszett‚
1084 1421 1192 1474 abudai
1205 1423 1255 1473 kir.
1270 1422 1388 1474 kamarai
1401 1420 1467 1471 loril-

864 1508 984 1578 tdrban.)

820 1775 863 1784 .-
889 1777 895 1781 .

890 2232 965 2300 149.

360 2432 389 2498 Α
415 2436 510 2518 9ῃῦνὶ
535 2433 757 2517 kdptulououlc
773 2433 923 2517 jelcutc'se
949 2429 1008 2498 IV.
1035 2433 1148 2498 Loszto
1173 2434 1342 2518 birdlyboz
1358 2429 1470 2496 Szitoo

494 2549 573 2605 erevit
590 2539 760 2605 hieroboal
776 2539 1119 2626 cludomdrtyozbaldso
1135 2543 1232 2606 irritet.
1256 2542 1352 2606 1278.

468 2735 749 2803 Excellentissimo
767 2733 898 2801 domino
915 2755 973 2802 suo
990 2735 1147 2802 Ladizlao
1163 2737 1226 2801 Dei
1241 2732 1470 2820 graciaIlluslri

360 2843 442 2927 Regi
473 2843 640 2928 Hungaric
676 2843 859 2930 Capitulum
886 2843 1068 2912 Jauriensis
1092 2844 1239 2913 Ecclesia
1263 2845 1424 2910 oraciones
1445 2841 1470 2902 iu

361 2951 500 3019 Domino
527 2951 654 3018 debitas
680 2973 719 3018 ae
746 2952 890 3020 deuotos.
914 2953 1055 3020 Litteras
1079 2955 1193 3022 Uestre
1209 2951 1411 3021 Excelleneie
1426 2947 1470 3012 de·

360 3056 429 3122 bito
446 3077 518 3122 eum
535 3057 657 3124 honore
678 3059 861 3143 recepimus
876 3059 909 3126 in
926 3061 986 3128 hee
1003 3062 1122 3126 uerba:

470 3163 645 3231 Ladizlaus
662 3165 723 3231 Dei
740 3168 853 3251 gracia
873 3168 942 3234 Rex
955 3169 1125 3251 Hungarie
1141 3167 1293 3236 fidelibus
1310 3169 1374 3235 suis
1390 3165 1471 3248 Capi·

363 3272 432 3338 tulo
449 3271 612 3340 lauriensi
639 3274 776 3340 salutem
803 3283 835 3342 et
859 3275 1014 3359 graciam.
1038 3277 1181 3344 lacobus
1206 3285 1238 3344 et
1257 3275 1423 3342 Ladiulaus
1439 3273 1471 3336 de

363 3380 470 3464 Zerky
487 3387 601 3464 petunt
628 3403 648 3447 a
672 3381 766 3448 nobis
793 3381 954 3466 quandam
973 3391 1091 3449 terram
1108 3383 1215 3451 Castri
1229 3385 1331 3451 nostri
1348 3379 1472 3450 llusuui·

364 3489 454 3552 ensis
471 3488 619 3572 Scylwas
635 3495 795 3572 uocatam,
814 3489 949 3558 dicendo
966 3493 1104 3559 eandem
1123 3511 1195 3559 esse
1210 3511 1347 3558 uacuam
1359 3499 1390 3558 et
1398 3487 1472 3556 bubi-

364 3595 525 3664 tatoribus
541 3595 738 3664 destitutam.
764 3597 874 3680 Quare
892 3597 1042 3666 fidelitati
1057 3607 1164 3667 uestre
1179 3597 1385 3686 precipiendo
1399 3617 1473 3662 nan-

363 3700 486 3787 damus,
512 3695 676 3788 quatenus
698 3706 835 3773 mittatis
862 3728 960 3774 unum
978 3730 1018 3776 ex
1035 3710 1127 3774 uobis
1143 3729 1201 3794 pro
1217 3707 1407 3790 testimonio,
1427 3702 1474 3786 uui

362 3809 455 3893 sciat,
471 3815 578 3877 utrum
595 3813 744 3898 predicta
761 3820 848 3881 terra
863 3815 906 3882 sit
923 3835 1044 3903 uacua,
1080 3816 1164 3883 siout
1182 3815 1292 3900 fertur,
1320 3823 1351 3881 et
1375 3812 1413 3881 ad
1427 3830 1474 3876 no·

362 3925 463 3983 stram
480 3921 645 4003 pertinens
663 3921 876 3988 collacionem
902 3925 972 3990 sinc
998 3923 1180 4010 preludieio
1208 3924 1290 3990 iuris
1316 3922 1426 4004 alieni;
1449 3929 1475 3984 et

363 4033 457 4110 prout
473 4027 566 4094 uobis
592 4047 649 4114 per
675 4027 838 4096 bominem
859 4038 1001 4099 uestrum
1018 4029 1206 4116 constiterit,
1231 4031 1325 4098 nobis
1351 4029 1475 4097 fideliter

363 4135 559 4202 rescribatis.
600 4137 720 4203 Datum
752 4138 784 4203 in
817 4145 922 4207 castro
948 4140 1091 4207 Budensi
1122 4141 1155 4206 in
1187 4139 1315 4208 octauis
1342 4133 1476 4206 Bernaba

362 4242 517 4326 Apostoli.

471 4350 537 4416 Nos
569 4372 645 4420 uero
677 4353 815 4440 receptis
848 4355 967 4421 litteris
998 4355 1114 4423 Uestre
1131 4355 1344 4440 Excellencle,
1372 4352 1476 4420 uestris
1538 4357 1539 4360 ’

364 4456 524 4542 preceptis
541 4463 573 4523 et
588 4460 752 4527 mandatis
770 4460 901 4526 obedire
919 4461 1095 4549 cupientes,
1117 4469 1152 4528 ut
1168 4469 1322 4550 tenemur,
1346 4459 1476 4528 misimus

364 4585 460 4630 vnum
486 4587 526 4632 cx
551 4566 644 4633 nobis
671 4589 729 4654 pro
756 4570 940 4636 testimonio
967 4591 1063 4654 super
1090 4569 1207 4638 facicm
1234 4569 1376 4656 predicte
1403 4576 1476 4631 terre
