3124 5158
794 281 958 382 ’.ρ-πὶ-

312 482 356 548 ad
370 479 537 549 meridiem
553 479 597 546 ad
613 486 754 566 puteum,
775 485 807 544 et
821 475 938 545 transit
954 476 997 544 ad
1013 475 1175 562 paludem,
1190 481 1223 544 et
1238 476 1272 542 in
1288 475 1434 543 iunotura

313 590 448 656 duarum
464 608 633 674 aquarum,
659 607 722 670 qne
746 585 836 655 vadit
854 585 896 652 de
910 584 1026 652 Kosuk
1053 581 1149 670 etde
1168 583 1296 668 Vegaar
1311 589 1436 662 vocata,

313 706 362 765 est
377 705 465 764 meta
480 695 617 779 antiqua
631 699 663 758 et
678 714 773 778 noua,
799 693 868 759 vbi
879 699 964 759 mete
989 690 1130 777 Capituli
1154 691 1307 759 Albenaia
1323 693 1435 759 finiun·

312 813 381 888 tur,
406 825 469 890 que
494 802 625 887 quidem
653 821 749 885 aque,
773 800 925 867 videlieet
941 799 1068 884 Vegsar
1085 819 1143 884 per
1162 798 1306 864 medinm
1321 797 1434 863 diuidi·
1540 831 1543 894 ‚3

313 913 415 981 turin
433 919 525 1000 prato
540 913 625 978 inter
642 911 780 998 populea
796 911 837 977 de
853 909 980 994 Kosulr,
1004 914 1037 974 et
1057 909 1195 994 populos
1210 907 1386 990 Reginalea
1397 907 1435 972 de

313 1023 410 1106 Busu,
428 1021 523 1087 etsie
539 1026 623 1086 mete
639 1019 830 1104 populorum
841 1016 881 1084 de
891 1017 992 1084 Besae
1007 1015 1178 1098 finiuntur3
1196 1013 1316 1081 abhinc
1332 1033 1435 1100 proee·
1473 1075 1478 1090 ,

313 1122 1435 1211 denaadaquilonemetpermediumaqueVegaarperuenietadeapi-

313 1236 414 1304 talem
430 1241 551 1302 metam
567 1233 607 1300 de
623 1235 712 1318 Bele,
738 1239 770 1300 et
794 1231 841 1299 aio
865 1238 950 1297 mota
974 1231 1117 1316 ipsarum
1134 1229 1269 1295 duarum
1285 1231 1435 1298 villarum

313 1343 473 1410 inelusiue
497 1343 716 1410 terminantur.
752 1342 801 1408 He
833 1346 910 1408 aunt
932 1344 1017 1406 mete
1041 1339 1235 1424 populorum
1259 1336 1300 1406 de
1326 1339 1436 1404 Koank

313 1449 450 1517 Ghakan
465 1443 597 1517 vooat‘e:
630 1449 739 1516 Prima
769 1448 885 1533 inoipit
909 1468 931 1514 a
955 1451 1049 1532 parte
1073 1447 1227 1512 orientali
1251 1446 1293 1512 de
1319 1445 1436 1531 palude

313 1557 439 1641 Vegaar
462 1579 484 1625 a
509 1558 580 1624 looo
606 1555 785 1623 molendini
800 1552 1034 1623 Ornoiferorum
1051 1553 1093 1620 de
1107 1553 1221 1637 Dada;
1246 1554 1327 1621 inde
1353 1553 1437 1620 radit

313 1665 356 1731 a'd
371 1663 591 1749 oooidentemf,
623 1664 678 1730 vbi
710 1665 802 1730 iuxta
827 1663 915 1729 uiam
935 1667 985 1728 eat
1000 1669 1087 1728 meta
1102 1682 1190 1730 noua
1199 1713 1207 1746 ,
1245 1669 1277 1727 et
1292 1661 1342 1728 aio
1357 1666 1437 1726 mete

312 1771 413 1858 ipsius
431 1770 586 1839 Ornoiieri
602 1771 764 1855 liniuntur,
783 1778 815 1836 et
831 1771 945 1854 inoipit
969 1776 1078 1835 tenere
1099 1775 1203 1836 metas
1219 1789 1290 1835 oum
1308 1768 1435 1853 populis
1546 1809 1548 1822 ‹

313 1879 501 1963 Menasterij
526 1877 567 1944 de
590 1877 689 1963 Zelyn
716 1878 757 1944 de
787 1877 871 1944 villa
899 1879 1026 1960 Talon,
1060 1876 1137 1942 inde
1176 1895 1291 1942 versus
1317 1875 1436 1959 aquilo·

313 2007 386 2053 nem
423 1985 599 2072 procedens
638 2004 697 2070 per
728 1991 831 2052 metas
870 1984 1040 2051 continuas
1080 1977 1234 2067 antiquas
1270 1990 1303 2050 at
1337 2003 1436 2050 nonas

313 2091 483 2178 perueniat
499 2092 542 2158 ad
559 2091 716 2175 angulum
732 2091 826 2177 silue,
851 2096 979 2156 etaunt
1005 2089 1067 2156 due
1084 2095 1211 2156 veteres
1228 2097 1313 2180 mete
1331 2097 1363 2156 at
1376 2111 1437 2157 vna

312 2219 416 2286 noua,
441 2199 496 2266 vbi
521 2204 606 2264 mete
630 2199 821 2283 populorum
846 2197 1035 2281 Monaaterij
1053 2197 1192 2282 predicti
1207 2197 1384 2278 finiuntur,
1408 2205 1437 2262 el

220 2329 222 2345 ¹
311 2311 486 2391 iunguntur
502 2305 596 2372 metis
613 2303 748 2372 Comitis
762 2305 932 2390 Laureneij
952 2302 993 2405 de
1009 2303 1125 2388 Dana,
1148 2303 1234 2371 vnde
1261 2303 1437 2389 prooedens

313 2415 348 2480 in
363 2414 419 2481 via
433 2433 490 2499 per
506 2411 646 2480 medium
663 2411 804 2478 nemoris
829 2409 918 2478 eadit
938 2413 981 2478 ad
997 2410 1151 2496 paludem
1176 2410 1322 2498 Vegaar,
1346 2419 1378 2477 et
1394 2413 1439 2478 aio

312 2521 472 2589 veniendo
488 2541 545 2606 per
560 2517 699 2586 mediam
730 2518 884 2604 paludem
917 2518 1005 2585 eadit
1032 2519 1075 2585 ad
1099 2525 1220 2587 metam
1250 2519 1392 2602 priorem
1406 2520 1437 2584 in

312 2631 385 2696 looo
402 2625 588 2714 molendini,
612 2633 643 2696 et
660 2627 705 2696 ibi
722 2627 924 2706 terminatur.
957 2629 1037 2694 Item
1065 2645 1178 2694 aursus
1194 2633 1355 2695 metarum
1372 2648 1437 2714 pre·

313 2737 399 2804 diete
416 2744 501 2802 terro
526 2735 615 2804 the
630 2735 691 2803 hoo
707 2734 818 2802 ordine
835 2733 1072 2819 distinguntur:
1097 2733 1205 2799 Prima
1221 2739 1309 2801 meta
1326 2735 1438 2820 ineipit

313 2850 445 2931 aparte
460 2841 665 2911 meridionali
692 2844 726 2910 in
750 2863 872 2928 magna
896 2842 970 2930 via,
994 2863 1056 2929 que
1075 2843 1222 2929 procedit
1237 2865 1296 2929 per
1311 2851 1438 2930 pontem

313 2953 471 3021 iaoentem
498 2953 533 3018 in
559 2951 659 3019 fluuio
685 2952 807 3037 Kopua,
830 2950 934 3019 tendit
958 2971 1060 3035 usque
1084 2952 1192 3038 uiam,
1219 2971 1282 3035 que
1307 2959 1439 3020 vooatur

315 3063 531 3147 Beseneuuta,
556 3080 617 3145 qne
632 3058 845 3143 relinquitur,
874 3059 988 3127 exindo
1008 3079 1104 3144 super
1120 3059 1257 3127 eandem
1272 3061 1359 3129 viam
1376 3079 1438 3126 ma·

314 3188 413 3252 gnam
429 3165 641 3252 progrediens
664 3167 706 3232 ad
722 3174 848 3252 partem
873 3166 1119 3233 meridionalem
1145 3168 1269 3234 direote
1295 3168 1340 3233 ad
1359 3167 1441 3235 duaa

314 3279 428 3358 metas,
454 3291 517 3354 que
533 3280 640 3340 ereata
659 3280 735 3340 aunt
750 3273 841 3340 iuxta
857 3273 963 3358 ipsam
979 3259 1065 3340 ria'm
1082 3276 1171 3340 eirea
1187 3274 1319 3342 arbores
1334 3277 1441 3356 Rusei,

314 3381 441 3447 soilioet
456 3381 669 3467 pyartyaanfa
688 3399 729 3446 ex
744 3387 880 3463 utraque
898 3387 992 3465 parte
1007 3381 1042 3446 in
1058 3387 1147 3448 terra
1162 3381 1313 3448 Custodia
1330 3381 1441 3448 Euole-

315 3485 362 3552 sie
378 3483 531 3552 Albensis
557 3507 577 3550 a
596 3491 690 3571 parte
706 3487 877 3573 orientali,
901 3506 943 3554 ex
971 3485 1041 3553 alia
1065 3488 1100 3552 in
1124 3488 1200 3572 ipsa
1214 3495 1303 3554 terra
1318 3488 1404 3552 Eeho
1421 3509 1442 3553 a

315 3599 408 3678 parte
424 3592 637 3678 oeeidentali3
662 3592 781 3662 deinde
806 3593 897 3663 vadit
924 3615 1023 3680 super
1043 3592 1178 3661 eandem
1193 3593 1282 3662 viam
1298 3591 1342 3660 ad
1357 3594 1443 3662 duaa

315 3704 418 3767 metas
435 3697 476 3766 ad
492 3706 634 3767 montem
650 3701 857 3768 ascendendo
872 3701 1011 3788 direote,
1035 3720 1098 3786 que
1117 3708 1224 3770 ereata
1239 3708 1315 3770 sunt
1330 3701 1443 3767 simili-

314 3813 364 3873 ter
394 3809 482 3874 eirea
507 3805 589 3874 duaa
615 3809 747 3875 arborea
773 3809 853 3894 sagy
884 3809 918 3876 in
942 3816 1030 3877 terra
1054 3808 1226 3894 Custodia,
1250 3815 1283 3874 et
1307 3808 1388 3897 tylia
1404 3809 1440 3874 in

314 3921 399 3981 terra
415 3912 522 3998 the;
547 3913 632 3980 vnde
663 3915 867 4001 progreditur
891 3915 935 3984 ad
960 3917 1043 3984 duas
1068 3923 1172 3984 metas
1197 3915 1317 3984 direote
1343 3935 1445 4002 snpra

315 4023 453 4091 eandem
469 4021 555 4089 viam
567 4071 576 4107 ,
602 4042 664 4106 que
689 4032 765 4093 sunt
789 4032 895 4094 ereata
915 4027 951 4094 iu
967 4026 1054 4094 exitu
1079 4025 1163 4094 silue
1187 4025 1274 4092 eirea
1292 4026 1442 4092 arborem

314 4129 394 4216 iagy
409 4148 563 4215 magnam
579 4129 614 4195 in
630 4137 720 4199 terra
734 4133 884 4201 Custodia
904 4133 1059 4221 predicti,
1099 4140 1131 4198 et
1161 4133 1286 4200 arboria
1310 4133 1391 4199 Rusi
1407 4133 1444 4199 in

314 4243 403 4302 terra
418 4235 524 4303 the:
550 4235 633 4303 vnde
649 4256 747 4324 super
763 4237 942 4326 prediotam
965 4241 1052 4309 viam
1080 4239 1248 4308 deseendit
1274 4239 1317 4305 ad
1342 4259 1442 4324 quen-

315 4343 391 4408 dam
407 4342 551 4429 fluuium,
580 4341 700 4432 (iuxta)
717 4365 812 4431 quem
828 4347 972 4434 fluuium,
995 4355 1030 4415 vt
1049 4347 1171 4416 dietum
1187 4353 1247 4431 est,
1265 4351 1332 4416 stat
1346 4345 1444 4413 arbor

317 4468 380 4531 que
395 4455 531 4515 voeatur
544 4455 804 4542 ppamulalaeufa,
827 4453 881 4520 vbi
900 4453 1087 4540 distingitur
1104 4455 1178 4542 ipsa
1193 4461 1281 4524 terra
1296 4451 1386 4522 the
1400 4451 1443 4519 da

318 4563 409 4621 terra
439 4556 597 4641 Stephani
620 4557 679 4644 filij
704 4558 857 4649 Lydorlr,
887 4579 951 4645 que
975 4567 1025 4630 eat
1048 4567 1138 4628 meta
1162 4561 1333 4648 oapitelis;
1364 4559 1444 4628 inde
