3140 5150
594 337 754 437 *Q

1 519 5 524 ’
111 529 315 601 occidentem
340 530 384 600 ad
400 529 484 600 duas
510 537 613 601 metas
637 531 672 598 in
697 537 787 600 terra
803 531 912 600 Teluk
936 532 1020 601 inter
1044 551 1164 619 paruas
1188 553 1240 601 ar-

111 643 206 709 bores
222 639 318 727 pruni
334 645 480 725 erectas3
505 645 539 706 et
564 640 605 707 de
621 639 743 708 eisdem
759 639 881 709 directe
900 643 1018 710 transit
1037 641 1081 710 ad
1096 641 1241 709 occiden-

109 756 174 816 tem
199 748 245 816 ad
269 748 353 816 duas
377 753 501 832 motas,
526 766 661 832 quarum
687 755 813 817 unaest
837 751 896 819 suh
921 751 1039 818 arbore
1059 749 1189 817 cherasi
1205 750 1241 816 in

111 857 265 944 uirgulto,
291 857 358 924 alia
373 861 425 924 est
439 860 564 942 terrea;
589 853 709 923 abhinc
734 855 857 926 directe
873 856 980 925 adhue
995 855 1086 927 uadit
1102 858 1145 925 ad
1161 857 1241 924 ecci·

112 964 243 1032 dentem
259 963 303 1032 ad
319 963 402 1031 duas
428 969 532 1031 metas
557 965 617 1032 sub
633 965 722 1032 silua
737 963 816 1032 dicti
832 965 920 1034 Onth
934 967 1105 1034 Zunurens
1120 971 1241 1033 uocata

111 1075 146 1140 in
162 1079 251 1141 terra
276 1079 412 1157 erectus,
437 1077 470 1138 et
494 1071 540 1139 ibi
556 1073 759 1140 terminatur.
782 1075 825 1140 Et
850 1073 897 1140 sic
921 1075 1033 1141 existit
1057 1079 1146 1141 terra
1162 1071 1241 1140 dieti

112 1179 201 1247 Onth
225 1181 268 1246 ab
293 1180 463 1266 aquilone,
487 1185 576 1248 terra
600 1201 677 1249 uero
702 1180 920 1268 predictorum
944 1180 1083 1249 filiorum
1103 1181 1240 1248 comitis

115 1287 263 1373 Ohepani
279 1287 650 1356 ameridieremanente.
674 1289 716 1354 Et
731 1289 817 1372 qnod
842 1288 927 1366 iuter
944 1292 1053 1374 partes
1078 1295 1112 1356 et
1132 1307 1242 1356 eorum

111 1397 196 1464 inter
211 1395 347 1464 heredes
371 1395 491 1480 aliquis
519 1397 690 1483 serupulus
717 1397 896 1479 questionis
921 1395 955 1462 in
980 1397 1122 1464 futurum
1143 1417 1242 1484 super

112 1504 275 1572 diuisione
299 1505 445 1590 predicte
470 1510 559 1573 terre
582 1524 647 1572 nou
671 1502 776 1590 possit
799 1503 978 1591 susscitari,
1003 1510 1174 1590 presentes
1198 1503 1242 1572 ad

112 1612 305 1700 peticionem
335 1611 480 1699 parcium
504 1612 538 1679 in
563 1610 782 1682 testimonium
821 1613 980 1698 premisse
1013 1613 1062 1680 rei
1088 1612 1237 1681 dedimus

112 1721 257 1806 utrisque
270 1719 419 1808 partibus
434 1718 686 1806 litterasfnostro
702 1720 814 1806 sigillo
829 1719 1048 1799 communitas,
1069 1741 1155 1788 anno
1171 1723 1239 1788 Do-

113 1829 193 1898 mini
207 1829 320 1900 M⁰cc⁰
337 1831 578 1918 septuagesimo
593 1829 715 1915 quinto.
739 1830 896 1914 Magistro
912 1829 1080 1926 Demetrio
1095 1829 1241 1898 Ecclesie

113 1947 223 2008 nostre
238 1938 420 2027 Proposito,
440 1939 542 2028 Myke
559 1939 707 2026 dantem,
729 1937 897 2006 Felieiauo
914 1937 1065 2023 Custode,
1088 1937 1163 2005 Hah
1178 1939 1241 2004 De·

114 2066 196 2114 cauo
211 2046 441 2116 existentibus.
1314 2039 1315 2042 '

118 2231 251 2298 [Eredetie
264 2226 443 2298 hdrhdrtydn,
463 2229 578 2298 afdggd
594 2227 687 2298 pecsdt
704 2227 847 2293 elvesaett,
866 2244 884 2280 a
901 2227 983 2280 hudai
1002 2227 1055 2278 hir.
1068 2225 1192 2280 kamarai
1204 2226 1243 2278 le-

597 2315 765 2387 vdltdrbau.)

597 2989 600 2994 .
649 2923 705 2992 el.

112 3129 142 3195 A
153 3131 313 3217 pozsoaya'
337 3129 559 3215 ltdptolaacak
583 3126 857 3212 dizooycdpleocde,
881 3127 964 3210 hoqy
984 3121 1163 3191 Onattdtozt
1186 3119 1244 3184 Iet-

113 3239 242 3304 ndnaak
258 3238 329 3320 fiai
342 3237 459 3322 mapale
474 3236 545 3300 kdzt
560 3231 649 3299 Am
663 3240 742 3298 nevit
758 3233 1017 3299 drdkbirtokokot
1023 3227 1243 3316 seloaztottdk·

632 3341 728 3407 1275.

221 3537 408 3626 Capitulum
439 3534 585 3604 Ecclesia
618 3533 827 3602 Poscnieusis
867 3534 1089 3618 significamus
1128 3535 1244 3619 quibus

113 3647 248 3737 expedit
263 3647 436 3732 uniuersis,
463 3644 550 3730 quod
575 3641 733 3712 accedens
749 3642 792 3708 ad
808 3649 954 3710 nostram
970 3645 1172 3728 presenciam
1189 3641 1209 3708 J
1212 3663 1242 3707 a·

113 3761 215 3824 cobus
233 3765 266 3824 et
281 3754 457 3823 Ladislaus
473 3753 533 3836 filij
552 3752 708 3837 Stephani
725 3751 766 3817 dc
780 3750 971 3838 dhallohuz,
987 3756 1196 3818 asseruerunt
1214 3755 1246 3815 et

113 3865 276 3950 dixerunt,
298 3861 385 3948 quod
401 3860 566 3944 quandam
581 3859 693 3927 villam
710 3858 854 3945 ipsorum
869 3859 954 3926 Arne
970 3865 1130 3943 uocatam,
1155 3858 1242 3923 circa

112 3972 288 4041 Homonow
304 3969 507 4054 existentem,
524 3966 733 4052 diuisissent,
757 3986 799 4032 ne
815 3966 939 4052 pluries
960 3965 1046 4031 inter
1069 3963 1158 4049 ipsos
1176 3961 1246 4031 rixe

112 4085 288 4148 emaueaut
313 4074 417 4163 (igy);
446 4074 506 4144 tali
531 4074 635 4162 modo,
662 4075 751 4160 quod
776 4073 818 4142 de
843 4073 936 4140 curia
960 4071 1003 4138 ad
1028 4072 1151 4139 curiam
1175 4091 1242 4137 me·

113 4188 220 4254 dictas
244 4187 312 4253 iam
338 4185 424 4252 dicte
440 4185 520 4252 ville
545 4185 645 4250 cessit
661 4183 787 4252 Jacobo
812 4189 845 4250 et
869 4182 938 4249 suis
963 4179 1148 4264 heredibus,
1175 4179 1243 4244 alia

111 4317 191 4364 vero
216 4313 294 4381 pars
320 4292 419 4362 cessit
442 4291 597 4359 Ladislao
614 4311 702 4357 nunc
724 4291 823 4376 dicto,
849 4299 882 4358 et
896 4309 955 4378 per
970 4309 1043 4356 eum
1068 4287 1137 4355 suis
1153 4287 1245 4353 here-

111 4403 220 4489 dibus,
244 4401 464 4488 heredumque
488 4421 619 4470 suorum
635 4399 887 4468 successoribus.
917 4397 1116 4483 Obligarnnt
1134 4404 1244 4464 tamen

110 4511 255 4598 seipsos
270 4510 331 4578 tali
347 4509 453 4598 modo,
468 4509 556 4595 qnod
571 4509 830 4594 quandocunque
845 4509 985 4578 Jacobus
1001 4505 1054 4574 vel
1068 4501 1243 4572 Ladislaus

111 4627 171 4686 aut
196 4617 343 4705 ipsorum
368 4617 505 4690 heredes
529 4609 606 4686 iam
621 4615 707 4686 dicte
733 4615 886 4687 diuisioni
907 4613 1168 4688 contradicerent
1191 4613 1263 4688 rel¹
