3126 5150
541 294 702 390 *Q

70 487 193 571 lnpensa
218 505 283 554 nou
300 485 393 552 faeta
418 509 490 555 esse
515 508 580 554 neu
598 495 753 575 possunt,
779 488 828 555 rie
844 493 877 554 et
902 487 1099 556 donaciones
1125 507 1184 574 pre

71 594 232 681 meritorijs
248 594 400 681 seruieijs
425 597 527 664 semel
551 596 638 662 lacte
654 617 719 663 nou
736 595 855 662 debent
880 597 1046 664 reuocari:
1071 615 1185 664 omues

71 701 289 792 possessiones,
317 725 455 789 quarum
471 706 603 772 nomina
629 705 662 770 in
679 705 750 790 ipso
766 703 940 790 priuilegio
963 705 1066 790 patris
1082 707 1185 774 uestri

71 811 277 897 continentur,
302 813 399 880 simul
425 834 496 880 cum
523 813 672 882 omnibus
698 812 893 880 utilitatibus
917 819 951 880 et
977 812 1185 900 pertineneijs

70 925 128 992 suis
142 925 247 994 eidem
264 919 422 1006 Magistro
439 920 597 988 Aladarie
622 927 654 988 ct
670 922 739 989 suis
760 920 944 1007 heredibus,
967 921 1185 1006 heredumque

72 1053 189 1100 suerum
207 1031 240 1097 iu
258 1035 449 1116 perpetuum
476 1028 717 1096 successoribus
734 1028 775 1095 de
790 1028 958 1096 uoluntate
983 1037 1015 1095 et
1030 1031 1184 1114 benepla-

72 1139 126 1206 cito
154 1139 283 1205 demine
314 1137 440 1220 Reglne
471 1137 645 1204 karissime
677 1137 791 1204 matris
820 1143 949 1221 nostre,
985 1143 1016 1202 et
1048 1136 1185 1204 oonsilio

70 1249 200 1314 emnium
216 1247 379 1313 Beronum
396 1251 578 1314 uestrorum
597 1243 746 1313 dedimus
768 1251 800 1311 et
815 1244 1012 1311 restituimus
1028 1249 1185 1331 perpetuo

69 1362 96 1420 et
110 1354 371 1423 inreueeabiliter
387 1372 424 1418 eo
440 1353 509 1419 iure
528 1360 561 1420 et
576 1373 615 1420 ea
631 1351 830 1438 integritate,
857 1353 978 1445 quibus
992 1353 1078 1420 idem
1093 1353 1182 1420 Sere·

68 1460 213 1528 nissimus
237 1467 332 1546 pater
348 1464 460 1527 uester
486 1459 590 1546 prime
616 1459 721 1528 eidem
746 1459 928 1527 contulerat
951 1459 1183 1545 possideudes;

68 1575 227 1636 cassantes
260 1567 351 1634 etin
377 1568 506 1634 irritum
535 1576 726 1637 reuocantes
752 1589 792 1635 ac
815 1567 908 1634 irrita
932 1567 1184 1653 pronunciantes

68 1678 166 1744 omnia
181 1676 358 1762 priuilegia
383 1683 415 1742 et
434 1675 656 1761 instrumenta,
684 1696 746 1760 que
761 1682 833 1761 post
854 1675 1065 1743 eollaoiouem
1082 1677 1184 1744 karis-

68 1786 134 1852 simi
160 1785 262 1869 patris
286 1786 389 1852 uestri
406 1785 469 1871 ipsi
484 1785 642 1868 Magistro
659 1779 812 1852 bladario
837 1784 969 1872 laetam,
996 1805 1185 1869 quocunque

69 1893 153 1960 mode
177 1901 290 1961 eontra
314 1892 420 1979 ipsam
446 1893 662 1978 qualicunque
687 1901 802 1960 tenere
834 1894 885 1959 uel
910 1912 1113 1977 quacumque
1134 1912 1183 1957 ra-

65 2004 149 2070 cione
163 2023 220 2070 seu
237 2004 410 2070 occasione
435 2023 533 2088 super
549 2004 631 2090 ipsis
656 2001 919 2088 possessionibus
944 2023 1001 2088 per
1018 1991 1183 2088 possesse·

65 2133 111 2179 res
125 2112 334 2180 intermedies
360 2113 491 2181 fuerunt
515 2113 697 2199 impetrata.
723 2113 762 2179 In
779 2111 869 2179 euius
886 2112 934 2178 rei
959 2109 1182 2178 testimouium

64 2226 295 2308 etperpetuam
310 2221 496 2288 firmitatem
522 2227 690 2307 presentes
716 2219 934 2288 concessimus
960 2217 1183 2302 litterasdup·

63 2329 149 2412 plicis
173 2329 276 2412 sigilli
301 2331 402 2394 nostri
428 2327 605 2394 munimine
629 2330 809 2395 roboratas.
844 2329 963 2392 Datum
990 2345 1048 2410 per
1068 2345 1183 2392 manus

63 2437 203 2520 Magistri
220 2435 351 2502 Nicolai
368 2435 521 2504 Albensis
537 2437 682 2504 Ecclesia
701 2436 862 2522 Prepesiti
878 2434 1094 2501 Transilvane
1109 2433 1184 2501 aule

63 2550 163 2610 nostre
179 2545 259 2611 Vice
275 2542 472 2629 Gancellarij
500 2544 610 2610 dilecti
635 2553 668 2610 et
691 2544 798 2610 fidelis
824 2545 928 2612 nestri
951 2563 1036 2610 auno
1052 2540 1183 2609 Demiui

62 2650 273 2718 ll⁰GG⁰LXX⁰
290 2652 401 2737 tertio,
428 2659 544 2734 quarte
562 2649 636 2718 idus
653 2651 814 2736 Januarij‚
835 2651 937 2735 Regni
956 2657 1063 2716 autem
1080 2649 1184 2716 nestri

61 2779 137 2826 anuo
153 2759 269 2845 primo.
287 2761 523 2846 Metropolitiea
534 2760 766 2843 strigoniensis
778 2759 925 2826 Ecclesie
936 2758 1021 2824 Sede
1035 2763 1181 2842 vacante,

61 2867 300 2936 venerabilibus
316 2867 463 2954 patribus
479 2866 644 2952 Stephane
661 2856 834 2934 Geloeensi
859 2873 891 2932 et
905 2867 1055 2933 Johaune
1069 2865 1182 2950 Spale-
1219 2873 1221 2876 ’

61 2975 138 3038 tensi
154 2975 442 3062 Archiepispopis3
468 2976 642 3060 Lamperte
658 2974 816 3058 Agriensi‚
842 2972 906 3039 Job
933 2973 1182 3057 Quinqueeccle·

60 3082 155 3150 sieusi
182 3083 307 3150 Gemite
330 3083 549 3166 Musuniensi‚
576 3082 726 3167 Philippo
742 3081 929 3148 Waehieusi
955 3082 1029 3147 aule
1054 3080 1183 3146 domiue

61 3189 179 3273 Regine
205 3191 379 3258 karissime
403 3191 516 3257 matris
542 3198 649 3256 nostre
675 3189 879 3257 Gaucellarie
905 3196 937 3257 et
953 3189 1079 3256 Gemite
1094 3189 1182 3256 Neu·

59 3298 230 3382 gradiensi,
247 3300 349 3366 Paulo
360 3297 607 3384 Wesprimiensi
622 3299 697 3366 aule
708 3305 816 3364 nostre
827 3295 1041 3383 Ganeellarie,
1058 3295 1182 3362 Brioeio

59 3403 284 3491 cinnamomi,
312 3407 492 3490 Tymetbco
509 3405 734 3494 Zagrabiensi,
751 3405 944 3472 Lodomerie
964 3403 1181 3489 Warndiensi,

58 3509 213 3593 Dyenisie
230 3513 406 3596 lauriensi,
434 3521 467 3579 et
490 3513 566 3596 alijs
583 3513 753 3598 Episcopis
778 3513 943 3580 Ecclesias
960 3511 1021 3578 Dei
1045 3511 1183 3578 lelieiter

59 3620 321 3696 gubernantibus.
345 3619 494 3687 Rolande
510 3621 673 3704 Palatino,
700 3607 791 3686 Bane
807 3620 849 3685 de
864 3619 1001 3686 blachou
1020 3626 1053 3687 et
1067 3620 1182 3686 Judiee

58 3723 290 3813 Gumanorum;
317 3729 446 3794 Matheo
473 3729 564 3795 Bane
590 3728 692 3794 tocius
715 3728 909 3811 Selauenie,
935 3727 1070 3794 Nicolae
1087 3727 1182 3811 Woy-

57 3833 137 3900 neda
162 3837 382 3902 Transilveuo
407 3843 438 3901 et
465 3836 590 3902 Gemite
616 3836 656 3902 de
684 3837 818 3921 Zenuk,
844 3835 1005 3903 Joachino
1028 3834 1181 3918 Magistro

55 3943 307 4012 Tauamieerum
325 3951 488 4012 nostorum
506 3945 629 4012 Gemite
650 3944 691 4010 de
708 3945 829 4030 Pylys;
866 3944 1051 4012 Alexandro
1067 3942 1182 4010 Judiee

55 4047 148 4119 Gurie
165 4059 275 4119 nostre
291 4051 415 4120 Gemite
431 4051 473 4118 de
487 4055 611 4120 Wrbau
621 4105 631 4140 ,
657 4053 814 4119 Ladizlao
834 4053 960 4119 Gemite
977 4049 1179 4136 Posoniensi‚

54 4157 233 4226 Laureneie
251 4157 378 4226 Gemite
401 4159 634 4247 Supruniensi‚
660 4161 795 4228 Herrico
816 4161 907 4228 Bane
933 4160 974 4226 dc
990 4161 1128 4225 Wozera
1149 4166 1182 4224 et

53 4263 91 4331 de
107 4267 185 4350 Seu,
203 4266 372 4353 Stephano
387 4269 479 4335 Bane
494 4267 535 4334 de
551 4270 671 4355 Berua,
698 4269 854 4355 Gregorio
869 4270 961 4334 Bane
978 4267 1018 4333 de
1034 4266 1180 4334 Beroueb

51 4373 137 4438 etde
155 4373 311 4461 Kuchou,
336 4375 478 4443 Emiriee
504 4377 628 4445 Gemite
648 4375 864 4462 symigiensi,
891 4373 1043 4442 Johanne
1057 4375 1181 4442 Gemite

51 4479 252 4568 Zeladieusi,
278 4481 422 4550 Omedee
447 4484 571 4552 Gemite
597 4484 704 4552 Gastri
728 4483 858 4567 Ferrei,
885 4480 1006 4566 Vgriuo
1021 4479 1180 4566 Magistro
1264 4511 1267 4518 ·

51 4587 237 4674 Agauenum
258 4597 441 4666 uestrorum
460 4593 585 4663 Gemite
604 4593 792 4682 Syrmiensi,
818 4591 921 4659 Paulo
937 4591 1029 4660 Bane
1044 4589 1086 4660 dc
1100 4589 1180 4658 Zeu·
