3138 5164
833 295 900 365 468

302 491 336 556 in
352 489 528 576 mendatis,
540 487 849 558 utsnnmhominem
860 488 1023 556 mitterent
1038 459 1098 574 pro
1112 489 1309 576 testimonio,
1320 509 1426 556 corum

306 617 371 683 quo
386 595 562 663 Ludislaus
586 595 670 664 iilius
686 595 829 682 Lupreth
848 594 890 662 de
913 595 1078 662 Iulefencr
1102 596 1197 662 homo
1215 607 1325 663 noster
1340 617 1426 663 ecce-

305 703 398 771 deret
412 703 457 770 ed
473 709 592 770 terram
608 702 732 786 thtre,
746 702 880 787 Baiisey
897 709 929 769 et
946 701 1094 789 Gregorij
1118 705 1337 788 predictorum
1353 705 1433 772 Gor-

305 809 396 878 moth
412 817 571 895 vocatam,
590 816 622 876 et
637 810 734 876 sciret
748 811 795 876 rei
805 810 977 876 ueritatem
988 811 1029 876 de
1048 810 1197 896 predicta
1212 819 1309 892 terra,
1327 819 1429 877 strum

308 923 397 986 essct
411 935 513 984 vacua
531 922 563 981 et
578 915 812 983 habitatoribus
844 915 1021 1006 destitute,
1036 937 1097 984 nec
1120 936 1181 1002 nc;
1200 926 1233 984 et
1248 919 1277 984 si
1293 937 1434 985 uacuam·

311 1023 447 1090 andem
464 1022 607 1104 inuenit,
624 1029 782 1090 statueret
805 1021 891 1090 dicto
907 1024 1066 1108 Magistro
1081 1025 1201 1112 Znard,
1217 1027 1245 1091 si
1259 1045 1326 1091 nou
1341 1025 1430 1090 ficret

307 1129 552 1212 conhadiotum,
569 1127 820 1196 contradictores
843 1149 921 1196 vcro
945 1129 989 1196 ad
1003 1137 1149 1196 nostram
1175 1131 1290 1198 citaret
1304 1149 1435 1216 presen-

311 1237 394 1302 cium
411 1235 455 1301 ad
470 1235 640 1302 terminum
649 1241 896 1321 competentem.
917 1237 980 1316 Qui
990 1238 1120 1321 quidem
1136 1239 1324 1305 Conucntus
1340 1237 1432 1302 nohis

311 1343 440 1410 demum
455 1343 628 1428 rescripsit
641 1342 674 1406 in
698 1331 895 1410 hec'ncrhe:

417 1449 701 1517 Excellentissimo
716 1449 846 1516 domiuo
861 1469 919 1516 suo
934 1450 970 1514 L.
989 1449 1030 1514 D.
1047 1469 1094 1533 gr.
1111 1451 1232 1518 illustri
1246 1449 1330 1532 Regi
1343 1449 1428 1514 Hun-

310 1557 403 1639 gerie
416 1553 604 1622 conuentus
614 1555 813 1624 Cruciierum
824 1553 935 1622 Sancti
951 1555 1052 1640 Regis
1062 1555 1217 1640 Stephani
1229 1557 1290 1622 sth.
1307 1553 1433 1641 (horst-

308 1661 406 1726 irerik
421 1683 443 1728 a
457 1661 1437 1746 keresstesehesrtergamikouventjenek1288=kijeientese

309 1767 392 1834 mint
407 1767 507 1836 eithh
517 1771 593 1836 352.
610 1787 653 1834 su.
669 1766 716 1854 a.)

420 1875 489 1942 Nos
505 1875 617 1958 itaque
633 1875 881 1944 considerantes
895 1873 1063 1942 fidelitatis
1078 1882 1111 1942 et
1134 1873 1348 1941 seruicioram
1371 1891 1438 1939 me·

315 1980 382 2048 rite
397 1979 476 2047 dicti
491 1981 639 2066 Magistri
668 1980 784 2070 Zusrd,
814 1981 939 2064 quibus,
965 1983 1000 2048 in
1032 1981 1172 2049 diuersis
1202 1981 1311 2065 Regni
1335 1983 1437 2047 nostri

310 2085 578 2174 expedicionihus
592 2106 698 2154 coram
714 2097 822 2156 nostre
837 2087 1020 2156 Maiestatis
1037 2087 1142 2154 oculis
1156 2086 1271 2152 meruit
1281 2087 1433 2171 multipli-

312 2194 392 2262 citer
408 2193 638 2280 commendari,
654 2194 793 2262 eandem
807 2201 925 2260 terram
941 2193 1099 2261 Gormoth
1114 2212 1187 2259 cum
1201 2195 1269 2258 suis
1288 2191 1439 2260 utilitati-

312 2301 373 2368 hus
390 2309 422 2368 et
437 2299 646 2389 pertinencijs
666 2300 838 2383 uniuersis,
852 2319 913 2384 que
928 2297 990 2366 init
1004 2299 1131 2383 Ohetre,
1148 2299 1282 2384 Balisey
1298 2306 1331 2365 et
1357 2299 1433 2366 (irre-

87 2475 93 2490 ,
191 2471 200 2492 ,
315 2406 394 2490 gorij
421 2406 639 2492 predictorum
669 2407 740 2474 sine
764 2407 885 2473 herede
910 2403 1149 2484 decedcncinm,
1174 2403 1220 2470 ud
1242 2423 1359 2472 manus
1382 2426 1442 2470 no-

315 2515 400 2582 stres
415 2513 547 2600 Regias,
557 2520 591 2580 vt
601 2512 818 2598 premisimus,
829 2512 1025 2597 deuolutam,
1035 2509 1140 2577 eidem
1149 2510 1307 2595 Magistro
1322 2512 1441 2596 Zuerd,

314 2629 348 2688 et
362 2641 422 2706 per
437 2639 510 2686 eum
526 2621 595 2688 sius
610 2618 783 2688 heredibus
808 2619 1027 2703 heredumque
1043 2636 1174 2684 snorum
1199 2617 1437 2686 successoribus

314 2730 355 2796 de
372 2726 573 2814 plenitudine
588 2733 698 2794 nostre
713 2727 822 2811 gracie
838 2727 999 2810 dedimus,
1016 2725 1221 2810 sustulimus,
1246 2725 1443 2791 tradidimus

314 2842 348 2902 et
363 2835 555 2902 donauimus
569 2833 639 2900 iure
654 2843 809 2919 perpetuo
819 2834 955 2918 pacifice
965 2831 1438 2916 etirreuhcabiliterpossiden·

312 2946 398 3028 darn.
415 2943 458 3008 Vt
470 2940 570 3025 igitur
583 2941 679 3007 huius
695 2945 804 3006 nostre
833 2939 1022 3009 colieciouis
1037 2939 1138 3006 series
1163 2938 1259 3006 robur
1284 2938 1432 3022 optineat

315 3057 471 3136 perpetue
485 3047 650 3115 firmitatis
665 3065 725 3115 nec
741 3046 845 3136 possit
859 3045 925 3114 ullo
940 3065 1082 3140 unquam
1097 3053 1242 3130 tempore
1256 3043 1292 3108 in
1307 3043 1430 3109 irritum

315 3155 492 3242 retractari,
505 3159 672 3241 presentes
689 3153 908 3222 concessimus
922 3153 1050 3221 litteras
1066 3149 1204 3242 duplicis
1220 3149 1322 3233 sigilii
1338 3145 1439 3214 nostri

318 3262 496 3332 munimine
522 3261 694 3328 roboratas
722 3259 844 3326 Datum
875 3278 934 3344 per
964 3275 1081 3324 manus
1111 3253 1309 3322 venerabilis
1340 3252 1444 3339 putris

315 3371 441 3441 'rhome
456 3367 518 3435 Dei
533 3367 644 3452 grecia
658 3365 813 3452 Episcopi
828 3363 1012 3431 Waciensis
1034 3365 1108 3431 aule
1121 3367 1232 3429 nostre
1248 3357 1438 3442 Oancehrrij

320 3479 397 3546 lecti
415 3474 673 3543 etiidelisnestri
684 3497 692 3557 ς
703 3493 790 3540 anno
804 3471 936 3540 Domini
955 3466 1304 3552 M⁰CG⁰octucgesimc
1326 3473 1442 3532 oetam
1548 3471 1549 3484 ¹

317 3585 453 3672 septimo
468 3579 629 3649 kalendas
644 3579 666 3646 J
669 3579 736 3665 ulij,
760 3579 946 3646 Indiccione
962 3578 1075 3664 prima,
1091 3573 1196 3660 Regni
1210 3579 1321 3640 autem
1337 3567 1439 3637 nostri

317 3713 404 3760 anuo
420 3687 592 3758 sedecimo.

315 3907 459 3971 (Eredetie
469 3899 644 3968 bdrhdrtyaim,
655 3919 671 3954 u
681 3901 777 3970 peccet
786 3902 926 3964 elvesnetu
937 3915 955 3952 s
962 3899 1045 3952 hedai
1055 3899 1106 3949 hir.
1116 3897 1240 3948 kamerei
1251 3889 1440 3952 revelarem.)

779 4200 990 4214 και-..κυή-
