3080 5160
602 381 758 507 „aaa

118 583 226 678 aliquo
242 615 338 682 super
355 591 441 666 iacto
457 604 611 666 metarum
628 602 733 688 ipsius
751 611 839 670 terre
848 603 999 690 Kuarzeg
1011 609 1125 672 nocete
1136 579 1244 672 Oestri

119 703 302 796 Hontensis,
320 714 416 794 prout
431 707 465 774 in
481 708 603 775 eisdem
620 707 738 777 litteris
754 709 1015 795 priuilegialibus
1032 709 1154 778 domini
1180 714 1241 780 Re-

119 811 168 896 gis
183 819 266 882 mete
282 815 468 902 supradicte
484 823 569 885 terre
585 839 606 884 a
621 819 717 886 terris
738 817 879 905 Pannan,
895 819 1043 907 Nycoiaj,
1062 820 1243 906 Laurencij,

120 919 284 1007 Lamperti
295 944 334 993 ac
344 927 481 1004 aliorum
491 926 709 1014 predictarum
725 931 870 1014 parcium
882 926 1140 1013 distingebantur
1155 937 1187 996 ct
1197 950 1243 997 so

118 1031 327 1121 parabantur,
337 1035 370 1101 in
382 1033 496 1102 eadem
507 1034 662 1120 qualitate
682 1043 715 1104 et
726 1036 918 1125 quantitate,
929 1035 993 1121 ipsi
1003 1036 1154 1105 videlicet
1164 1038 1243 1105 Paz-

117 1159 191 1226 nan,
201 1141 378 1230 Nycolaus,
387 1143 597 1232 Laurencius,
610 1143 703 1234 Elek,
712 1146 905 1231 Lampertus
915 1151 947 1212 et
957 1143 1142 1230 Stephanus
1153 1165 1243 1230 sepe-

117 1245 195 1314 dicti
205 1269 263 1335 per
272 1250 478 1320 amicabilem
488 1251 756 1338 composicionem
768 1273 876 1321 corum
887 1253 978 1320 nobis
990 1252 1121 1332 iactam,
1128 1257 1160 1318 et
1171 1273 1242 1337 pro·

116 1361 189 1438 pter
204 1358 295 1441 pacis
312 1357 462 1425 unionem
478 1358 676 1444 reliquerunt
693 1368 725 1428 et
742 1361 990 1446 resignanernnt
1005 1361 1070 1446 ipsi
1086 1359 1242 1444 Magistro

116 1460 246 1532 Andree
255 1465 360 1551 ipsam
371 1469 490 1534 terram
504 1468 654 1552 Kuarzeg
665 1474 813 1536 uocatam
824 1471 884 1536 snb
894 1466 1016 1536 eisdem
1027 1467 1120 1535 metis
1134 1465 1242 1552 pacifi-

116 1589 152 1637 ce
168 1572 399 1659 possidendam
412 1583 443 1643 et
455 1575 648 1644 habendam.
659 1577 756 1645 Cuius
768 1576 898 1662 quidem
915 1583 1000 1643 terre
1014 1596 1127 1642 cursus
1142 1582 1243 1642 meta·

113 1699 184 1757 rum
200 1682 234 1748 in
250 1681 369 1749 eisdem
384 1684 501 1752 litteris
518 1684 780 1770 priuilegialibns
792 1685 914 1753 domini
924 1683 1024 1769 Regis
1034 1686 1113 1751 Belc
1129 1704 1236 1750 coram
1322 1672 1325 1676 ’

113 1788 207 1856 nobis
233 1790 383 1859 exhibitis
408 1792 442 1859 in
465 1793 551 1861 bunc
565 1793 695 1861 modum
722 1794 994 1880 distingebantur.
1026 1794 1137 1860 Prima
1152 1799 1238 1858 mete

112 1894 231 1983 incipit
253 1921 274 1966 a
299 1905 396 1986 parte
421 1901 573 1969 orientali
599 1901 640 1970 de
665 1895 753 1970 terra
776 1905 928 1988 Kuarneg
949 1909 1077 1989 vocata,
1093 1900 1147 1968 vbi
1164 1906 1239 1968 sunt

115 2004 181 2072 dne
206 2014 292 2076 mete
316 2016 418 2078 terree
434 2012 527 2078 iuxta
542 2011 677 2079 fluuium
693 2012 778 2100 Ipul,
794 2019 827 2080 et
841 2013 886 2080 ibi
902 2012 991 2078 cadit
1006 2007 1050 2076 ad
1064 2011 1170 2096 ipsum
1184 2009 1242 2077 flu·

113 2115 204 2182 nium
228 2117 321 2204 Ipu13
347 2119 466 2187 deinde
491 2126 598 2188 autem
621 2121 731 2198 ¹tendit
746 2141 858 2188 versus
873 2119 1043 2188 meridiem
1059 2118 1239 2186 adtentum

113 2223 292 2314 Lamperti,
317 2246 380 2312 que
404 2229 498 2315 Ryba
525 2235 668 2318 uocatur,
697 2237 728 2297 et
743 2230 843 2296 currit
859 2229 892 2295 in
910 2249 997 2312 aqua
1013 2247 1071 2315 per
1088 2246 1239 2312 magnum
1358 2298 1365 2311 ,

115 2335 265 2420 spacium
290 2337 413 2423 eundo,
439 2345 471 2404 et
492 2337 539 2406 ibi
554 2339 664 2405 ueniet
680 2339 723 2406 ad
739 2337 922 2406 Haradissa
936 2343 1076 2405 castrum
1092 2336 1127 2402 in
1143 2356 1240 2403 vnum

114 2461 231 2509 nemus
240 2442 284 2509 ad
293 2441 502 2526 occidentem,
515 2445 599 2530 quod
608 2446 707 2528 uulgo
724 2444 843 2511 dicitur
857 2443 963 2530 bolm;
981 2449 1013 2509 ct
1028 2463 1129 2529 prope
1146 2442 1239 2508 illum

113 2548 329 2616 monticulum
347 2570 461 2636 parum
480 2550 708 2620 descendendo
726 2560 801 2618 sunt
825 2552 888 2618 due
912 2559 997 2618 mete
1021 2556 1139 2636 terree3
1159 2550 1240 2616 etin

114 2656 232 2724 eodem
248 2679 377 2730 nemore
393 2667 442 2730 est
458 2683 521 2728 rna
536 2663 600 2748 via,
618 2683 680 2746 que
704 2663 771 2730 exit
787 2663 827 2728 de
843 2661 900 2728 illo
916 2677 1056 2746 nemore,
1073 2666 1106 2726 et
1122 2660 1240 2727 transit

111 2788 213 2836 unam
238 2789 391 2854 magnam
416 2771 523 2856 viam5
549 2779 581 2838 ct
605 2768 681 2838 inde
704 2759 810 2836 tendit
834 2789 892 2856 per
917 2777 1019 2836 terras
1036 2768 1178 2836 arabiles
1195 2767 1239 2834 ud

111 2897 214 2942 vnam
231 2899 366 2962 paruam
383 2881 509 2968 siluam,
527 2901 590 2966 que
602 2876 729 2968 (uulgo)
740 2879 899 2947 vocabulo
917 2886 1096 2945 erestewen
1111 2877 1239 2962 dicitnr,

110 2985 175 3051 sub
194 2985 285 3053 ouius
301 2987 364 3054 fine
379 2995 454 3055 sunt
469 2989 530 3054 due
546 2996 632 3055 mete
647 2995 769 3072 terree3
798 2996 829 3054 et
844 2989 893 3055 sie
908 2988 998 3054 iuxta
1013 2986 1104 3051 illam
1121 2984 1238 3051 siluam

109 3094 217 3160 currit
242 3115 355 3164 uersus
380 3103 485 3164 motas
510 3095 644 3185 priores,
661 3099 716 3163 ubi
733 3105 808 3165 sunt
823 3096 1036 3163 commetanei
1052 3093 1177 3160 nobiles
1195 3092 1236 3159 de

107 3205 304 3290 Chalamia;
320 3225 382 3290 que
397 3205 526 3290 quidem
551 3205 638 3274 silua
655 3225 710 3274 sen
727 3203 928 3272 herestewen
946 3201 1075 3270 omnino
1091 3207 1236 3267 remanet

106 3313 200 3380 intra
214 3321 318 3382 metas
334 3314 378 3382 ad
394 3323 511 3382 terram
528 3315 677 3400 Kuaraeg
702 3320 850 3381 uocatam
867 3320 898 3381 et
915 3318 1125 3398 prenotatam,
1144 3307 1238 3376 etsie

107 3423 335 3492 terminantur.
361 3421 483 3502 Quibus
512 3445 588 3492 vero
627 3422 744 3490 litteris
777 3421 932 3506 inspectis
967 3419 1180 3506 comperimus
1203 3417 1238 3482 in

108 3532 247 3619 eisdem,
265 3533 368 3618 ipsam
385 3539 505 3601 terram
521 3531 639 3600 Oorniti
655 3531 793 3598 Nicolao
809 3529 894 3614 patri
914 3527 1057 3616 eiusdem
1074 3525 1238 3595 Andreea

108 3641 245 3710 domino
270 3641 349 3707 Bela
375 3643 464 3726 Rege
477 3639 547 3729 {pro
562 3641 737 3728 meritorijs
754 3638 899 3706 seruitiis
917 3637 1061 3705 eiusdem
1085 3636 1237 3705 collatam

108 3759 144 3816 et
171 3749 336 3816 donatam.
361 3749 492 3835 Rogans
518 3749 621 3817 eciam
647 3769 703 3816 nos
721 3745 806 3814 idern
825 3747 982 3832 Magister
998 3745 1147 3813 Andreas
1164 3765 1234 3811 oum

108 3857 297 3940 instancia,
323 3863 359 3923 ut
385 3858 599 3924 millenarium
625 3877 795 3925 numerum
819 3855 983 3944 priuilegii
1007 3854 1073 3920 iam
1099 3853 1177 3920 dieti
1203 3854 1237 3920 in
1360 3925 1364 3936 ,

108 3964 245 4052 scriptis
260 3965 465 4051 presentibus
480 3965 580 4033 inseri
597 3965 796 4052 faceremus;
815 3965 908 4031 euius
921 3960 1121 4030 millenarius
1137 3967 1187 4028 est
1203 3959 1237 4026 in

107 4075 201 4141 bunc
225 4073 371 4142 modum:
398 4075 492 4143 Anno
512 4075 681 4142 Dominice
699 4072 941 4141 Incarnaoionis
959 4072 1003 4137 M⁰
1019 4069 1084 4136 00⁰
1101 4067 1238 4152 quadra·

106 4184 237 4268 gesimo
263 4191 379 4270 quarto
405 4185 528 4252 decimo
555 4185 624 4254 kal.
652 4185 742 4270 Maij,
767 4184 872 4267 Regni
892 4187 1000 4247 autem
1018 4179 1120 4264 ipsius
1135 4173 1235 4258 Regis

106 4292 193 4358 Belo
208 4293 369 4361 vicesimo.
386 4294 656 4383 Assumpmeutes
673 4293 775 4359 eciam
791 4290 891 4375 ijdem
906 4290 1049 4384 Pannan,
1066 4283 1234 4363 nicolaus,

106 4401 321 4488 Laurentius,
330 4401 428 4488 Eleis,
444 4401 639 4488 Lampertus
656 4409 688 4468 et
697 4400 880 4485 Stephanus
890 4394 1135 4481 sepenominati,
1148 4389 1236 4476 quod

104 4509 219 4576 littere
234 4507 466 4596 priuilegiales,
491 4511 519 4576 si
544 4529 606 4596 qne
633 4529 691 4595 per
715 4507 844 4576 eosdem
870 4505 1007 4570 fuissent
1030 4520 1154 4570 emerse
1178 4499 1232 4564 uel

105 4623 223 4684 contra
256 4617 392 4684 eundem
424 4618 614 4704 Magistrum
647 4615 812 4684 Andream
846 4633 943 4698 snper
975 4610 1062 4678 facto
1086 4607 1233 4695 predicte

102 4735 204 4814 terre,
239 4747 298 4814 pro
322 4726 425 4795 cassis
449 4733 481 4793 et
504 4727 597 4794 uanis
625 4725 832 4811 haberentur,
856 4726 1045 4808 perpetuum
1069 4715 1235 4786 silentium

1013 4823 1075 4895 21*
