3118 5158
555 245 715 342 *roa-

76 434 182 503 cienda
198 453 304 518 usque
328 434 371 502 ad
385 434 483 501 linem
502 434 607 522 ipsius
623 457 740 520 guerre
765 436 848 503 duas
863 435 976 521 galeas
992 440 1076 505 bene
1093 459 1198 506 arma-

76 553 118 610 tas
147 542 360 630 bominibus,'
377 547 475 610 armis
507 550 541 610 at
571 544 647 611 aliis
678 544 891 631 necessariis,
924 547 1020 614 annis
1051 546 1200 630 singulis,

77 654 184 736 quibus
215 650 304 718 dicta
333 671 451 736 guerra
482 651 615 720 durabit
645 673 666 718 a
690 651 843 720 kalendis
869 653 992 740 Aprilis
1024 675 1128 738 usque
1153 657 1197 722 ad

77 762 184 826 tastum
201 759 354 826 Omnium
370 759 562 827 Sanctorum
588 763 621 828 in
646 761 712 830 illis
737 763 838 848 locis,
861 762 1028 844 inquibus
1054 763 1201 848 predicta

76 887 184 952 guerra
201 866 359 934 iacienda
376 869 567 955 capitaneo,
594 877 625 937 ct
642 870 761 938 Comiti
787 869 955 954 galearum
971 871 1116 956 ipsarum
1133 891 1199 938 me·

77 976 129 1042 ius
147 975 312 1044 ridebitur
338 974 501 1062 expedire.
526 977 607 1044 Item
628 977 716 1061 quod
733 977 839 1044 dictus
865 976 1015 1044 dominus
1031 979 1101 1044 Rex
1117 997 1200 1046 com-

77 1083 214 1150 modabit
230 1083 316 1151 dicte
331 1083 546 1150 Universitati
562 1085 692 1172 Spalati
717 1084 800 1152 duas
817 1085 930 1168 galeas
955 1105 1028 1152 curn
1044 1085 1153 1154 offesis
1169 1093 1202 1152 et

78 1191 216 1258 corredis
241 1192 320 1278 suis,
347 1192 419 1258 sine
434 1190 629 1279 hominibus,
657 1211 762 1275 nsque
786 1191 830 1260 ad
853 1193 949 1261 finem
975 1192 1059 1260 dicte
1075 1214 1200 1278 guerre.

78 1297 149 1364 ltem
165 1298 255 1382 quod
272 1299 359 1366 idern
383 1297 534 1366 dominus
550 1302 620 1368 Rex
643 1299 865 1368 commodabit
884 1288 1095 1368 Uni’vers'rtati
1112 1301 1201 1368 Sibe·

77 1405 133 1471 nici
157 1427 257 1475 unam
282 1409 412 1491 galeam
438 1409 595 1474 munitam
623 1407 734 1474 otiosis
760 1415 793 1475 et
818 1408 962 1475 corredis
987 1409 1031 1476 ad
1046 1412 1201 1495 navigan-

78 1513 155 1596 dum,
172 1515 245 1580 sine
260 1512 456 1600 hominibus,
474 1535 578 1599 usque
595 1515 638 1583 ad
654 1517 749 1582 finem
767 1515 851 1582 dioto
866 1535 993 1600 guerro.
1018 1517 1100 1583 Item
1116 1519 1201 1602 quod

78 1620 155 1687 dicte
179 1621 421 1689 Uniuersitates
453 1621 556 1690 dictas
589 1631 656 1691 tres
687 1625 801 1706 galeas
832 1624 895 1690 sibi
926 1625 1148 1691 commodatae
1181 1646 1202 1690 a

79 1727 157 1796 dicto
184 1727 318 1795 domiuo
334 1729 425 1814 Rege
451 1731 615 1816 tenebunt,
641 1737 674 1796 et
690 1731 855 1797 habebunt
882 1739 1026 1798 armatas
1042 1751 1144 1816 usquc
1160 1731 1203 1797 ad

79 1836 166 1902 finem
183 1837 290 1922 ipsius
305 1857 430 1926 guerre,
457 1838 500 1904 ad
516 1836 700 1905 faciendam
716 1840 821 1924 ipsam
835 1858 996 1924 guerram,
1019 1839 1115 1906 simul
1130 1861 1201 1906 cum

79 1943 229 2030 predictis
246 1945 350 2029 galeis
366 1947 471 2032 ipsius
491 1943 614 2011 domini
629 1946 739 2030 Regis,
757 1946 844 2030 quod
863 1947 1054 2032 perstabunt
1068 1946 1102 2013 in
1119 1947 1201 2013 mari

79 2074 143 2120 cum
159 2054 238 2122 aliis
253 2055 369 2140 galcis,
395 2059 427 2122 (1
444 2061 538 2120 eruut
565 2055 714 2122 continue
734 2061 861 2122 armato
884 2063 920 2122 et
939 2055 1072 2139 munite,
1098 2055 1202 2124 donec

78 2163 216 2246 predicte
231 2163 327 2248 galee
342 2160 465 2228 domini
478 2161 578 2246 Regis
595 2169 689 2228 eruut
705 2161 835 2230 ibidem.
855 2163 938 2230 Item
954 2163 1039 2247 quod
1056 2163 1203 2247 predicte

78 2270 312 2338 Universitates
337 2269 430 2334 linita
455 2268 542 2335 dicta
557 2289 676 2353 guerra
692 2268 865 2336 restituent
881 2270 984 2336 dictas
999 2270 1112 2353 galeas
1130 2290 1203 2336 cum

77 2377 181 2444 oticsis
208 2385 241 2444 et
266 2377 410 2444 corredis
437 2384 469 2443 et
495 2377 572 2462 alijs
599 2375 845 2460 gucrnumentis
870 2395 953 2459 eque
981 2377 1095 2461 bonis,
1121 2377 1205 2444 sicut

76 2487 273 2573 receperint;
298 2493 332 2554 (1
356 2482 558 2553 accomodati
584 2505 605 2551 a
630 2483 777 2570 predicto
803 2483 933 2552 domino
958 2486 1049 2568 Rege
1075 2485 1205 2552 adhoc

78 2596 303 2680 obligaverunt
321 2613 357 2662 se
374 2594 454 2661 dicti
471 2593 1203 2677 8111111οωί1((11(111111111111111111111,

76 2710 106 2769 et
121 2723 173 2771 res
189 2704 355 2788 ipsarum;
381 2701 601 2792 quasugaleas
620 2702 793 2770 restituero
809 2707 982 2768 teneantur
1006 2701 1137 2786 ibidem,
1159 2702 1205 2768 vi-

77 2809 190 2876 delicet
206 2809 240 2875 in
256 2809 412 2896 portubus
436 2805 656 2893 prodictamm
673 2807 928 2876 Universitatum
956 2806 998 2872 ad
1022 2807 1204 2892 requisitio·

76 2936 145 2980 uem
171 2917 277 3002 ipsius
308 2917 432 2984 domini
456 2915 565 3002 Regis.
601 2917 824 2983 Promiserunt
856 2923 888 2982 (1
914 2915 1143 3000 obligaverunt
1168 2934 1204 2980 se

76 3022 150 3090 dicti
166 3024 291 3091 Sindic'i
316 3026 447 3091 nominc
463 3025 607 3109 ipsarum
623 3025 892 3111 Univcrritatum,
917 3030 949 3089 (1
964 3023 1054 3108 ipsas
1071 3021 1204 3089 Univer-

76 3131 198 3218 sitatcs,
208 3153 359 3218 guerram
377 3135 481 3217 ipsam
499 3133 608 3200 iacere
624 3134 708 3198 bona
724 3131 798 3213 fide,
816 3137 848 3198 et
863 3132 935 3198 sine
951 3130 1069 3212 aliqua¹
1080 3126 1203 3215 fraude,

75 3240 219 3324 predicte
243 3249 328 3308 terre
344 3241 512 3324 Dalmasii,
537 3261 610 3306 cum
636 3240 711 3305 aliis
736 3239 838 3322 lignis
864 3239 942 3324 suis,
969 3245 1065 3324 prout
1090 3235 1206 3303 melius

75 3357 237 3432 poterunt,
255 3349 407 3416 eteniam
424 3369 481 3432 per
497 3355 627 3415 terram.
639 3349 717 3414 Item
736 3347 822 3430 quod
839 3347 867 3411 si
883 3344 1058 3430 contigerit
1073 3343 1207 3427 aliquod

73 3455 199 3522 lucrum
212 3456 326 3522 iacere
352 3454 516 3540 perdictas
531 3455 647 3538 galeas
665 3453 707 3520 de
723 3453 869 3538 predicta
894 3459 981 3519 terra
996 3451 1158 3518 Dalmasii
1175 3457 1208 3517 ct

74 3562 319 3648 coadjutoribus
352 3562 431 3648 suis,
468 3560 630 3628 dividetur
661 3561 746 3627 illud
778 3561 902 3626 lucrum
934 3559 1092 3644 equaliter
1122 3559 1207 3626 inter

74 3691 146 3756 eos;
174 3671 224 3737 ita
250 3670 338 3754 quod
362 3669 505 3736 Comites
531 3669 699 3753 galearum
726 3669 829 3753 ipsius
855 3666 976 3734 domini
1000 3667 1099 3752 Regis
1124 3667 1207 3734 acci-

74 3777 167 3862 piant
182 3777 317 3844 nomine
334 3775 438 3860 ipsius
455 3774 688 3870 dominiRegis
704 3781 830 3859 partem
845 3774 949 3860 ipsam
967 3773 1205 3856 contingentem

73 3906 129 3969 pro
156 3886 241 3971 ipsis
270 3883 397 3968 galeis3
423 3889 455 3949 ct
480 3882 521 3949 de
546 3883 618 3968 ipso
643 3883 733 3948 lucro
761 3879 936 3967 disponant
961 3879 1040 3947 dicti
1067 3879 1207 3946 Comites

73 3993 257 4060 secundum
283 3993 484 4060 voluntatem
507 3991 609 4076 ipsius
639 3989 761 4056 domini
786 3991 906 4074 Regis;
930 3996 962 4056 et
987 3987 1073 4074 quod
1098 4007 1208 4054 omnes

72 4101 215 4188 captivi,
240 4101 296 4185 qni
328 4099 497 4186 capientur
528 4120 586 4186 per
616 4098 780 4185 predictas
811 4104 923 4185 partes
955 4095 997 4162 de
1024 4094 1209 4163 hominibus

71 4210 252 4297 Dalmasli,
269 4209 322 4277 vel
339 4197 586 4294 coadjutoribus
602 4210 757 4292 ipsorum,
783 4205 979 4292 perueniant
996 4199 1061 4294 (in)
1077 4202 1208 4270 sortium

71 4323 102 4382 et
122 4317 255 4385 baliam
281 4317 389 4403 ipsius
416 4315 536 4383 domini
552 4316 663 4403 Regis,
691 4321 722 4380 et
739 4313 780 4380 (1(
795 4313 874 4400 ipsis
894 4311 995 4378 faciet
1009 4311 1207 4378 voluntatem

68 4447 177 4512 suam,
204 4425 258 4493 vel
274 4421 415 4492 tenendo
442 4423 530 4510 ipsos
546 4423 580 4490 in
596 4441 737 4510 carcere,
762 4423 814 4490 vel
832 4421 946 4488 ultimo
961 4417 1120 4486 trahendo
1136 4437 1209 4502 sup·

67 4535 184 4622 plicia.
210 4535 253 4600 st
280 4533 309 4600 si
326 4531 497 4617 contigerit
523 4532 666 4617 aliquem
692 4551 733 4597 ex
748 4527 901 4618 predictis
928 4526 1066 4614 captivis
1092 4523 1135 4594 ad
1160 4544 1208 4598 rc·
1330 4555 1337 4566 ·
