3138 5164
617 293 777 392 *sa-s-

115 504 284 571 *magnnm
300 492 439 572 pratum,
456 482 543 568 quod
558 491 608 552 ost
633 483 775 552 medium
800 489 885 552 torre
909 484 1112 569 eumedium
1139 485 1260 559 exinde

115 593 172 660 -de
186 599 284 678 prato
309 589 480 660 deseendit
512 591 662 675 superios
694 588 855 674 usquead
874 589 1003 658 domum
1019 591 1210 678 bliehasiis;
1228 601 1260 661 at

127 703 172 768 de
187 700 283 768 domo
298 700 405 787 ipsius
421 698 593 766 Michaelis
603 697 773 766 deseendit
788 697 847 766 illa
863 703 949 764 meta
965 698 1010 764 ad
1026 699 1123 766 uuam
1140 718 1260 780 aquam

127 811 281 896 lutosam,
299 827 362 892 qus
378 811 511 874 noeatur
526 807 627 872 Serus
643 807 760 891 potok,
792 802 911 872 deinde
927 803 1016 872 duait
1032 807 1192 888 usquead
1209 805 1262 872 Li-

127 924 215 1000 tene,
230 921 262 981 et
281 913 398 981 exinde
415 914 489 997 ipsa
505 920 591 978 meta
607 910 753 996 presedit
769 931 871 994 usque
886 912 929 978 ad
939 911 1095 978 florinum
1115 911 1258 1000 Taroba,

127 1019 335 1106 procedendo
350 1037 452 1100 usque
468 1018 511 1084 ad
529 1019 665 1101 primam
684 1023 801 1088 metam
811 1016 914 1102 ipsius
932 1025 1027 1084 terre.
1040 1019 1077 1083 In
1094 1019 1185 1085 euius
1199 1037 1257 1104 ray

43 1193 45 1199 ,
124 1125 314 1194 memoriam
325 1131 581 1210 perpetuamque
591 1125 775 1189 firmitatem
785 1129 950 1207 presentes
970 1124 1187 1191 concessimus
1208 1123 1261 1190 lit·

126 1241 217 1300 teras
227 1231 389 1316 duppliois
399 1231 498 1312 sigilli
510 1229 610 1296 nostri
621 1229 797 1296 munimine
807 1229 1108 1297 roboratasbatum
1119 1250 1176 1316 par
1188 1251 1255 1298 ma·

128 1359 192 1404 nus
207 1339 404 1427 uenerabilis
422 1338 484 1401 viri
499 1335 622 1400 Thonis
634 1335 692 1400 Dei
703 1335 818 1418 graoia
827 1335 980 1420 Episcopi
991 1336 1173 1406 Waoiensls
1185 1339 1262 1404 aula

126 1453 239 1512 nostre
257 1443 453 1524 (lancellarij
473 1443 588 1508 dilecti
604 1449 637 1507 et
651 1442 757 1509 fidelis
773 1442 874 1510 nostri
889 1463 975 1508 anuo
987 1443 1114 1510 Domini
1130 1443 1251 1509 lucc·

123 1549 350 1632 octuagesimo
367 1551 611 1634 oetam-Regni
629 1557 739 1615 autem
779 1549 880 1616 nostri
906 1568 994 1616 anno
1020 1548 1252 1616 sextodeeimo.

124 1745 268 1826 ¹(Ertadetie
282 1743 453 1810 bbrbtrtyim
468 1761 484 1796 a
497 1742 668 1810 stiga-vbrbs
690 1744 918 1809 saiysmssinoron
938 1743 1047 1811 tuggon
1068 1745 1160 1810 pessit
1182 1745 1258 1795 alva-

391 1841 474 1894 snott;
490 1850 505 1884 a
520 1835 603 1885 budai
616 1835 667 1884 luis.
679 1835 800 1885 kamarai
813 1832 1005 1900 lesbltirban.)

592 2106 804 2120 s-—b——u

659 2627 734 2693 335.

126 2823 190 2888 IV.
202 2825 318 2892 Lauta
332 2825 508 2908 aboleant
534 2779 698 2910 Gyaroeot
722 2833 806 2888 arob
814 2825 921 2910 fb'ldet
952 2828 1111 2910 tdrqyoao
1126 2827 1259 2892 odomo'·

221 2950 286 3028 ayo
305 2933 421 2996 Zaord
436 2941 562 3011 mester,
578 2931 698 2996 Miletos
709 2953 809 2996 costes
817 2933 871 3014 fia
887 2937 1047 3000 ssdmdra.
1064 2932 1160 2998 1288.

237 3123 410 3192 Lsdizlaus
435 3123 497 3190 Dei
518 3125 633 3208 gracia
666 3125 850 3210 Hungaria,
888 3125 1072 3210 Dalmaoio,
1113 3127 1260 3194 Groaeie-

125 3238 252 3312 Rame,
277 3231 409 3314 Seruio,
433 3230 591 3316 Gallicis,
616 3231 825 3318 Lodomeris‚
854 3230 1013 3297 Cumania
1042 3231 1260 3316 Balgariequs

126 3344 201 3408 Rex
211 3337 358 3406 omnibus
375 3337 495 3404 Christi
506 3337 657 3404 fidelibus
668 3345 734 3404 tam
745 3341 945 3422 presentibus
955 3357 1051 3420 quam
1061 3337 1179 3406 futuris
1190 3325 1262 3424 pro

126 3467 208 3514 sens
225 3445 387 3530 seriptum
414 3444 610 3530 inspecturis
640 3445 779 3512 salutem
807 3445 841 3512 in
858 3445 997 3512 Domino
1028 3447 1259 3530 sempiternam

128 3554 186 3620 Ad
204 3552 424 3620 uniuersorum
450 3551 605 3618 noticiam
631 3558 744 3618 tenore
769 3551 972 3636 presencium
988 3553 1135 3619 volumus
1151 3571 1263 3638 perue-

127 3657 217 3724 nire:
249 3658 335 3739 quod
368 3656 523 3740 Magister
554 3654 663 3722 Zuard
695 3656 781 3722 lilius
812 3657 947 3726 Comitis
979 3658 1105 3726 Nioolai
1131 3661 1261 3744 nopotis

130 3761 254 3829 Woaeb
269 3763 312 3828 ad
339 3769 483 3829 nostram
509 3763 669 3831 secedens
695 3769 919 3850 premunitum,
951 3765 1115 3850 quandam
1141 3773 1260 3832 terram

127 3867 288 3936 nobilium
304 3869 376 3934 sine
391 3867 510 3936 herede
526 3869 776 3955 decedendum,
806 3873 949 3957 Balasey
966 3871 1116 3940 uidelicet
1132 3884 1165 3941 et
1183 3875 1261 3944 Gre-

129 3973 216 4059 gorij
232 3973 371 4040 filiorum
388 3975 489 4060 Wyd,
506 3996 545 4042 ao
555 3977 671 4054 Cbetrs
681 3977 739 4061 filij
752 3977 916 4061 Zelemen,
928 3979 1085 4049 Gormoth
1100 3991 1259 4068 vocatam,
1296 4047 1304 4054 .

126 4099 267 4146 saeuam
285 4087 317 4145 et
331 4080 587 4167 habitatoribus,
610 4089 645 4148 vt
661 4083 791 4150 dioebat
801 4133 810 4166 ‚
843 4085 1053 4175 destitutam,
1085 4089 1127 4154 ad
1144 4110 1259 4158 manus

126 4191 258 4252 nostras
273 4186 393 4269 Regias
410 4188 450 4254 ds
466 4189 571 4271 Regni
587 4189 818 4258 consuetudins
835 4191 1021 4260 deuolutam
1040 4215 1061 4261 a
1077 4204 1188 4263 nostra
1204 4219 1259 4282 pe·
1304 4189 1310 4196 “
1443 4209 1445 4214 ’

120 4291 185 4375 oijt
200 4291 372 4360 Maiestate
388 4293 450 4361 sibi
467 4295 671 4363 dativorum
682 4296 760 4382 quia
774 4298 867 4365 nobis
885 4299 926 4366 de
942 4301 1102 4384 qualitate
1118 4309 1150 4368 et
1160 4323 1259 4386 quan-

126 4399 222 4464 titate
238 4397 325 4466 diota
342 4405 428 4468 terre
445 4402 567 4469 ventas
587 4423 652 4468 non
668 4406 850 4490 constabat,
875 4404 1026 4475 fidelibus
1042 4407 1161 4474 nostris
1177 4409 1257 4476 Con-

121 4504 237 4572 uentui
256 4507 377 4573 Domus
403 4509 585 4596 Hospitalis
612 4511 724 4578 Saneti
744 4511 844 4596 Regis
869 4511 910 4580 de
927 4513 1092 4598 Strigouio
1110 4511 1256 4586 dedimus

1035 4625 1097 4692 30*
