3080 5160
853 337 922 410 404

318 533 407 609 Luce
429 533 474 604 de
498 535 615 621 Dessa,
640 541 673 616 et
694 531 870 602 heredibus
885 533 955 604 suis
970 530 1172 620 masculinis,
1187 529 1432 616 honestorumque

320 641 408 732 (tgy)
435 643 652 712 masculorum
667 642 811 728 ipsorum
826 642 1059 726 succesoribus,
1075 638 1230 726 quamdiu
1245 637 1385 708 uiuerint
1407 647 1434 708 et

319 747 435 825 fideles
465 751 585 832 Domui
609 748 738 836 Templi
761 749 936 837 extiterint,
962 767 1035 820 cum
1050 748 1202 818 omnibus
1215 745 1344 835 pretate
1358 751 1433 816 terre

320 856 453 946 iuribus,
479 857 691 945 prouentibus
707 864 740 926 et
755 857 949 926 utilitatibus
963 856 1101 945 pacifice
1115 850 1368 942 possidendum,
1383 853 1436 920 sub

319 963 379 1036 tuli
399 962 512 1048 torma,
531 963 618 1050 qnod
634 983 736 1050 usque
751 964 798 1032 ud
813 965 1083 1051 complementum
1098 963 1235 1034 (lucrm
1249 979 1436 1030 annoruma
1484 1029 1486 1034 ,

320 1070 525 1139 confeccioue
544 1071 746 1159 presencium
766 1071 938 1160 finitorum,
953 1089 1013 1157 pro
1030 1090 1080 1158 eo,
1096 1069 1182 1156 quod
1196 1076 1285 1136 terra
1299 1065 1439 1154 predicte

320 1178 446 1247 inutilis
462 1187 495 1246 et
518 1179 704 1249 inhabitata
719 1180 940 1266 permanebat,
956 1177 1104 1266 prefatus
1118 1178 1157 1246 L.
1169 1185 1227 1246 aut
1246 1175 1384 1245 heredes
1398 1178 1437 1260 ip·

321 1285 391 1354 sius
415 1285 542 1358 nullum
566 1307 698 1356 censum
722 1288 842 1356 Domni
872 1294 981 1364 nostre
1005 1288 1132 1356 soluere
1146 1285 1439 1374 tenebuntur,com·

321 1389 420 1479 pletis
435 1412 513 1462 nero
529 1391 654 1462 dnobus
670 1394 765 1462 cuuis
775 1392 862 1462 idem
877 1394 915 1460 L.
931 1394 985 1462 nel
1000 1394 1103 1482 ipsius
1121 1391 1255 1460 heredes
1272 1391 1438 1478 pretaxati,

321 1497 439 1582 uiginti
462 1500 563 1582 libres
578 1508 706 1568 monete
721 1501 929 1586 paruulorum
955 1502 1150 1568 Venetorum
1174 1499 1208 1564 in
1225 1497 1310 1566 sesto
1327 1497 1440 1563 Sancte

321 1605 425 1674 Mario
434 1606 579 1691 Uirginis
589 1606 726 1692 Augusti
737 1608 853 1676 Domui
863 1615 973 1676 nostre
987 1607 1028 1674 de
1044 1607 1203 1673 Auramie
1218 1605 1346 1672 soluere
1361 1611 1439 1670 tene·

322 1719 418 1780 antur
433 1715 611 1780 annuatim.
629 1715 699 1781 Hoc
720 1715 856 1800 adiecto,
871 1713 958 1800 quod
972 1715 1174 1799 iobagioues,
1191 1733 1274 1796 quos
1289 1710 1378 1778 idern
1393 1711 1440 1777 do·

327 1820 444 1888 miuus·
460 1821 496 1886 L.
513 1827 570 1886 aut
585 1821 688 1906 ipsius
704 1822 838 1888 heredes
853 1821 1010 1888 nominati
1025 1841 1122 1905 super
1138 1819 1441 1905 predictamterram

325 1948 426 1994 causa
450 1927 670 2016 commorandi
696 1927 905 2016 adduxerint,
929 1928 969 1994 de
985 1929 1086 1995 tribus
1104 1927 1233 2011 magnis
1248 1925 1390 2011 indieijs,
1405 1927 1443 1990 ui-

324 2033 441 2099 delicet
456 2034 498 2099 de
513 2035 699 2126 homicidio,
715 2034 866 2101 incendio
882 2034 935 2102 uel
951 2033 992 2100 de
1008 2035 1217 2101 mutilaoioue
1233 2035 1442 2099 membrorum

326 2159 383 2206 seu
408 2143 569 2224 arborum,
585 2162 694 2208 eorem
711 2150 820 2210 nosbo
836 2141 978 2208 dominio
995 2142 1134 2208 debeant
1149 2141 1296 2224 iudicari,
1313 2139 1443 2206 terciam

326 2266 402 2312 uero
430 2255 553 2330 partem
569 2248 682 2332 iudicij
699 2249 785 2315 idem
800 2249 837 2316 L.
854 2250 1023 2334 optinebit,
1042 2251 1164 2316 Domus
1181 2267 1257 2314 uero
1274 2246 1359 2313 duas
1374 2267 1441 2330 par·

325 2360 384 2421 tes.
393 2353 444 2420 Ne
453 2352 551 2440 igitur
560 2373 637 2442 sepe
648 2357 832 2424 nominatus
842 2357 877 2422 L.
894 2361 951 2422 aut
967 2355 1069 2440 ipsius
1086 2353 1221 2422 heredes
1237 2375 1298 2438 per
1308 2353 1443 2435 aliquem

326 2463 460 2528 ualeant
475 2461 672 2548 inposterum
688 2463 854 2532 molestari
884 2463 936 2530 uel
963 2461 1112 2548 inpediri,
1138 2467 1306 2548 presentes
1328 2459 1441 2566 eisdem

325 2567 517 2634 contulimus
548 2569 648 2653 sigilli
673 2571 775 2637 nostri
800 2569 976 2638 munimine
1002 2571 1179 2636 roboratas.
1215 2571 1334 2634 Actum
1363 2584 1440 2632 anno

326 2675 466 2740 Domini·
482 2677 531 2742 Μο
548 2674 917 2743 cc⁰nxxx01111⁰in
934 2677 1017 2744 sesto
1033 2675 1127 2742 Beati
1143 2674 1276 2742 Andree
1292 2672 1441 2759 Apostoli.

327 2907 439 2972 (Marcel
464 2909 546 2959 nonai
558 2909 664 2975 pltspblr
675 2905 703 2960 ds
714 2908 844 2960 Salomon
854 2923 871 2958 a
881 2908 1122 2974 templomrendiek
1137 2905 1354 2972 magyarcrszdgi
1367 2911 1439 2956 tarto·

329 2994 508 3062 mdnyperjel
538 2997 648 3046 tabl-ki
662 2994 1123 3058 hitelesmdsolatdbdl;anemzeti
1137 3011 1260 3048 museum
1274 2989 1441 3046 kdzirsttlrl·
1522 3051 1523 3054 Ἴ

509 3086 571 3136 ban.
598 3086 631 3139 V.
645 3091 669 3139 b.
683 3085 763 3150 Fejdr
776 3085 840 3139 eod.
856 3085 928 3150 Dtpl.
943 3085 1004 3137 v11.
1019 3083 1074 3136 kbt.
1089 3085 1113 3134 b.
1133 3084 1227 3140 1.598.
1243 3085 1272 3148 l.)
