3140 5150
635 869 710 942 100.

106 1049 163 1118 IV.
174 1051 292 1118 Ldezld
306 1051 416 1137 kirtly
432 1051 620 1138 immadi,
647 1056 729 1141 toqy
744 1051 816 1118 Ata
830 1053 1062 1140 nemzetse'qbt'li
1086 1053 1235 1121 ueneat

197 1181 294 1227 omnes
309 1155 485 1226 birtoledrdl
500 1157 755 1246 adorandelatdeq
768 1159 1025 1228 tentatationes
1046 1161 1144 1230 1276.

215 1339 283 1406 Nos
308 1336 485 1404 Ledizlaus
509 1335 571 1404 Dei
596 1335 708 1422 grania
731 1338 802 1405 Rex
821 1336 990 1423 Huugarie
1014 1336 1236 1422 significamus

104 1444 254 1512 omnibns
263 1493 273 1529 ‚
297 1445 416 1530 quibus
432 1441 564 1530 expedit
577 1441 780 1530 presencium
796 1463 855 1530 per
869 1451 1035 1528 tenorem,
1059 1444 1147 1528 quod
1161 1465 1235 1514 oum

102 1551 252 1622 Ethuruh
267 1552 351 1621 lilius
368 1550 498 1638 Georgij
516 1550 691 1637 degenere
715 1550 789 1618 Aba
805 1558 892 1620 esset
907 1553 942 1620 in
958 1551 1094 1622 arfioulo
1110 1553 1233 1640 monis,

102 1666 136 1726 et
150 1660 313 1746 quasdam
328 1660 551 1745 possessiones
567 1678 645 1728 suas
668 1656 816 1744 Ohaknu,
840 1659 933 1728 Beud
959 1655 1095 1728 domtus
1111 1667 1144 1729 et
1158 1679 1231 1748 por·

101 1768 231 1836 aionem
246 1785 340 1834 suam
363 1767 397 1834 in
421 1749 515 1852 Zyna
544 1765 607 1834 sibi
637 1765 902 1855 prouenientsm,
926 1766 1057 1836 domine
1083 1767 1174 1836 uxori
1200 1773 1234 1834 et

101 1875 170 1943 dlis
195 1895 255 1944 sue
280 1875 465 1962 reliquisset
489 1893 549 1942 seu
581 1875 745 1962 legasset,
770 1893 830 1943 nos
856 1873 961 1942 eidem
987 1876 1023 1943 in
1047 1873 1233 1944 huiusmodi

99 1984 369 2070 possessionibus
394 1983 462 2052 suis
487 1981 606 2068 legatis
632 1989 665 2050 et
689 1981 835 2051 dimissis
853 1983 989 2070 prelatis
1009 1982 1103 2052 vxori
1119 1989 1152 2050 et
1166 1981 1233 2052 lilio

98 2109 162 2158 sue
194 2091 332 2176 prebere
363 2090 573 2177 dignaremur
597 2089 733 2176 Regium
764 2109 958 2158 eonsensum
991 2098 1024 2162 et
1053 2109 1232 2161 assensum.

97 2201 225 2268 Verum
255 2199 333 2285 quin
358 2197 465 2268 dietus
496 2199 610 2266 Comes
634 2196 781 2266 ldthuruh
813 2197 943 2266 domino
960 2197 1126 2285 Stephano
1146 2199 1232 2284 putri

98 2314 216 2378 nostro
232 2308 407 2377 karissimo
423 2309 511 2376 olore
526 2305 782 2394 reeordaeionis,
805 2308 898 2377 nobis
914 2328 955 2375 ae
969 2309 1083 2393 Regno
1098 2307 1229 2392 Hungu-

95 2419 149 2486 rie
179 2415 294 2485 fideles
325 2417 438 2503 sepius
468 2414 664 2504 inpenderat
694 2415 890 2502 famulatus,
922 2413 1160 2496 aucesium,
1195 2421 1231 2482 ut

94 2525 187 2594 idem
204 2525 321 2594 Comes
336 2523 483 2592 Ethuruh
503 2522 609 2594 dietas
625 2523 845 2612 possessiones
870 2545 947 2594 suas
971 2524 1064 2592 uoti
1088 2523 1141 2590 vel
1165 2522 1232 2591 filis

92 2653 157 2703 sne
173 2631 361 2717 relinquere
377 2638 411 2701 et
426 2633 536 2718 legare
546 2631 650 2720 possit
659 2631 763 2700 libere
779 2639 812 2700 et
827 2651 941 2701 seoure
956 2633 997 2700 de
1012 2637 1123 2700 nostro
1133 2630 1228 2698 bene·

93 2742 224 2827 placito
240 2748 274 2810 et
288 2760 460 2810 consensu.
485 2743 608 2808 Datum
624 2739 660 2808 in
675 2739 757 2810 villu
781 2741 879 2810 Mona
894 2741 928 2810 in
943 2739 1119 2810 Dominioe
1134 2739 1229 2810 Oculi

93 2851 174 2938 Mei,
197 2870 285 2918 anno
300 2849 432 2919 Domini
446 2847 666 2918 M⁰00⁰Lxx⁰
681 2855 784 2917 sexto.

93 3030 243 3094 (Eaedetis
253 3026 432 3098 tdrhtrtyln,
444 3031 570 3098 melynels
583 3026 679 3085 luitdra
691 3035 814 3097 nyomott
825 3028 936 3098 peosdts
949 3027 1089 3090 lemdllott
1111 3043 1129 3079 a
1140 3041 1226 3079 namn.

401 3136 522 3174 museum
535 3118 649 3174 ltauati
661 3115 932 3188 gyujuemtnyeben.)

626 3835 702 3905 101.

84 4021 108 4084 Ι
110 4015 148 4085 V.
170 4018 290 4085 Ldsald
304 4019 483 4106 dirdlyaols
490 4040 655 4104 persuaso
670 4043 692 4086 a
707 4018 985 4107 sadkeeffeteioctri
1000 4019 1226 4106 tapsatantoa,

203 4125 286 4214 duay
301 4125 370 4194 sau
384 4127 507 4214 helyseo
522 4127 656 4194 taus-ai
671 4127 996 4214 szoddlyoataasooala
1022 4129 1117 4194 1276.

201 4302 380 4372 badinton
395 4303 458 4371 Dei
473 4305 585 4390 grauia
600 4306 668 4374 ilex
684 4305 854 4391 Huugarie
879 4304 1032 4376 fidelibus
1047 4301 1114 4372 suis
1131 4302 1225 4390 (ispi-

80 4415 158 4480 tulo
177 4409 332 4480 Euolesie
355 4411 509 4481 Alliensis
534 4412 671 4482 sulutem
688 4419 721 4482 et
736 4413 893 4496 gramsta.
917 4411 1006 4480 Dioit
1020 4411 1114 4478 nobis
1130 4407 1225 4478 Belid

77 4522 176 4590 filins
194 4516 304 4586 Beolse
328 4537 396 4586 vnn
412 4539 484 4586 uum
500 4519 597 4607 Pete,
621 4520 722 4588 fratre
747 4540 806 4589 suo
831 4520 873 4589 de
888 4519 958 4588 Sall
969 4571 978 4606 ,
1001 4517 1087 4606 quod
1102 4505 1223 4586 dietam

76 4626 336 4717 possessionem
367 4625 514 4714 ipsorum
538 4627 606 4698 Sall
632 4635 781 4698 uooalsm
812 4629 847 4698 in
877 4628 1039 4698 dominatu
1069 4626 1224 4697 'l'olnensi
