<?xml version="1.0" encoding="UTF-8"?>
<!DOCTYPE html PUBLIC "-//W3C//DTD XHTML 1.0 Transitional//EN"
    "http://www.w3.org/TR/xhtml1/DTD/xhtml1-transitional.dtd">
<html xmlns="http://www.w3.org/1999/xhtml" xml:lang="en" lang="en">
 <head>
  <title>
</title>
<meta http-equiv="Content-Type" content="text/html;charset=utf-8" />
  <meta name='ocr-system' content='tesseract 3.04.00' />
  <meta name='ocr-capabilities' content='ocr_page ocr_carea ocr_par ocr_line ocrx_word'/>
</head>
<body>
  <div class='ocr_page' id='page_1' title='image "./codexdiplomatic12wenzgoog_0250.png"; bbox 0 0 3140 5150; ppageno 0'>
   <div class='ocr_carea' id='block_1_1' title="bbox 761 254 927 354">
    <p class='ocr_par' dir='ltr' id='par_1_1' title="bbox 761 254 927 354">
     <span class='ocr_line' id='line_1_1' title="bbox 761 254 927 354; baseline 0 -33"><span class='ocrx_word' id='word_1_1' title='bbox 761 254 927 354; x_wconf 53' lang='lat' dir='ltr'><strong>Q„</strong></span> 
     </span>
    </p>
   </div>
   <div class='ocr_carea' id='block_1_2' title="bbox 275 447 1424 2479">
    <p class='ocr_par' dir='ltr' id='par_1_2' title="bbox 278 447 1416 650">
     <span class='ocr_line' id='line_1_2' title="bbox 280 447 1416 536; baseline -0.007 -11"><span class='ocrx_word' id='word_1_2' title='bbox 280 461 434 526; x_wconf 90' lang='lat' dir='ltr'><strong>statutam</strong></span> <span class='ocrx_word' id='word_1_3' title='bbox 451 471 525 520; x_wconf 91' lang='lat' dir='ltr'><strong>essc</strong></span> <span class='ocrx_word' id='word_1_4' title='bbox 540 447 692 536; x_wconf 84' lang='lat' dir='ltr'><strong>uidimus,</strong></span> <span class='ocrx_word' id='word_1_5' title='bbox 708 457 804 536; x_wconf 90' lang='lat' dir='ltr'><strong>prout</strong></span> <span class='ocrx_word' id='word_1_6' title='bbox 820 451 923 518; x_wconf 86' lang='lat' dir='ltr'><strong>serica</strong></span> <span class='ocrx_word' id='word_1_7' title='bbox 940 469 1071 517; x_wconf 89' lang='lat' dir='ltr'><strong>suarum</strong></span> <span class='ocrx_word' id='word_1_8' title='bbox 1087 448 1277 518; x_wconf 78' lang='lat' dir='ltr'><strong>declarabat</strong></span> <span class='ocrx_word' id='word_1_9' title='bbox 1290 449 1416 517; x_wconf 88' lang='lat' dir='ltr'><strong>littera·</strong></span> 
     </span>
     <span class='ocr_line' id='line_1_3' title="bbox 278 558 960 650; baseline -0.012 -18"><span class='ocrx_word' id='word_1_10' title='bbox 278 586 367 650; x_wconf 89' lang='lat' dir='ltr'><strong>rum;</strong></span> <span class='ocrx_word' id='word_1_11' title='bbox 392 581 528 646; x_wconf 89' lang='lat' dir='ltr'><strong>quarum</strong></span> <span class='ocrx_word' id='word_1_12' title='bbox 543 558 675 643; x_wconf 89' lang='lat' dir='ltr'><strong>quidem</strong></span> <span class='ocrx_word' id='word_1_13' title='bbox 692 565 784 626; x_wconf 89' lang='lat' dir='ltr'><strong>tenor</strong></span> <span class='ocrx_word' id='word_1_14' title='bbox 798 559 877 626; x_wconf 88' lang='lat' dir='ltr'><strong>talis</strong></span> <span class='ocrx_word' id='word_1_15' title='bbox 893 563 960 626; x_wconf 88' lang='lat' dir='ltr'><strong>cst:</strong></span> 
     </span>
    </p>

    <p class='ocr_par' dir='ltr' id='par_1_3' title="bbox 284 647 1412 867">
     <span class='ocr_line' id='line_1_4' title="bbox 387 647 1412 753; baseline -0.005 -18"><span class='ocrx_word' id='word_1_16' title='bbox 387 669 455 737; x_wconf 87' lang='lat' dir='ltr'><strong>Nos</strong></span> <span class='ocrx_word' id='word_1_17' title='bbox 471 667 563 735; x_wconf 90' lang='lat' dir='ltr'><strong>Biter</strong></span> <span class='ocrx_word' id='word_1_18' title='bbox 579 665 692 732; x_wconf 87' lang='lat' dir='ltr'><strong>Comes</strong></span> <span class='ocrx_word' id='word_1_19' title='bbox 710 664 751 731; x_wconf 88' lang='lat' dir='ltr'><strong>de</strong></span> <span class='ocrx_word' id='word_1_20' title='bbox 768 666 902 733; x_wconf 89' lang='lat' dir='ltr'><strong>Zoulum</strong></span> <span class='ocrx_word' id='word_1_21' title='bbox 929 665 990 732; x_wconf 89' lang='lat' dir='ltr'><strong>stb.</strong></span> <span class='ocrx_word' id='word_1_22' title='bbox 1018 647 1233 753; x_wconf 74' lang='lat' dir='ltr'><strong>(klivetheuik</strong></span> <span class='ocrx_word' id='word_1_23' title='bbox 1252 666 1341 732; x_wconf 90' lang='lat' dir='ltr'><strong>Biter</strong></span> <span class='ocrx_word' id='word_1_24' title='bbox 1359 667 1412 731; x_wconf 83' lang='lat' dir='ltr'><strong>zd-</strong></span> 
     </span>
     <span class='ocr_line' id='line_1_5' title="bbox 284 765 1370 867; baseline -0.007 -19"><span class='ocrx_word' id='word_1_25' title='bbox 284 778 386 867; x_wconf 88' lang='lat' dir='ltr'><strong>lyomi</strong></span> <span class='ocrx_word' id='word_1_26' title='bbox 403 777 554 860; x_wconf 79' lang='lat' dir='ltr'><strong>iltisptny</strong></span> <span class='ocrx_word' id='word_1_27' title='bbox 573 773 706 842; x_wconf 73' lang='lat' dir='ltr'><strong>uult-ki</strong></span> <span class='ocrx_word' id='word_1_28' title='bbox 723 774 902 861; x_wconf 75' lang='lat' dir='ltr'><strong>ohmtnya,</strong></span> <span class='ocrx_word' id='word_1_29' title='bbox 919 773 1001 840; x_wconf 90' lang='lat' dir='ltr'><strong>mint</strong></span> <span class='ocrx_word' id='word_1_30' title='bbox 1011 765 1148 842; x_wconf 82' lang='lat' dir='ltr'><strong>ientehh</strong></span> <span class='ocrx_word' id='word_1_31' title='bbox 1167 777 1242 842; x_wconf 85' lang='lat'><strong>133.</strong></span> <span class='ocrx_word' id='word_1_32' title='bbox 1259 793 1304 840; x_wconf 87' lang='lat' dir='ltr'><strong>sz.</strong></span> <span class='ocrx_word' id='word_1_33' title='bbox 1322 769 1370 858; x_wconf 89' lang='lat' dir='ltr'><strong>a.)</strong></span> 
     </span>
    </p>

    <p class='ocr_par' dir='ltr' id='par_1_4' title="bbox 275 879 1424 2479">
     <span class='ocr_line' id='line_1_6' title="bbox 389 879 1411 967; baseline -0.004 -17"><span class='ocrx_word' id='word_1_34' title='bbox 389 885 458 953; x_wconf 86' lang='lat' dir='ltr'><strong>Nos</strong></span> <span class='ocrx_word' id='word_1_35' title='bbox 474 885 596 967; x_wconf 87' lang='lat' dir='ltr'><strong>itaque,</strong></span> <span class='ocrx_word' id='word_1_36' title='bbox 614 902 708 966; x_wconf 91' lang='lat' dir='ltr'><strong>quem</strong></span> <span class='ocrx_word' id='word_1_37' title='bbox 719 883 846 966; x_wconf 79' lang='lat' dir='ltr'><strong>equitas</strong></span> <span class='ocrx_word' id='word_1_38' title='bbox 857 882 1021 967; x_wconf 87' lang='lat' dir='ltr'><strong>admonet,</strong></span> <span class='ocrx_word' id='word_1_39' title='bbox 1037 879 1290 948; x_wconf 89' lang='lat' dir='ltr'><strong>etsublimitatis</strong></span> <span class='ocrx_word' id='word_1_40' title='bbox 1300 887 1411 948; x_wconf 88' lang='lat' dir='ltr'><strong>nostra</strong></span> 
     </span>
     <span class='ocr_line' id='line_1_7' title="bbox 275 987 1415 1080; baseline -0.005 -20"><span class='ocrx_word' id='word_1_41' title='bbox 275 995 478 1062; x_wconf 83' lang='lat' dir='ltr'><strong>¹vocabulum</strong></span> <span class='ocrx_word' id='word_1_42' title='bbox 494 989 689 1080; x_wconf 80' lang='lat' dir='ltr'><strong>exhortatur,</strong></span> <span class='ocrx_word' id='word_1_43' title='bbox 715 989 789 1076; x_wconf 85' lang='lat' dir='ltr'><strong>pijs,</strong></span> <span class='ocrx_word' id='word_1_44' title='bbox 818 990 961 1058; x_wconf 88' lang='lat' dir='ltr'><strong>honestis</strong></span> <span class='ocrx_word' id='word_1_45' title='bbox 978 996 1011 1057; x_wconf 89' lang='lat' dir='ltr'><strong>et</strong></span> <span class='ocrx_word' id='word_1_46' title='bbox 1026 989 1182 1058; x_wconf 91' lang='lat' dir='ltr'><strong>modestis</strong></span> <span class='ocrx_word' id='word_1_47' title='bbox 1198 987 1415 1076; x_wconf 87' lang='lat' dir='ltr'><strong>peticionibus</strong></span> 
     </span>
     <span class='ocr_line' id='line_1_8' title="bbox 284 1095 1418 1188; baseline -0.008 -17"><span class='ocrx_word' id='word_1_48' title='bbox 284 1119 464 1188; x_wconf 87' lang='lat' dir='ltr'><strong>occurrere,</strong></span> <span class='ocrx_word' id='word_1_49' title='bbox 481 1121 523 1166; x_wconf 92' lang='lat' dir='ltr'><strong>ne</strong></span> <span class='ocrx_word' id='word_1_50' title='bbox 539 1098 644 1183; x_wconf 81' lang='lat' dir='ltr'><strong>Regia</strong></span> <span class='ocrx_word' id='word_1_51' title='bbox 659 1098 814 1166; x_wconf 78' lang='lat' dir='ltr'><strong>Maiestas</strong></span> <span class='ocrx_word' id='word_1_52' title='bbox 831 1101 887 1170; x_wconf 78' lang='lat' dir='ltr'><strong>vni</strong></span> <span class='ocrx_word' id='word_1_53' title='bbox 903 1113 1033 1166; x_wconf 90' lang='lat' dir='ltr'><strong>suorum</strong></span> <span class='ocrx_word' id='word_1_54' title='bbox 1051 1097 1252 1165; x_wconf 90' lang='lat' dir='ltr'><strong>subditorum</strong></span> <span class='ocrx_word' id='word_1_55' title='bbox 1268 1095 1418 1164; x_wconf 81' lang='lat' dir='ltr'><strong>videatur</strong></span> 
     </span>
     <span class='ocr_line' id='line_1_9' title="bbox 285 1205 1417 1294; baseline -0.004 -17"><span class='ocrx_word' id='word_1_56' title='bbox 285 1211 420 1294; x_wconf 82' lang='lat' dir='ltr'><strong>deesse3</strong></span> <span class='ocrx_word' id='word_1_57' title='bbox 445 1209 568 1276; x_wconf 87' lang='lat' dir='ltr'><strong>dietam</strong></span> <span class='ocrx_word' id='word_1_58' title='bbox 582 1213 701 1275; x_wconf 90' lang='lat' dir='ltr'><strong>terram</strong></span> <span class='ocrx_word' id='word_1_59' title='bbox 717 1209 859 1292; x_wconf 89' lang='lat' dir='ltr'><strong>Numsyr</strong></span> <span class='ocrx_word' id='word_1_60' title='bbox 875 1207 936 1274; x_wconf 91' lang='lat' dir='ltr'><strong>suh</strong></span> <span class='ocrx_word' id='word_1_61' title='bbox 953 1205 1077 1274; x_wconf 88' lang='lat' dir='ltr'><strong>eisdem</strong></span> <span class='ocrx_word' id='word_1_62' title='bbox 1094 1206 1188 1274; x_wconf 88' lang='lat' dir='ltr'><strong>metis</strong></span> <span class='ocrx_word' id='word_1_63' title='bbox 1209 1214 1242 1273; x_wconf 90' lang='lat' dir='ltr'><strong>et</strong></span> <span class='ocrx_word' id='word_1_64' title='bbox 1258 1205 1417 1290; x_wconf 84' lang='lat' dir='ltr'><strong>terminis,</strong></span> 
     </span>
     <span class='ocr_line' id='line_1_10' title="bbox 285 1313 1417 1402; baseline -0.005 -16"><span class='ocrx_word' id='word_1_65' title='bbox 285 1319 345 1386; x_wconf 92' lang='lat' dir='ltr'><strong>suh</strong></span> <span class='ocrx_word' id='word_1_66' title='bbox 371 1315 487 1402; x_wconf 89' lang='lat' dir='ltr'><strong>quihus</strong></span> <span class='ocrx_word' id='word_1_67' title='bbox 506 1318 596 1384; x_wconf 90' lang='lat' dir='ltr'><strong>Bitcr</strong></span> <span class='ocrx_word' id='word_1_68' title='bbox 612 1317 727 1384; x_wconf 89' lang='lat' dir='ltr'><strong>Comes</strong></span> <span class='ocrx_word' id='word_1_69' title='bbox 743 1317 858 1384; x_wconf 80' lang='lat' dir='ltr'><strong>statuit</strong></span> <span class='ocrx_word' id='word_1_70' title='bbox 883 1320 915 1382; x_wconf 92' lang='lat' dir='ltr'><strong>et</strong></span> <span class='ocrx_word' id='word_1_71' title='bbox 930 1315 1123 1399; x_wconf 82' lang='lat' dir='ltr'><strong>assignarit,</strong></span> <span class='ocrx_word' id='word_1_72' title='bbox 1139 1313 1275 1382; x_wconf 85' lang='lat' dir='ltr'><strong>Matthia</strong></span> <span class='ocrx_word' id='word_1_73' title='bbox 1293 1332 1417 1380; x_wconf 87' lang='lat' dir='ltr'><strong>memo·</strong></span> 
     </span>
     <span class='ocr_line' id='line_1_11' title="bbox 287 1421 1420 1512; baseline -0.006 -19"><span class='ocrx_word' id='word_1_74' title='bbox 287 1433 368 1512; x_wconf 87' lang='lat' dir='ltr'><strong>rato,</strong></span> <span class='ocrx_word' id='word_1_75' title='bbox 388 1427 467 1494; x_wconf 91' lang='lat' dir='ltr'><strong>item</strong></span> <span class='ocrx_word' id='word_1_76' title='bbox 485 1421 620 1491; x_wconf 80' lang='lat' dir='ltr'><strong>Matthia</strong></span> <span class='ocrx_word' id='word_1_77' title='bbox 635 1422 702 1490; x_wconf 91' lang='lat' dir='ltr'><strong>filio</strong></span> <span class='ocrx_word' id='word_1_78' title='bbox 719 1422 858 1506; x_wconf 88' lang='lat' dir='ltr'><strong>Andree,</strong></span> <span class='ocrx_word' id='word_1_79' title='bbox 876 1428 908 1488; x_wconf 90' lang='lat' dir='ltr'><strong>et</strong></span> <span class='ocrx_word' id='word_1_80' title='bbox 923 1423 991 1490; x_wconf 92' lang='lat' dir='ltr'><strong>suis</strong></span> <span class='ocrx_word' id='word_1_81' title='bbox 1006 1422 1181 1490; x_wconf 89' lang='lat' dir='ltr'><strong>heredibus</strong></span> <span class='ocrx_word' id='word_1_82' title='bbox 1197 1422 1420 1504; x_wconf 87' lang='lat' dir='ltr'><strong>heredumque</strong></span> 
     </span>
     <span class='ocr_line' id='line_1_12' title="bbox 287 1529 1419 1616; baseline -0.007 -14"><span class='ocrx_word' id='word_1_83' title='bbox 287 1552 416 1602; x_wconf 92' lang='lat' dir='ltr'><strong>snorum</strong></span> <span class='ocrx_word' id='word_1_84' title='bbox 433 1531 676 1599; x_wconf 86' lang='lat' dir='ltr'><strong>successorihus</strong></span> <span class='ocrx_word' id='word_1_85' title='bbox 704 1551 761 1616; x_wconf 92' lang='lat' dir='ltr'><strong>pro</strong></span> <span class='ocrx_word' id='word_1_86' title='bbox 788 1529 979 1599; x_wconf 88' lang='lat' dir='ltr'><strong>concambio</strong></span> <span class='ocrx_word' id='word_1_87' title='bbox 1005 1535 1088 1596; x_wconf 85' lang='lat' dir='ltr'><strong>torre</strong></span> <span class='ocrx_word' id='word_1_88' title='bbox 1113 1549 1171 1596; x_wconf 89' lang='lat' dir='ltr'><strong>suc</strong></span> <span class='ocrx_word' id='word_1_89' title='bbox 1190 1529 1337 1596; x_wconf 78' lang='lat' dir='ltr'><strong>Ceramia</strong></span> <span class='ocrx_word' id='word_1_90' title='bbox 1352 1549 1419 1594; x_wconf 91' lang='lat' dir='ltr'><strong>me·</strong></span> 
     </span>
     <span class='ocr_line' id='line_1_13' title="bbox 289 1635 1420 1724; baseline -0.005 -16"><span class='ocrx_word' id='word_1_91' title='bbox 289 1647 413 1708; x_wconf 85' lang='lat' dir='ltr'><strong>morato</strong></span> <span class='ocrx_word' id='word_1_92' title='bbox 439 1638 607 1724; x_wconf 86' lang='lat' dir='ltr'><strong>dedimus,</strong></span> <span class='ocrx_word' id='word_1_93' title='bbox 633 1637 825 1706; x_wconf 85' lang='lat' dir='ltr'><strong>donauimus</strong></span> <span class='ocrx_word' id='word_1_94' title='bbox 850 1644 883 1704; x_wconf 91' lang='lat' dir='ltr'><strong>et</strong></span> <span class='ocrx_word' id='word_1_95' title='bbox 907 1637 1102 1703; x_wconf 90' lang='lat' dir='ltr'><strong>contulimus</strong></span> <span class='ocrx_word' id='word_1_96' title='bbox 1129 1635 1200 1703; x_wconf 91' lang='lat' dir='ltr'><strong>iure</strong></span> <span class='ocrx_word' id='word_1_97' title='bbox 1215 1643 1371 1722; x_wconf 88' lang='lat' dir='ltr'><strong>perpetuo</strong></span> <span class='ocrx_word' id='word_1_98' title='bbox 1388 1642 1420 1702; x_wconf 92' lang='lat' dir='ltr'><strong>et</strong></span> 
     </span>
     <span class='ocr_line' id='line_1_14' title="bbox 289 1743 1420 1831; baseline -0.006 -16"><span class='ocrx_word' id='word_1_99' title='bbox 289 1744 547 1816; x_wconf 84' lang='lat' dir='ltr'><strong>irreuocahiliter</strong></span> <span class='ocrx_word' id='word_1_100' title='bbox 571 1744 813 1831; x_wconf 88' lang='lat' dir='ltr'><strong>possidendam.</strong></span> <span class='ocrx_word' id='word_1_101' title='bbox 846 1743 884 1811; x_wconf 93' lang='lat' dir='ltr'><strong>Iu</strong></span> <span class='ocrx_word' id='word_1_102' title='bbox 908 1745 998 1811; x_wconf 90' lang='lat' dir='ltr'><strong>cuius</strong></span> <span class='ocrx_word' id='word_1_103' title='bbox 1023 1746 1071 1812; x_wconf 90' lang='lat' dir='ltr'><strong>rei</strong></span> <span class='ocrx_word' id='word_1_104' title='bbox 1091 1745 1278 1812; x_wconf 87' lang='lat' dir='ltr'><strong>memoriam</strong></span> <span class='ocrx_word' id='word_1_105' title='bbox 1303 1763 1420 1828; x_wconf 89' lang='lat' dir='ltr'><strong>perpe-</strong></span> 
     </span>
     <span class='ocr_line' id='line_1_15' title="bbox 290 1850 1421 1938; baseline -0.004 -16"><span class='ocrx_word' id='word_1_106' title='bbox 290 1863 444 1938; x_wconf 87' lang='lat' dir='ltr'><strong>tuamque</strong></span> <span class='ocrx_word' id='word_1_107' title='bbox 458 1855 647 1920; x_wconf 83' lang='lat' dir='ltr'><strong>drmitatcm</strong></span> <span class='ocrx_word' id='word_1_108' title='bbox 669 1858 836 1938; x_wconf 87' lang='lat' dir='ltr'><strong>presentes</strong></span> <span class='ocrx_word' id='word_1_109' title='bbox 862 1851 1080 1920; x_wconf 74' lang='lat' dir='ltr'><strong>concessimus</strong></span> <span class='ocrx_word' id='word_1_110' title='bbox 1106 1853 1233 1920; x_wconf 88' lang='lat' dir='ltr'><strong>litteras</strong></span> <span class='ocrx_word' id='word_1_111' title='bbox 1256 1850 1421 1938; x_wconf 90' lang='lat' dir='ltr'><strong>dupplicis</strong></span> 
     </span>
     <span class='ocr_line' id='line_1_16' title="bbox 289 1959 1422 2046; baseline -0.004 -16"><span class='ocrx_word' id='word_1_112' title='bbox 289 1961 390 2046; x_wconf 81' lang='lat' dir='ltr'><strong>sigilli</strong></span> <span class='ocrx_word' id='word_1_113' title='bbox 415 1960 516 2027; x_wconf 90' lang='lat' dir='ltr'><strong>nostri</strong></span> <span class='ocrx_word' id='word_1_114' title='bbox 532 1959 708 2028; x_wconf 93' lang='lat' dir='ltr'><strong>munimine</strong></span> <span class='ocrx_word' id='word_1_115' title='bbox 733 1961 913 2027; x_wconf 87' lang='lat' dir='ltr'><strong>roboratas.</strong></span> <span class='ocrx_word' id='word_1_116' title='bbox 937 1961 1059 2027; x_wconf 91' lang='lat' dir='ltr'><strong>Datum</strong></span> <span class='ocrx_word' id='word_1_117' title='bbox 1078 1981 1136 2045; x_wconf 88' lang='lat' dir='ltr'><strong>per</strong></span> <span class='ocrx_word' id='word_1_118' title='bbox 1152 1981 1268 2028; x_wconf 88' lang='lat' dir='ltr'><strong>manus</strong></span> <span class='ocrx_word' id='word_1_119' title='bbox 1285 1959 1422 2026; x_wconf 89' lang='lat' dir='ltr'><strong>discreti</strong></span> 
     </span>
     <span class='ocr_line' id='line_1_17' title="bbox 289 2067 1423 2156; baseline -0.003 -19"><span class='ocrx_word' id='word_1_120' title='bbox 289 2068 351 2137; x_wconf 87' lang='lat' dir='ltr'><strong>viri</strong></span> <span class='ocrx_word' id='word_1_121' title='bbox 376 2067 526 2156; x_wconf 86' lang='lat' dir='ltr'><strong>Magistri</strong></span> <span class='ocrx_word' id='word_1_122' title='bbox 557 2067 718 2135; x_wconf 88' lang='lat' dir='ltr'><strong>Johanuis</strong></span> <span class='ocrx_word' id='word_1_123' title='bbox 750 2068 856 2134; x_wconf 83' lang='lat' dir='ltr'><strong>Electi</strong></span> <span class='ocrx_word' id='word_1_124' title='bbox 886 2067 1040 2136; x_wconf 87' lang='lat' dir='ltr'><strong>Albensis</strong></span> <span class='ocrx_word' id='word_1_125' title='bbox 1070 2070 1233 2155; x_wconf 91' lang='lat' dir='ltr'><strong>Prepositi</strong></span> <span class='ocrx_word' id='word_1_126' title='bbox 1257 2071 1423 2136; x_wconf 72' lang='lat' dir='ltr'><strong>Bullensis</strong></span> 
     </span>
     <span class='ocr_line' id='line_1_18' title="bbox 291 2175 1424 2260; baseline -0.003 -16"><span class='ocrx_word' id='word_1_127' title='bbox 291 2177 367 2244; x_wconf 91' lang='lat' dir='ltr'><strong>aule</strong></span> <span class='ocrx_word' id='word_1_128' title='bbox 382 2183 491 2245; x_wconf 88' lang='lat' dir='ltr'><strong>nostre</strong></span> <span class='ocrx_word' id='word_1_129' title='bbox 508 2175 798 2260; x_wconf 85' lang='lat' dir='ltr'><strong>Viae-Cancellarij</strong></span> <span class='ocrx_word' id='word_1_130' title='bbox 819 2175 929 2242; x_wconf 88' lang='lat' dir='ltr'><strong>dilecti</strong></span> <span class='ocrx_word' id='word_1_131' title='bbox 946 2183 977 2243; x_wconf 86' lang='lat' dir='ltr'><strong>ct</strong></span> <span class='ocrx_word' id='word_1_132' title='bbox 992 2175 1100 2242; x_wconf 89' lang='lat' dir='ltr'><strong>fidelis</strong></span> <span class='ocrx_word' id='word_1_133' title='bbox 1126 2177 1229 2244; x_wconf 88' lang='lat' dir='ltr'><strong>nostri</strong></span> <span class='ocrx_word' id='word_1_134' title='bbox 1254 2196 1341 2244; x_wconf 90' lang='lat' dir='ltr'><strong>anno</strong></span> <span class='ocrx_word' id='word_1_135' title='bbox 1357 2177 1424 2241; x_wconf 92' lang='lat' dir='ltr'><strong>Do·</strong></span> 
     </span>
     <span class='ocr_line' id='line_1_19' title="bbox 290 2282 1424 2370; baseline -0.002 -20"><span class='ocrx_word' id='word_1_136' title='bbox 290 2283 370 2350; x_wconf 90' lang='lat' dir='ltr'><strong>mini</strong></span> <span class='ocrx_word' id='word_1_137' title='bbox 386 2282 560 2351; x_wconf 89' lang='lat' dir='ltr'><strong>millesimo</strong></span> <span class='ocrx_word' id='word_1_138' title='bbox 586 2283 806 2352; x_wconf 87' lang='lat' dir='ltr'><strong>ducentesimo</strong></span> <span class='ocrx_word' id='word_1_139' title='bbox 833 2285 1077 2370; x_wconf 83' lang='lat' dir='ltr'><strong>septuagesimo</strong></span> <span class='ocrx_word' id='word_1_140' title='bbox 1094 2291 1220 2370; x_wconf 86' lang='lat' dir='ltr'><strong>octauo,</strong></span> <span class='ocrx_word' id='word_1_141' title='bbox 1239 2286 1351 2369; x_wconf 91' lang='lat' dir='ltr'><strong>quinto</strong></span> <span class='ocrx_word' id='word_1_142' title='bbox 1368 2284 1424 2349; x_wconf 87' lang='lat' dir='ltr'><strong>de·</strong></span> 
     </span>
     <span class='ocr_line' id='line_1_20' title="bbox 291 2390 1358 2479; baseline -0.002 -21"><span class='ocrx_word' id='word_1_143' title='bbox 291 2392 375 2458; x_wconf 83' lang='lat' dir='ltr'><strong>aimo</strong></span> <span class='ocrx_word' id='word_1_144' title='bbox 391 2390 555 2459; x_wconf 87' lang='lat' dir='ltr'><strong>kalendas</strong></span> <span class='ocrx_word' id='word_1_145' title='bbox 571 2390 721 2476; x_wconf 81' lang='lat' dir='ltr'><strong>Augusti,</strong></span> <span class='ocrx_word' id='word_1_146' title='bbox 743 2391 848 2476; x_wconf 84' lang='lat' dir='ltr'><strong>Regni</strong></span> <span class='ocrx_word' id='word_1_147' title='bbox 864 2399 971 2458; x_wconf 87' lang='lat' dir='ltr'><strong>antem</strong></span> <span class='ocrx_word' id='word_1_148' title='bbox 988 2393 1091 2460; x_wconf 88' lang='lat' dir='ltr'><strong>nostri</strong></span> <span class='ocrx_word' id='word_1_149' title='bbox 1107 2413 1192 2460; x_wconf 92' lang='lat' dir='ltr'><strong>auno</strong></span> <span class='ocrx_word' id='word_1_150' title='bbox 1209 2392 1358 2479; x_wconf 88' lang='lat' dir='ltr'><strong>septimo.</strong></span> 
     </span>
    </p>
   </div>
   <div class='ocr_carea' id='block_1_3' title="bbox 299 2567 1429 2730">
    <p class='ocr_par' dir='ltr' id='par_1_5' title="bbox 299 2567 1429 2730">
     <span class='ocr_line' id='line_1_21' title="bbox 299 2567 1429 2639; baseline -0.002 -18"><span class='ocrx_word' id='word_1_151' title='bbox 299 2568 361 2637; x_wconf 92' lang='lat'>(111.</span> <span class='ocrx_word' id='word_1_152' title='bbox 380 2572 472 2622; x_wconf 87' lang='lat' dir='ltr'><strong>Eudrc</strong></span> <span class='ocrx_word' id='word_1_153' title='bbox 487 2567 577 2638; x_wconf 67' lang='lat' dir='ltr'><strong>kirtly</strong></span> <span class='ocrx_word' id='word_1_154' title='bbox 594 2572 704 2624; x_wconf 75' lang='lat' dir='ltr'><strong>taso-ki</strong></span> <span class='ocrx_word' id='word_1_155' title='bbox 719 2569 880 2637; x_wconf 83' lang='lat' dir='ltr'><strong>megerdsitd</strong></span> <span class='ocrx_word' id='word_1_156' title='bbox 905 2569 1095 2639; x_wconf 68' lang='lat' dir='ltr'><strong>okmr&#39;anydbdh</strong></span> <span class='ocrx_word' id='word_1_157' title='bbox 1109 2568 1333 2637; x_wconf 72' lang='lat' dir='ltr'><strong>Kormoezbtnya</strong></span> <span class='ocrx_word' id='word_1_158' title='bbox 1345 2567 1429 2621; x_wconf 76' lang='lat' dir='ltr'><strong>vairos</strong></span> 
     </span>
     <span class='ocr_line' id='line_1_22' title="bbox 754 2659 962 2730; baseline 0.01 -18"><span class='ocrx_word' id='word_1_159' title='bbox 754 2659 962 2730; x_wconf 71' lang='lat' dir='ltr'><strong>levdltdrdban.)</strong></span> 
     </span>
    </p>
   </div>
   <div class='ocr_carea' id='block_1_4' title="bbox 752 2908 965 2924">
    <p class='ocr_par' dir='ltr' id='par_1_6' title="bbox 752 2908 965 2924">
     <span class='ocr_line' id='line_1_23' title="bbox 752 2908 965 2924; baseline 0.009 -2"><span class='ocrx_word' id='word_1_160' title='bbox 752 2908 965 2924; x_wconf 55' lang='lat' dir='ltr'>-n--nss</span> 
     </span>
    </p>
   </div>
   <div class='ocr_carea' id='block_1_5' title="bbox 825 3374 899 3446">
    <p class='ocr_par' dir='ltr' id='par_1_7' title="bbox 825 3374 899 3446">
     <span class='ocr_line' id='line_1_24' title="bbox 825 3374 899 3446; baseline 0.014 -1"><span class='ocrx_word' id='word_1_161' title='bbox 825 3374 899 3446; x_wconf 77' lang='lat'><strong>145.</strong></span> 
     </span>
    </p>
   </div>
   <div class='ocr_carea' id='block_1_6' title="bbox 298 3573 1568 3665">
    <p class='ocr_par' dir='ltr' id='par_1_8' title="bbox 298 3573 1568 3665">
     <span class='ocr_line' id='line_1_25' title="bbox 298 3573 1568 3665; baseline 0.002 -23"><span class='ocrx_word' id='word_1_162' title='bbox 298 3573 444 3642; x_wconf 68' lang='lat' dir='ltr'><strong>Drasdbet</strong></span> <span class='ocrx_word' id='word_1_163' title='bbox 459 3573 609 3659; x_wconf 71' lang='lat' dir='ltr'><strong>kircilyad</strong></span> <span class='ocrx_word' id='word_1_164' title='bbox 630 3577 809 3660; x_wconf 73' lang='lat' dir='ltr'><strong>maperdatta&#39;</strong></span> <span class='ocrx_word' id='word_1_165' title='bbox 832 3599 872 3641; x_wconf 79' lang='lat' dir='ltr'><strong>az</strong></span> <span class='ocrx_word' id='word_1_166' title='bbox 897 3579 1081 3662; x_wconf 74' lang='lat' dir='ltr'><strong>ecaterparni</strong></span> <span class='ocrx_word' id='word_1_167' title='bbox 1095 3577 1320 3665; x_wconf 78' lang='lat' dir='ltr'><strong>kdptalaaault</strong></span> <span class='ocrx_word' id='word_1_168' title='bbox 1337 3577 1434 3664; x_wconf 78' lang='lat' dir='ltr'><strong>Nyis·</strong></span> <span class='ocrx_word' id='word_1_169' title='bbox 1567 3655 1568 3660; x_wconf 8' lang='grc' dir='ltr'>η</span> 
     </span>
    </p>
   </div>
   <div class='ocr_carea' id='block_1_7' title="bbox 290 3681 1436 3880">
    <p class='ocr_par' dir='ltr' id='par_1_9' title="bbox 290 3681 1436 3880">
     <span class='ocr_line' id='line_1_26' title="bbox 290 3681 1436 3773; baseline 0.002 -25"><span class='ocrx_word' id='word_1_170' title='bbox 290 3681 371 3769; x_wconf 79' lang='lat' dir='ltr'><strong>fo&#39;id</strong></span> <span class='ocrx_word' id='word_1_171' title='bbox 397 3681 576 3750; x_wconf 76' lang='lat' dir='ltr'><strong>iktatciadra</strong></span> <span class='ocrx_word' id='word_1_172' title='bbox 595 3684 769 3749; x_wconf 81' lang='lat' dir='ltr'><strong>ccauthozd</strong></span> <span class='ocrx_word' id='word_1_173' title='bbox 789 3686 928 3752; x_wconf 65' lang='lat' dir='ltr'><strong>MCC-ki</strong></span> <span class='ocrx_word' id='word_1_174' title='bbox 951 3687 1227 3773; x_wconf 76' lang='lat' dir='ltr'><strong>bizoayaoiplcvcle&#39;t</strong></span> <span class='ocrx_word' id='word_1_175' title='bbox 1251 3687 1343 3752; x_wconf 76' lang='lat' dir='ltr'><strong>Pae·</strong></span> <span class='ocrx_word' id='word_1_176' title='bbox 1368 3709 1436 3752; x_wconf 78' lang='lat' dir='ltr'><strong>raz-</strong></span> 
     </span>
     <span class='ocr_line' id='line_1_27' title="bbox 581 3794 1145 3880; baseline 0.009 -25"><span class='ocrx_word' id='word_1_177' title='bbox 581 3795 718 3878; x_wconf 77' lang='lat' dir='ltr'><strong>terqomi</strong></span> <span class='ocrx_word' id='word_1_178' title='bbox 726 3794 847 3880; x_wconf 52' lang='grc' dir='ltr'><strong>μοῖράν</strong></span> <span class='ocrx_word' id='word_1_179' title='bbox 860 3798 1021 3861; x_wconf 79' lang='lat' dir='ltr'><strong>sadrndra.</strong></span> <span class='ocrx_word' id='word_1_180' title='bbox 1049 3795 1113 3860; x_wconf 82' lang='lat'><strong>127</strong></span> <span class='ocrx_word' id='word_1_181' title='bbox 1115 3799 1145 3861; x_wconf 91' lang='grc'><strong>8,</strong></span> 
     </span>
    </p>
   </div>
   <div class='ocr_carea' id='block_1_8' title="bbox 301 3988 1568 4617">
    <p class='ocr_par' dir='ltr' id='par_1_10' title="bbox 301 3988 1568 4617">
     <span class='ocr_line' id='line_1_28' title="bbox 408 3988 1436 4079; baseline -0.003 -20"><span class='ocrx_word' id='word_1_182' title='bbox 408 3991 588 4079; x_wconf 81' lang='lat' dir='ltr'><strong>Elysabeth</strong></span> <span class='ocrx_word' id='word_1_183' title='bbox 606 3989 671 4058; x_wconf 91' lang='lat' dir='ltr'><strong>Dei</strong></span> <span class='ocrx_word' id='word_1_184' title='bbox 688 3988 799 4072; x_wconf 78' lang='lat' dir='ltr'><strong>gracia</strong></span> <span class='ocrx_word' id='word_1_185' title='bbox 813 3989 939 4072; x_wconf 84' lang='lat' dir='ltr'><strong>Regina</strong></span> <span class='ocrx_word' id='word_1_186' title='bbox 964 3990 1107 4073; x_wconf 80' lang='lat' dir='ltr'><strong>Vngarie</strong></span> <span class='ocrx_word' id='word_1_187' title='bbox 1130 3991 1290 4059; x_wconf 83' lang='lat' dir='ltr'><strong>uniuersis</strong></span> <span class='ocrx_word' id='word_1_188' title='bbox 1306 3989 1436 4058; x_wconf 78' lang='lat' dir='ltr'><strong>Christi</strong></span> 
     </span>
     <span class='ocr_line' id='line_1_29' title="bbox 301 4092 1438 4186; baseline 0.002 -22"><span class='ocrx_word' id='word_1_189' title='bbox 301 4097 451 4167; x_wconf 85' lang='lat' dir='ltr'><strong>fidelibus</strong></span> <span class='ocrx_word' id='word_1_190' title='bbox 467 4119 599 4186; x_wconf 83' lang='lat' dir='ltr'><strong>presens</strong></span> <span class='ocrx_word' id='word_1_191' title='bbox 616 4096 769 4183; x_wconf 91' lang='lat' dir='ltr'><strong>scriptum</strong></span> <span class='ocrx_word' id='word_1_192' title='bbox 786 4092 979 4183; x_wconf 81' lang='lat' dir='ltr'><strong>inspecturis</strong></span> <span class='ocrx_word' id='word_1_193' title='bbox 997 4098 1137 4165; x_wconf 88' lang='lat' dir='ltr'><strong>salutem</strong></span> <span class='ocrx_word' id='word_1_194' title='bbox 1153 4099 1186 4165; x_wconf 95' lang='lat' dir='ltr'><strong>in</strong></span> <span class='ocrx_word' id='word_1_195' title='bbox 1202 4098 1344 4166; x_wconf 91' lang='lat' dir='ltr'><strong>omnium</strong></span> <span class='ocrx_word' id='word_1_196' title='bbox 1367 4101 1438 4166; x_wconf 88' lang='lat' dir='ltr'><strong>sal-</strong></span> 
     </span>
     <span class='ocr_line' id='line_1_30' title="bbox 301 4205 1439 4292; baseline 0.002 -20"><span class='ocrx_word' id='word_1_197' title='bbox 301 4213 425 4275; x_wconf 89' lang='lat' dir='ltr'><strong>uatore.</strong></span> <span class='ocrx_word' id='word_1_198' title='bbox 448 4207 501 4273; x_wconf 83' lang='lat' dir='ltr'><strong>Ad</strong></span> <span class='ocrx_word' id='word_1_199' title='bbox 517 4209 740 4276; x_wconf 81' lang='lat' dir='ltr'><strong>uniuersorum</strong></span> <span class='ocrx_word' id='word_1_200' title='bbox 755 4205 909 4274; x_wconf 90' lang='lat' dir='ltr'><strong>noticiam</strong></span> <span class='ocrx_word' id='word_1_201' title='bbox 928 4212 994 4273; x_wconf 90' lang='lat' dir='ltr'><strong>tam</strong></span> <span class='ocrx_word' id='word_1_202' title='bbox 1014 4207 1217 4292; x_wconf 90' lang='lat' dir='ltr'><strong>presencium</strong></span> <span class='ocrx_word' id='word_1_203' title='bbox 1234 4229 1328 4292; x_wconf 87' lang='lat' dir='ltr'><strong>quam</strong></span> <span class='ocrx_word' id='word_1_204' title='bbox 1346 4206 1439 4274; x_wconf 85' lang='lat' dir='ltr'><strong>sutu-</strong></span> 
     </span>
     <span class='ocr_line' id='line_1_31' title="bbox 302 4314 1440 4402; baseline 0.005 -24"><span class='ocrx_word' id='word_1_205' title='bbox 302 4333 409 4380; x_wconf 89' lang='lat' dir='ltr'><strong>rorum</strong></span> <span class='ocrx_word' id='word_1_206' title='bbox 441 4315 554 4382; x_wconf 93' lang='lat' dir='ltr'><strong>harum</strong></span> <span class='ocrx_word' id='word_1_207' title='bbox 586 4315 670 4384; x_wconf 87' lang='lat' dir='ltr'><strong>serie</strong></span> <span class='ocrx_word' id='word_1_208' title='bbox 695 4314 844 4382; x_wconf 90' lang='lat' dir='ltr'><strong>uolumus</strong></span> <span class='ocrx_word' id='word_1_209' title='bbox 877 4316 1065 4400; x_wconf 84' lang='lat' dir='ltr'><strong>peruenire;</strong></span> <span class='ocrx_word' id='word_1_210' title='bbox 1100 4316 1186 4402; x_wconf 92' lang='lat' dir='ltr'><strong>quod</strong></span> <span class='ocrx_word' id='word_1_211' title='bbox 1211 4317 1326 4384; x_wconf 88' lang='lat' dir='ltr'><strong>Petrus</strong></span> <span class='ocrx_word' id='word_1_212' title='bbox 1343 4315 1440 4384; x_wconf 83' lang='lat' dir='ltr'><strong>iilius</strong></span> 
     </span>
     <span class='ocr_line' id='line_1_32' title="bbox 302 4419 1443 4514; baseline 0.004 -29"><span class='ocrx_word' id='word_1_213' title='bbox 302 4419 461 4489; x_wconf 86' lang='lat' dir='ltr'><strong>Johanuis</strong></span> <span class='ocrx_word' id='word_1_214' title='bbox 479 4423 559 4492; x_wconf 89' lang='lat' dir='ltr'><strong>ciuis</strong></span> <span class='ocrx_word' id='word_1_215' title='bbox 575 4423 808 4508; x_wconf 84' lang='lat' dir='ltr'><strong>Strigoniensis</strong></span> <span class='ocrx_word' id='word_1_216' title='bbox 826 4419 870 4490; x_wconf 89' lang='lat' dir='ltr'><strong>ad</strong></span> <span class='ocrx_word' id='word_1_217' title='bbox 884 4429 1028 4492; x_wconf 85' lang='lat' dir='ltr'><strong>nostram</strong></span> <span class='ocrx_word' id='word_1_218' title='bbox 1044 4424 1203 4492; x_wconf 87' lang='lat' dir='ltr'><strong>accedens</strong></span> <span class='ocrx_word' id='word_1_219' title='bbox 1219 4427 1443 4514; x_wconf 85' lang='lat' dir='ltr'><strong>presenciam,</strong></span> 
     </span>
     <span class='ocr_line' id='line_1_33' title="bbox 305 4526 1568 4617; baseline 0.006 -23"><span class='ocrx_word' id='word_1_220' title='bbox 305 4526 452 4598; x_wconf 84' lang='lat' dir='ltr'><strong>exhibuit</strong></span> <span class='ocrx_word' id='word_1_221' title='bbox 481 4527 575 4599; x_wconf 87' lang='lat' dir='ltr'><strong>nobis</strong></span> <span class='ocrx_word' id='word_1_222' title='bbox 606 4530 814 4616; x_wconf 79' lang='lat' dir='ltr'><strong>priuilegium</strong></span> <span class='ocrx_word' id='word_1_223' title='bbox 851 4530 993 4617; x_wconf 80' lang='lat' dir='ltr'><strong>Capituli</strong></span> <span class='ocrx_word' id='word_1_224' title='bbox 1024 4532 1258 4616; x_wconf 73' lang='lat' dir='ltr'><strong>strigoniensis</strong></span> <span class='ocrx_word' id='word_1_225' title='bbox 1289 4531 1441 4600; x_wconf 85' lang='lat' dir='ltr'><strong>fidelium</strong></span> <span class='ocrx_word' id='word_1_226' title='bbox 1567 4581 1568 4590; x_wconf 20' lang='grc' dir='ltr'><strong>κ</strong></span> 
     </span>
    </p>
   </div>
   <div class='ocr_carea' id='block_1_9' title="bbox 0 0 1596 5150">
    <p class='ocr_par' dir='ltr' id='par_1_11' title="bbox 0 0 1596 5150">
     <span class='ocr_line' id='line_1_34' title="bbox 0 0 1596 5150; baseline 0 0"><span class='ocrx_word' id='word_1_227' title='bbox 0 0 1596 5150; x_wconf 95' lang='lat' dir='ltr'><strong> </strong></span> 
     </span>
    </p>
   </div>
  </div>
 </body>
</html>
