3080 5160
614 941 688 1009 aab.

84 1158 141 1224 IV.
158 1160 293 1224 Ma'rton
304 1163 400 1245 pcipe
415 1181 436 1222 a
444 1159 569 1242 jctdr·ai
584 1161 703 1226 e'rselret
720 1163 889 1247 rrrepbizca,
908 1165 991 1249 bopy
998 1161 1112 1248 frater
1127 1163 1203 1229 Gat-

84 1275 196 1332 enpust
226 1264 469 1330 demulcereada‘
497 1279 669 1348 ezerzetcst,
695 1269 731 1332 ki
746 1269 924 1356 cupedelcm
939 1271 1049 1336 luetluet
1074 1295 1096 1334 c
1121 1293 1202 1336 scar-

84 1373 184 1439 donai
199 1374 405 1460 pilapblradpet
422 1373 600 1460 effopadta,
616 1375 846 1461 felfttpeazaze,
871 1403 886 1443 a
910 1401 949 1442 <uz
974 1377 1110 1464 apostoli
1128 1380 1196 1442 sze‘lc

497 1483 544 1545 clc'
558 1483 673 1546 iddtze.
691 1481 789 1548 1283.

187 1698 347 1764 Martinus
378 1696 558 1782 Episcopus
591 1717 703 1764 servus
735 1717 896 1764 servorum
928 1698 990 1764 Dei
1021 1700 1200 1766 venerabili

81 1803 172 1871 fratri
190 1854 198 1870 .
217 1855 225 1870 .
243 1857 250 1872 .
266 1805 515 1892 Arebiepiscopo
546 1803 696 1872 Jadrcnsi
714 1805 849 1873 salutem
868 1812 899 1872 et
916 1806 1200 1892 Apostolicarnbe·

83 1911 309 1979 nedictionem.
345 1913 547 1997 Significavit
573 1915 665 1980 nobis
700 1915 838 1981 dilectus
862 1914 948 1980 filius
1051 1914 1203 1998 Magister
1258 1987 1264 2002 ¹

83 2020 217 2089 Ordinis
233 2019 367 2087 fratrum
395 2021 647 2106 Predicatorum,
674 2023 760 2105 quod
785 2023 860 2089 licet
885 2042 941 2108 per
965 2025 1091 2089 litteras
1109 2022 1202 2088 Sedis

81 2129 268 2216 Apostolice
284 2133 326 2197 sit
341 2131 531 2214 inhibitum,
550 2139 584 2195 ut
600 2131 681 2196 nulli
697 2131 812 2199 fratres
828 2133 929 2216 ipsius
946 2129 1087 2218 Ordinis,
1104 2131 1132 2195 si
1147 2151 1203 2198 eos

81 2237 112 2303 in
128 2237 307 2323 Episcopos
325 2238 404 2323 eligi
425 2245 482 2304 aut
497 2239 651 2322 postulari
670 2239 751 2306 ferto
768 2240 948 2324 contigerit,
974 2238 1120 2306 electioni
1146 2259 1202 2304 seu

80 2344 293 2429 postulationi
310 2345 351 2410 de
367 2365 402 2412 se
418 2348 505 2412 facte
522 2347 665 2414 audeaut
676 2349 862 2432 consentire,
874 2367 934 2415 nec
944 2347 1062 2432 aliquis
1073 2347 1203 2414 Archie·

78 2453 233 2538 piscopos
249 2473 305 2520 seu
322 2454 504 2536 quicunque
520 2456 605 2520 alius
620 2457 780 2543 Prolatus,
798 2457 849 2522 vel
866 2456 965 2522 etiam
982 2456 1125 2540 Legatos
1142 2456 1198 2521 Se-

80 2559 129 2627 dis
145 2560 249 2647 ipsius
267 2561 372 2628 dictos
388 2562 517 2647 fratres,
537 2564 600 2628 uisi
611 2562 651 2630 dc
668 2564 814 2648 Magistri
832 2563 975 2630 eiusdem
986 2564 1038 2629 vel
1051 2564 1198 2628 Priorum

79 2668 340 2754 Prouincialium,
359 2671 412 2754 qui
431 2691 488 2756 pro
503 2677 646 2757 temporo
663 2671 792 2756 fuerint,
812 2653 946 2738 licentia
972 2677 1003 2738 et
1027 2691 1208 2758 consensu,¹

80 2785 134 2842 ant
149 2777 288 2862 speciali
304 2776 457 2844 mandato
473 2777 568 2845 Sedis
585 2779 727 2846 eiusdem
744 2779 788 2843 ad
806 2779 1030 2864 Episcopatus,
1048 2781 1100 2846 uel
1116 2779 1201 2846 alias

79 2885 243 2968 quaslibet
257 2886 435 2971 dignitates
453 2894 544 2952 extra
564 2887 683 2953 dietum
701 2885 855 2954 Ordinem
872 2908 1037 2954 assumere
1054 2887 1199 2960 relordi·

79 3013 158 3060 nare
182 3001 391 3080 presumant;
415 3015 472 3080 per
497 2995 630 3062 eusdem
656 3016 783 3079 quoque
819 2996 945 3062 litteras
971 2995 1014 3062 sit
1038 2995 1201 3062 decretum

79 3104 207 3170 irritum
235 3109 265 3168 et
286 3103 392 3189 inane,
411 3103 564 3187 quicquid
582 3112 694 3170 contra
719 3105 942 3172 inhibitionem
968 3102 1201 3190 huiusmodia

79 3213 326 3296 quibuscunque
352 3215 524 3298 contigerit
564 3216 764 3300 attemptari,
793 3216 988 3280 auctoritate
1012 3211 1202 3298 apostolica

79 3340 208 3406 sempor
232 3321 343 3387 salva:
369 3328 476 3387 tamen
494 3321 594 3386 frater
611 3320 790 3405 Oalvanns,
808 3321 1013 3388 Dalmatinus
1039 3320 1201 3406 professus

80 3427 157 3494 dicti
180 3425 322 3512 Ordinis,
340 3428 517 3512 provisioni
533 3449 590 3495 scu
608 3430 757 3495 electioni
774 3429 815 3494 de
831 3429 901 3514 ipso
913 3428 955 3495 ad
966 3429 1199 3514 Episcopatunr

80 3535 338 3603 Scardonensem
355 3534 441 3601 facte
463 3545 574 3603 contra
599 3537 822 3603 inhibitionem
849 3546 881 3601 et
898 3537 1062 3603 decretum
1091 3537 1200 3610 liuius-

82 3643 167 3710 modi
183 3650 303 3709 temere
319 3643 501 3708 consentire
535 3645 740 3728 presumpsit.
773 3642 880 3720 Quare
911 3644 1015 3709 <lictus
1047 3645 1201 3728 Magister

80 3750 157 3818 lacit
174 3771 195 3814 a
210 3751 302 3818 nobis
319 3771 390 3816 cum
407 3752 566 3818 instantia
594 3753 759 3837 postulari,
776 3758 811 3816 ut
835 3752 1002 3838 providere
1028 3771 1125 3836 super
1141 3751 1202 3818 hoc

81 3866 217 3944 paterna
234 3857 444 3924 sollicitudini
461 3880 653 3928 curaremus.
684 3861 734 3925 Ne
750 3861 848 3944 igitur
864 3860 967 3924 dictus
983 3861 1143 3926 Salvanus
1160 3859 1201 3926 de

7 4031 9 4050 ,
81 3975 168 4033 tante
185 3966 370 4034 ambitionis
387 3988 522 4035 excessu
540 3969 650 4034 valeat
675 3969 817 4056 gloriari,
843 3968 1039 4036 fraternitati
1065 3974 1118 4032 tue
1144 3987 1202 4052 per

7 4063 8 4074 ἶ
81 4074 271 4161 apostoliea
287 4076 408 4162 scripta
425 4076 627 4161 mandamns,
653 4085 811 4161 quatenus
837 4075 995 4159 inquisita
1019 4097 1116 4162 super
1140 4076 1201 4141 hoc

82 4183 255 4268 diligenter
270 4186 418 4267 veritate,
437 4185 465 4250 si
482 4204 547 4250 rem
565 4183 725 4251 inveneris
742 4183 788 4250 ita
813 4204 893 4269 esse,
919 4182 1098 4269 predictum
1126 4183 1200 4249 Gal·

82 4311 154 4356 nnm
167 4289 209 4354 ab
220 4290 327 4357 officio
338 4291 555 4374 beneficioque
567 4291 887 4378 suspendas,etiamui
898 4291 940 4354 ad
952 4290 1022 4357 cius
1033 4309 1200 4356 consecra·

81 4398 198 4465 tionem
208 4417 391 4483 processum
402 4398 500 4466 fuerit
510 4419 569 4484 per
581 4417 811 4484 quemcunque,
830 4419 868 4463 ac
883 4398 990 4482 ipsum
1008 4397 1054 4462 sic
1069 4416 1200 4480 sospen-

83 4528 150 4572 sum
166 4507 209 4573 ad
225 4525 285 4571 nos
301 4507 411 4574 mittas
429 4503 516 4572 infra
535 4513 755 4592 conpetentem
767 4506 946 4584 tormimnn,
958 4525 1052 4586 quem
1065 4503 1093 4568 ei
1106 4502 1201 4568 dunc-

82 4615 126 4680 ris
140 4614 370 4700 prefigemdnm
387 4637 445 4702 pro
456 4613 580 4682 meritis
591 4621 800 4702 recepturum.
812 4609 971 4693 Quicquid
982 4618 1090 4676 irritem
1101 4629 1199 4694 super
