3124 5158
879 879 955 947 223.

362 1089 391 1157 A
407 1098 503 1182 yyb'ri
518 1095 739 1180 kriptalarmulr
754 1095 1025 1182 bizouyscipleoele,
1044 1099 1125 1184 kopp
1139 1099 1242 1165 Jctaos
1259 1102 1361 1166 reddor
1382 1101 1457 1167 Ciuile

360 1225 457 1267 conces
471 1202 590 1284 fioieal
614 1203 761 1290 bizouyos
785 1205 1019 1290 birtolp'opokm
1045 1209 1138 1270 uezoe
1153 1209 1357 1294 eqyezkedett.
1374 1208 1457 1271 1281.

468 1416 651 1502 Capitulum
667 1418 847 1486 lauriensis
863 1417 1008 1486 Eoolesie
1028 1421 1174 1488 omnibus
1191 1421 1312 1491 Christi
1328 1419 1459 1490 fidelibus

360 1531 525 1613 presentes
541 1524 667 1590 litteras
684 1525 873 1610 inspecturis
889 1525 1024 1592 salutem
1041 1525 1074 1591 in
1086 1527 1223 1596 Domino
1234 1530 1458 1616 sempiternom.

360 1631 411 1699 Ab
435 1633 655 1700 uniuersorum
681 1633 831 1700 noticiam
857 1641 965 1700 tenore
983 1635 1184 1720 presencium
1199 1638 1348 1704 volumus
1363 1657 1458 1723 perue-

361 1741 449 1828 nire;
468 1741 552 1826 quod
568 1741 686 1808 nobilis
701 1741 750 1808 vir
765 1743 927 1810 lohannes
944 1744 1112 1811 Palatinus
1129 1745 1215 1813 filius
1228 1745 1388 1829 qnondam
1398 1745 1460 1810 Her-

361 1849 418 1918 riei
443 1851 535 1937 Bani,
561 1871 619 1938 pro
644 1869 679 1917 se
705 1857 736 1918 et
751 1872 808 1936 pro
825 1851 979 1918 fratribus
995 1852 1063 1919 suis
1078 1853 1157 1920 viris
1174 1855 1353 1938 Magnifiois
1369 1873 1460 1920 eoram

361 1960 455 2026 nobis
470 1961 662 2026 constitutus
678 1961 845 2045 proposuit
860 1959 1054 2046 asserendo,
1072 1959 1157 2044 quod
1173 1961 1250 2030 lieet
1266 1981 1323 2047 per
1339 1981 1459 2044 quorun-

360 2067 433 2134 dam
450 2068 691 2152 suggestionem
709 2073 739 2132 et
756 2069 860 2134 minus
876 2069 994 2134 iustam
1010 2067 1233 2136 indneoionem
1249 2068 1460 2135 intromisisset

360 2197 395 2242 se
420 2175 461 2240 de
485 2174 741 2262 possessionibus
758 2175 935 2262 Hydegsed
951 2183 983 2242 et
998 2176 1119 2260 Honlry
1135 2177 1271 2263 voeatis,
1288 2196 1368 2260 ques
1382 2176 1459 2242 Niso·

359 2285 457 2372 laum,
482 2283 593 2350 Buzad
618 2291 649 2350 et
665 2281 848 2350 Feldrioum
865 2283 948 2352 lilios
965 2283 1126 2369 quondam
1143 2283 1235 2351 obas
1252 2285 1336 2350 Beni
1351 2283 1460 2351 intelle·

359 2393 461 2460 risset
486 2395 650 2476 Gregorio,
677 2394 806 2460 Andree
821 2393 899 2479 filijs
916 2393 1049 2460 Comitis
1065 2395 1150 2459 Pelri
1168 2393 1208 2458 de
1225 2413 1344 2478 genere
1359 2391 1419 2479 Osl,
1434 2397 1461 2456 et

362 2501 507 2568 Dionisio
538 2501 605 2568 filio
631 2483 851 2568 llartholomei
888 2502 1064 2568 Conritibus
1096 2523 1152 2586 pro
1184 2503 1331 2569 ducentis
1360 2498 1460 2566 mareis

362 2610 489 2695 pignori
515 2611 688 2696 obligasse,
715 2610 847 2676 eredens
874 2611 936 2674 sibi
953 2616 985 2675 et
1001 2609 1154 2676 fratribus
1169 2610 1236 2676 suis
1253 2611 1383 2678 racione
1396 2608 1460 2673 rioi-
1529 2659 1530 2666 ι

359 2717 473 2784 nitatis
489 2718 541 2783 uuel
557 2717 692 2784 alieuius
710 2725 871 2800 respectus
888 2719 992 2801 magis
1009 2723 1188 2803 competere
1197 2735 1294 2800 quam
1305 2715 1460 2803 predictis:

359 2825 500 2908 gestiens
516 2832 624 2890 tamen
643 2826 797 2910 amplecti
813 2823 981 2912 iusticiam,
1008 2823 1249 2908 formidansque
1265 2823 1459 2910 preindieinm

360 2933 459 2999 alicui
483 2951 657 3017 generare,
681 2933 829 3017 diligenti
856 2933 1109 3017 inuestigaoione
1133 2933 1358 3020 comperisset,
1382 2937 1462 3000 sest

359 3041 475 3108 fratres
491 3061 567 3109 suos
584 3041 676 3108 dietis
694 3039 953 3124 possessionibus
969 3039 1104 3124 aliquod
1119 3039 1167 3108 ius
1184 3062 1247 3107 non
1264 3042 1388 3108 babere.
1404 3037 1460 3105 Sed

359 3151 435 3233 quia
459 3171 555 3236 super
580 3149 701 3219 eisdem
728 3148 985 3234 possessionibus
1012 3148 1088 3214 dieti
1114 3149 1171 3236 filij
1199 3149 1294 3216 Obalr
1309 3150 1461 3216 uenientes

359 3266 472 3325 eontra
488 3257 624 3326 sormam
639 3256 916 3344 inpignoraeionis
932 3257 1086 3343 ipsorum,
1099 3258 1203 3325 medio
1214 3263 1462 3344 temporeooram

359 3366 508 3452 Capitulo
533 3367 655 3451 Ferrey
681 3365 785 3432 Casiri
811 3387 881 3432 enm
908 3366 979 3451 ipso
1004 3364 1151 3431 olanoulo
1177 3371 1373 3432 eontraotum
1388 3365 1461 3431 eele-

357 3475 540 3555 brauerunt,
567 3484 598 3541 et
623 3477 655 3540 in
681 3475 750 3561 ipso
767 3481 932 3541 eontraetu
949 3480 1073 3540 eentum
1091 3493 1216 3541 mareas
1233 3475 1374 3542 soluaret
1388 3468 1463 3561 (lgy)

359 3583 435 3670 blijs
461 3583 553 3650 Ohsk
578 3585 679 3668 Beni,
705 3586 745 3650 de
771 3585 887 3670 quibus
912 3589 1036 3651 eentum
1064 3581 1182 3650 mareis
1199 3603 1257 3667 per
1273 3582 1465 3667 Gregorium,

359 3691 522 3758 Andream
549 3700 581 3758 et
597 3693 788 3778 Dyonisium
805 3689 956 3780 Comites,
974 3691 1102 3759 nornine
1117 3691 1252 3758 liliorum
1270 3690 1365 3757 Obak
1379 3688 1464 3769 Rani,

359 3801 414 3885 qni
438 3801 651 3886 personaliter
676 3813 932 3890 comparuerunt,
959 3799 1021 3887 ipsi
1046 3799 1189 3869 Johanni
1213 3796 1363 3867 Palatino
1379 3799 1465 3866 sabis·

358 3909 478 3975 fautum
504 3916 553 3975 est
568 3929 674 3975 eoram
693 3907 793 3993 nobis,
812 3908 874 3974 hae
889 3908 1026 3993 rasione,
1045 3909 1198 3991 quoniam
1213 3907 1248 3974 in
1266 3905 1466 3974 estimaoione

358 4017 448 4086 laeta
472 4019 505 4084 in
530 4017 788 4104 possessionibus
813 4013 988 4105 Hydegsed
1004 4024 1036 4086 et
1051 4017 1173 4102 Honky
1188 4017 1313 4084 voeatis
1329 4031 1467 4083 exerens·

356 4135 429 4194 rent
454 4134 580 4193 eentum
604 4145 711 4194 meree
736 4149 835 4214 supra
860 4127 1013 4194 ducentas
1036 4145 1161 4193 mareas
1176 4126 1305 4195 habitas
1321 4148 1378 4214 per
1392 4123 1471 4193 filios

359 4238 451 4304 (lhsk
466 4237 549 4302 Bani
565 4257 604 4302 eo
619 4242 771 4322 tempore,
789 4257 851 4324 quo
869 4235 1034 4321 Gregorio,
1052 4235 1182 4302 Andree
1198 4241 1231 4304 et
1246 4233 1402 4324 Dyonisio
1415 4233 1470 4300 co·

359 4345 490 4412 mitibus
516 4342 667 4430 prediotis
689 4344 816 4430 pignori
832 4345 1026 4432 obligarent,
1044 4364 1104 4430 pro
1120 4344 1236 4428 quibus
1252 4353 1377 4413 eentum
1391 4361 1468 4408 mar-

360 4454 406 4520 eis
423 4450 584 4535 quandem
600 4453 834 4538 possessionem
851 4451 969 4539 prelati
986 4451 1122 4520 Comitis
1148 4451 1278 4522 Andree
1303 4452 1361 4537 filij
1385 4447 1467 4518 Petri

361 4557 516 4632 antedicti
529 4559 769 4630 Nemetbboron
784 4567 931 4630 vocatam
948 4580 1021 4630 oum
1037 4560 1140 4634 tersis
1154 4566 1249 4654 parte
1259 4559 1468 4650 siluellogor-
