3080 5160
305 1056 355 1122 An
371 1061 439 1146 apri
453 1062 675 1150 kdptolnnoolt
690 1059 964 1148 biwoprdpleoele,
980 1066 1061 1150 bopp
1076 1061 1181 1130 Zodoi
1194 1061 1301 1130 Jduoa
1316 1061 1425 1130 Zodd·

304 1168 365 1232 buo
380 1169 448 1235 leot
461 1170 600 1236 birtoltdt
616 1165 724 1236 tbdettt
733 1169 925 1256 Mttetpmt
935 1172 965 1237 eo
976 1170 1242 1237 edettsrsainat
1251 1171 1424 1260 sterpeta.

385 1271 391 1284 ⁴
819 1278 915 1344 1282.

413 1491 568 1569 Omnibus
584 1493 705 1562 Christi
721 1493 869 1563 fidelibus
888 1502 955 1562 tam
970 1497 1174 1582 presentibus
1191 1515 1289 1582 quam
1307 1496 1426 1564 suturis

306 1623 440 1688 presens
466 1604 619 1692 seriptum
652 1604 843 1691 inspeoturis
868 1604 1052 1692 Capitulum
1077 1605 1222 1673 Eetlesie
1253 1605 1427 1691 agriensis

306 1713 443 1779 salntem
468 1714 501 1780 in
527 1714 670 1782 omnium
694 1715 871 1782 saluatore.
898 1713 951 1781 Ad
966 1712 1189 1781 uniuersorum
1206 1715 1362 1782 notitiam
1380 1722 1427 1781 te·

304 1841 383 1888 nore
422 1822 628 1908 presentium
658 1823 807 1889 volumus
838 1821 1027 1909 pemenire:
1059 1819 1145 1905 quod
1170 1819 1321 1890 Johanne
1358 1821 1426 1890 blio

306 1929 438 1996 Inanha
461 1928 503 1998 de
527 1930 620 1998 Zoda
645 1930 686 1997 de
711 1949 829 2016 genere
854 1931 983 2016 Bngatb
1010 1929 1168 1998 Rodouan
1192 1950 1251 2016 pro
1267 1951 1304 1998 se
1319 1937 1353 1996 et
1368 1951 1428 2016 pro

309 2037 438 2103 luanka
467 2037 566 2105 fratre
597 2058 657 2105 suo
681 2039 723 2104 ab
748 2058 813 2104 una
837 2044 941 2124 parte,
969 2037 1011 2104 ab
1036 2037 1141 2104 altera
1164 2056 1242 2105 uero
1258 2038 1428 2125 blyebaele

309 2142 395 2211 dieto
411 2145 550 2214 Vkleleu
566 2145 633 2213 filio
649 2145 802 2216 Ketbuem
818 2143 860 2212 de
874 2145 995 2213 Inaeha
1010 2165 1070 2230 pro
1085 2165 1131 2224 se,
1153 2152 1186 2212 et
1201 2167 1260 2231 pro
1275 2145 1425 2214 Jobanne

307 2272 346 2318 ao
362 2254 542 2322 Laurentio
558 2255 715 2323 tratribus
730 2255 809 2342 suis,
826 2261 859 2324 et
874 2276 935 2340 pro
949 2252 1081 2322 Lueeoh
1092 2262 1231 2339 eognato
1242 2274 1302 2323 suo
1317 2275 1428 2323 eoram

307 2363 401 2430 nobis
416 2363 631 2448 personaliter
646 2363 851 2448 eonstitutis3
869 2364 1016 2448 prefatus
1026 2361 1286 2431 Johannesfilius
1298 2365 1429 2432 luanka

307 2471 479 2558 proposuit
502 2471 579 2540 rina
603 2491 700 2540 uoee:
726 2469 811 2554 quod
832 2471 996 2556 quandam
1012 2471 1207 2557 particulam
1223 2469 1265 2538 de
1279 2471 1429 2558 prediota

307 2586 394 2645 terra
417 2579 505 2647 Zoda
528 2579 571 2646 ad
596 2599 690 2646 usum
704 2579 809 2678 *unius
832 2578 933 2646 aratri
949 2579 1171 2666 subicientem,
1187 2597 1284 2663 super
1299 2600 1364 2664 qua
1380 2589 1433 2648 est

245 2745 251 2760 .
307 2688 386 2756 uilla
400 2686 580 2775 Myehaelis
596 2693 628 2755 et
643 2688 777 2755 fratrum
793 2708 923 2756 suorum
938 2687 1165 2776 predictorum,
1183 2709 1281 2774 quam
1296 2690 1338 2757 ab
1354 2691 1428 2776 ipso

307 2798 484 2883 blyobaele,
502 2797 656 2866 fratribus
682 2799 761 2886 suis,
784 2809 816 2866 ot
832 2819 853 2865 a
867 2798 996 2868 Lneaeb
1012 2799 1207 2884 supradietis
1223 2797 1354 2867 nomine
1369 2821 1431 2866 sne

309 2912 391 2972 terre
407 2904 602 2974 hereditarie
618 2907 811 2992 requirebat,
837 2927 909 2972 enm
926 2906 1085 2974 uniuersis
1100 2905 1298 2974 utilitatibus
1313 2910 1345 2976 et
1361 2928 1430 2994 per-

307 3013 458 3098 tineneijs
483 3015 552 3080 suis
577 3013 764 3099 reliquisset
779 3013 950 3102 Myehaeli,
973 3014 1126 3082 fratribus
1151 3015 1231 3104 suis,
1248 3023 1281 3082 et
1297 3017 1430 3084 Lueaeh

307 3121 491 3208 antedictis,
518 3122 580 3188 sibi
607 3129 639 3190 et
664 3123 732 3190 suis
757 3122 930 3190 heredibus
954 3121 1172 3208 heredumque
1187 3125 1431 3192 suecessoribus

308 3231 379 3298 inre
394 3237 550 3318 perpetuo
565 3231 704 3318 paoifioe
719 3229 958 3316 possidendam.
980 3229 1117 3317 Insuper
1133 3231 1293 3316 obligauit
1308 3231 1433 3317 seipse

308 3339 474 3406 Johannes
505 3338 588 3406 lilius
618 3337 754 3422 luania,
787 3337 908 3405 dietum
939 3336 1070 3404 trahem
1094 3356 1187 3405 suum
1199 3389 1209 3424 ,
1236 3346 1270 3406 et
1293 3339 1432 3407 heredes

292 3447 481 3535 ⁸eorundem
498 3445 674 3534 uniuersos,
690 3447 733 3514 ab
750 3446 898 3514 omnibus
915 3444 956 3514 de
974 3447 1191 3532 generatione
1205 3465 1266 3516 sua
1279 3449 1432 3534 blyehae.

307 3556 382 3643 lem,
407 3557 523 3624 fratres
547 3575 623 3624 suos
652 3563 685 3623 et
708 3556 837 3624 Luoaeb
864 3553 1077 3642 supradictos,
1102 3574 1143 3622 ae
1168 3555 1303 3624 heredes
1320 3578 1433 3624 eorum

308 3665 475 3734 uniuersos
490 3665 619 3732 raeione
634 3664 791 3752 premisse
806 3664 966 3752 particule
990 3673 1077 3732 terre
1092 3663 1237 3751 inpetere
1252 3665 1433 3734 nitentibus

309 3772 485 3842 defendero
501 3779 533 3840 et
549 3773 701 3859 expedire
716 3771 861 3858 proprijs
876 3771 1040 3840 laboribus
1056 3777 1089 3838 et
1104 3771 1255 3858 expensis
1268 3795 1276 3857 ς
1294 3793 1334 3840 ea
1352 3774 1435 3839 obli·

310 3885 447 3968 gaeione
463 3881 641 3970 interiecta,
653 3881 777 3966 quodsi
793 3878 965 3949 defendere
980 3899 1047 3948 non
1063 3887 1184 3966 posset,
1194 3881 1435 3966 quinquaginta

211 4065 213 4072 y
308 4010 435 4059 mareas
459 3989 589 4059 soluere
614 4012 679 4058 non
694 3997 859 4059 teneretur
874 3989 1044 4078 Myebaeli,
1061 3988 1218 4058 iratribus
1233 3989 1302 4056 suis
1320 3997 1353 4056 et
1369 3991 1431 4056 Lu·

308 4101 389 4168 oaeb
415 4099 597 4167 antedictis.
625 4101 661 4166 In
685 4100 778 4168 ouius
794 4101 839 4169 rei
855 4099 1073 4167 testimonium
1089 4097 1134 4164 ad
1148 4097 1342 4165 instaneiam
1357 4119 1435 4184 par·

308 4209 393 4278 oium
419 4215 585 4297 presentes
612 4209 804 4276 contulimus
829 4206 930 4292 sigilli
946 4207 1057 4294 nostri,
1074 4211 1149 4292 post
1163 4205 1303 4292 plagam
1319 4206 1434 4273 Tarta-

310 4339 417 4386 rorum
447 4317 589 4385 seeundo
621 4319 765 4384 renouati
797 4315 970 4384 munimine
991 4315 1182 4383 ¹roboratas.
1221 4313 1434 4382 Prosentibns

314 4435 423 4493 tamen
448 4426 606 4511 Magistro
630 4425 728 4493 Saule
753 4426 895 4512 hectore,
921 4423 1041 4510 Myhov
1066 4420 1216 4510 Custode,
1238 4421 1378 4490 blarkon
1393 4423 1435 4491 de

305 4533 427 4618 Paoba,
454 4533 555 4601 Paulo
581 4533 623 4601 de
646 4533 780 4621 Borsua,
806 4532 943 4600 Martino
971 4532 1012 4599 de
1038 4529 1197 4617 Zoboleb‚
1222 4529 1373 4598 iohanne
1396 4529 1436 4596 de
