3080 5160
572 297 729 394 „m-

95 491 259 559 soiendam
286 499 319 562 et
346 492 570 577 inquirendam
590 494 759 561 ueritatem
774 509 831 557 seu
853 491 1012 558 iusticiam
1029 490 1203 557 transmisi·
1230 478 1231 496 ¹

95 620 175 689 mus,
191 608 295 669 vtrrun
312 603 386 688 ipso
401 603 572 690 possessio,
589 624 648 689 pro
664 621 729 685 qua
745 601 914 667 contencio
929 601 1205 670 uertebaturinter

93 715 215 796 portes,
240 709 281 777 sit
304 711 358 776 uel
381 711 541 796 pertineat
565 710 693 776 domine
707 709 854 774 Elisabet
868 729 927 775 neo
941 729 1001 793 ne;
1018 709 1072 794 qui
1087 710 1206 777 iohan-

94 836 160 900 nes,
177 816 403 906 Sebastianus,
419 819 508 885 Miluo
524 823 558 885 et
574 817 631 902 alij
657 815 846 901 iobagiones
862 815 967 884 (lustri
983 816 1026 883 de
1040 817 1206 884 Kamarun

92 924 284 995 accedentes
308 947 405 1012 super
429 926 536 1014 ipsum
561 911 795 993 contentiosam
817 925 1063 1011 possessionem,
1079 924 1205 993 demum

93 1033 135 1098 ad
149 1054 210 1100 nos
227 1033 389 1101 redeundo
405 1055 463 1120 per
477 1053 535 1101 nos
550 1033 692 1118 inquisiti
719 1033 889 1118 dixerunt;
913 1030 999 1116 quod
1022 1031 1206 1100 conuocatis

91 1142 325 1210 commetaneis
350 1150 382 1209 et
406 1143 524 1210 vicinis
548 1143 652 1228 ipsam
666 1147 784 1209 terram
800 1148 832 1206 et
847 1141 1082 1226 possessionem
1098 1139 1206 1207 taliter

91 1251 359 1340 reambulassent
384 1251 471 1332 quod
493 1249 573 1316 duos
589 1251 678 1316 lacos
694 1249 776 1335 (tgy)
792 1247 943 1334 pisscine‚
963 1249 1158 1333 Sceleueyze
1174 1254 1205 1314 et

90 1359 353 1445 Benedulrueyze
377 1365 519 1445 uocatas,
544 1377 616 1423 cum
640 1377 726 1441 aqua
750 1355 911 1442 Duduagh
937 1355 1084 1443 superius
1105 1373 1206 1438 nsque

91 1487 211 1552 equam
235 1467 333 1536 Mihal
359 1474 481 1550 vocate,
507 1488 569 1551 que
585 1467 724 1553 pertinet
738 1465 886 1560 similiter
901 1464 1032 1532 domine
1048 1463 1203 1549 Elisabet,
1325 1496 1330 1507 ·

90 1574 317 1660 resignassent
331 1577 460 1662 populis
477 1575 518 1643 de
533 1575 689 1662 Zakalus‚
716 1573 867 1640 videlicet
882 1573 1105 1658 iobagionibus
1121 1571 1205 1638 dicte

91 1682 223 1750 domine
239 1684 403 1767 Elisabet3
419 1684 524 1770 ipsam
540 1703 658 1767 aquarn
679 1701 756 1750 uero
771 1681 934 1765 Duduagh
949 1677 989 1746 de
1005 1697 1089 1765 aqua
1104 1677 1205 1746 Mihal
1343 1729 1344 1732 ,

94 1797 216 1858 vocata
239 1792 407 1878 superius,
440 1791 567 1877 populis
597 1790 638 1858 de
661 1789 804 1858 Zakolus
828 1788 1052 1872 iobagionibus
1076 1787 1204 1855 domine

90 1899 241 1967 Elisabet
258 1906 290 1966 et
304 1901 435 1986 populis
453 1899 494 1964 de
510 1897 622 1966 Elrech
637 1898 671 1963 in
687 1899 846 1972 communi
861 1896 1028 1982 percipere
1044 1894 1205 1963 ethahere

91 2007 302 2090 reliquerunt.
327 2009 396 2075 Nos
419 2007 529 2091 itaque
553 2008 635 2076 scita
654 2007 783 2073 iusticia
797 2007 986 2092 populorum
1003 2005 1045 2072 de
1060 2002 1203 2070 Zakalus

88 2115 304 2201 iobagionum
321 2115 448 2182 domine
463 2114 622 2200 Elisabet,
637 2113 742 2200 ipsam
766 2113 1001 2200 possessionem
1016 2111 1205 2198 premissam

88 2225 268 2291 auferendo
284 2223 325 2290 de
340 2223 468 2310 populis
484 2222 525 2289 de
539 2222 682 2290 Zakalus
699 2219 768 2308 (tgy
787 2218 938 2308 „Ekech“
957 2217 1105 2307 helped),
1116 2225 1147 2286 et
1162 2217 1205 2282 ad
1243 2278 1246 2286 ,

87 2339 280 2417 preceptum
296 2330 419 2398 domini
434 2331 537 2398 nostri
553 2328 753 2397 reddidimus
768 2335 801 2396 et
815 2329 1049 2413 resignauimus
1058 2325 1202 2410 iobagio-

84 2439 185 2506 nibus
196 2439 325 2505 domine
334 2439 480 2506 Elisabet
489 2437 530 2504 de
544 2439 691 2505 Zakalus
706 2437 937 2524 perpetualiter
951 2433 1202 2522 percipiendam.

84 2549 122 2614 ln
140 2546 235 2613 cuius
253 2547 300 2614 rei
312 2547 496 2614 memoriam
513 2547 636 2614 litteras
662 2552 788 2613 nosuas
804 2545 1019 2612 concessimus
1034 2543 1135 2628 sigilli
1149 2561 1204 2608 no·

85 2657 147 2722 stri
175 2652 378 2742 (munimine)
406 2655 582 2722 roboratas.
616 2652 770 2720 Datum
760 2673 795 2719 ιιι
819 2652 902 2720 festo
928 2651 1040 2719 Sancti
1064 2649 1206 2738 Martini,

85 2783 178 2830 anno
194 2755 324 2829 Domini
341 2763 391 2828 M⁰
405 2759 475 2828 000
488 2761 631 2829 LXXX⁰
644 2761 754 2828 tercio.

83 3018 228 3084 (Eredetie
247 3013 421 3082 bdrhdrtydn,
443 3017 553 3084 melyrdl
566 3033 584 3068 ιι
594 3015 687 3084 pecsdt
708 3016 769 3068 sold
781 3015 1006 3082 selyemzsindron
1029 3011 1137 3080 suffia
1155 3015 1203 3064 bu·

428 3109 473 3161 dai
485 3109 536 3160 kir.
549 3108 672 3161 kamarsi
685 3104 874 3175 lerdltlrbsn.)
986 3107 990 3116 '
