3126 5150
805 249 947 346 Q

302 443 471 512 meridiem
494 441 618 512 saliens
645 447 780 508 stratam
807 441 970 528 publicam
989 451 1021 510 et
1039 449 1211 530 gurgitem,
1239 453 1270 514 et
1287 450 1440 517 ascendit

301 554 336 619 in
362 561 522 638 montem,
556 559 588 618 et
612 550 646 617 in
671 551 775 618 latere
810 551 914 638 ipsius
938 553 1057 619 montis
1083 561 1158 621 sunt
1184 564 1324 637 quatuor
1349 565 1438 624 mete

302 661 500 747 angulares,
526 667 594 726 tres
611 659 768 741 antique,
794 663 910 740 quarta
925 679 1030 740 noua,
1056 661 1110 728 vbi
1127 670 1297 747 separatur
1313 686 1334 730 a
1349 673 1439 731 terra

271 827 277 834 ,
301 767 409 854 Egidij
430 774 462 834 et
478 788 498 832 a
514 773 600 834 terra
615 765 708 851 Sech,
727 772 758 831 et
775 769 987 849 cognatorum
1003 789 1154 854 snorum;
1179 770 1265 838 vnde
1281 771 1435 838 ascendit

301 895 359 961 per
387 873 525 942 eundem
550 880 692 940 montem
719 872 762 937 ad
789 871 872 940 duas
898 873 1236 959 arboresrcletcoffi
1260 877 1435 962 dequibus

301 980 470 1050 descendit
486 1001 543 1066 per
559 982 664 1047 latera
688 979 792 1064 ipsius
819 980 938 1046 montis
965 980 1008 1045 ad
1024 981 1145 1047 vallem
1172 983 1214 1047 ad
1235 989 1301 1050 tres
1318 990 1433 1070 metas,

300 1109 367 1158 vna
393 1093 426 1157 in
454 1093 570 1156 arbore
595 1089 701 1176 teulfu,
724 1088 793 1152 alia
819 1095 935 1174 terrea,
962 1095 993 1152 et
1019 1091 1123 1154 tercia
1149 1111 1234 1156 noua
1259 1090 1294 1156 in
1321 1093 1436 1158 arbore

300 1202 422 1288 ayrfu;
437 1197 521 1264 vnde
537 1195 762 1262 asscendendo
779 1201 931 1280 montem,
951 1202 983 1260 et
998 1195 1225 1263 descendendo
1242 1198 1286 1263 ad
1302 1198 1435 1284 vallem,

174 1335 182 1355 ·
303 1309 338 1374 in
356 1304 462 1373 medio
479 1303 581 1390 ipsius
607 1303 725 1368 montis
750 1311 826 1368 sunt
848 1301 910 1368 due
935 1309 1020 1368 mete
1040 1308 1146 1370 terree
1166 1305 1260 1370 iuxta
1275 1307 1365 1370 viam
1382 1326 1436 1391 po·

300 1418 380 1500 sitc;
406 1413 445 1480 de
462 1413 579 1494 quibus
595 1411 689 1478 metis
714 1413 830 1476 terreis
857 1411 1029 1477 reuertitur
1056 1411 1099 1476 ad
1120 1418 1223 1477 metas
1238 1411 1375 1499 priores,
1404 1420 1437 1478 et

299 1523 347 1590 ibi
362 1520 584 1588 terminantur.
608 1519 653 1585 Ut
669 1520 768 1604 igitur
785 1519 881 1585 huius
898 1525 1008 1584 nostre
1025 1519 1254 1602 concessionis,
1281 1520 1432 1586 collacio-

299 1631 352 1696 nis
377 1648 435 1696 seu
460 1625 651 1692 donacionis
676 1627 776 1693 series
802 1627 900 1694 robur
926 1632 1079 1712 perpetue
1096 1627 1241 1694 obtineat
1257 1627 1433 1710 firmitatis,

299 1743 468 1823 presentes
494 1735 711 1802 concessimus
736 1736 865 1801 litteras
893 1735 1054 1821 dupplicis
1080 1735 1185 1819 sigilli
1204 1733 1309 1800 nostri
1329 1735 1434 1800 mnni-

300 1846 389 1912 mine
414 1845 592 1910 roboratae.
627 1844 748 1908 Datum
774 1863 832 1926 per
858 1863 976 1910 manua
1001 1843 1148 1925 Magistri
1170 1841 1341 1909 Benedicti
1357 1840 1436 1908 Oro-

299 1951 423 2020 diensis
438 1949 586 2017 Ecclesie
601 1949 765 2035 Prepesiti
782 1951 857 2016 aule
872 1958 980 2016 nostre
997 1951 1076 2016 Vice
1092 1948 1299 2032 Cancellarij‚
1318 1947 1432 2014 dilecti

299 2069 331 2126 et
346 2057 450 2124 fidelis
465 2057 568 2123 nostri
584 2075 670 2122 anno
686 2057 821 2122 Domini
837 2055 1057 2122 M⁰CO⁰LXX⁰
1068 2057 1180 2139 tercio,
1198 2055 1301 2138 Regni
1320 2063 1431 2120 autem

298 2168 399 2240 nostri
410 2185 495 2231 anno
505 2164 619 2250 primo.
636 2163 885 2231 Venerabilibns
895 2163 1042 2248 patribus
1053 2162 1290 2248 Metropolitica
1307 2163 1427 2228 Sancte

298 2271 533 2358 Strigoniensis
558 2255 707 2338 Ecclesia
723 2269 808 2336 Sede
832 2276 988 2352 vacante,
1013 2269 1179 2354 Stephano
1195 2268 1369 2336 Colocensi
1395 2275 1429 2336 et

297 2381 447 2450 Johanne
465 2377 655 2464 Spalatensi
671 2376 955 2463 Archiepiscopis3
971 2379 1146 2464 Lamperto
1163 2375 1327 2461 Agriensi‚
1342 2376 1434 2445 Bric·
1553 2423 1554 2486 ἐ

298 2489 347 2554 cio
364 2485 591 2570 charactera,
615 2485 679 2550 Job
699 2483 1056 2570 Quinqueecclesiensi,
1080 2485 1234 2569 Philippo
1250 2485 1434 2571 Wacienai‚

296 2595 401 2661 Paulo
419 2593 667 2678 Wesprimiensi
691 2592 768 2658 aule
793 2600 901 2660 nostre
927 2593 1143 2680 Cancellario,
1169 2592 1351 2677 Tymotheo
1371 2594 1432 2660 Za·

297 2700 472 2786 grabiensi,
489 2698 681 2769 Lodomerio
691 2699 911 2787 waradiensi,
930 2699 1087 2786 Dyonisio
1101 2699 1266 2767 lauriensi
1283 2705 1316 2766 et
1331 2699 1433 2766 Petro
1552 2757 1553 2815 ἦ

296 2806 514 2874 Transilnano
531 2808 702 2893 Episcopis
721 2806 888 2874 Ecclesiae
905 2807 967 2873 Dei
994 2807 1134 2874 feliciter
1159 2806 1431 2892 gubernantibus.

295 2913 444 2981 Rolando
470 2915 641 3000 Palatino,
665 2917 801 2982 Herrieo
826 2915 919 2980 Bano
945 2915 1048 2980 tocius
1069 2913 1264 2998 Sclauonie,
1289 2913 1433 2980 Nicolao

295 3019 499 3105 Woyawoda
514 3021 733 3088 Transiluano
759 3021 883 3088 Comitc
909 3021 949 3088 de
964 3021 1080 3087 Zonuk
1091 3071 1100 3105 ,
1133 3019 1309 3102 lwachyno
1326 3019 1431 3102 Magi-
1551 3073 1552 3077 ,

294 3135 362 3195 stro
377 3129 632 3195 Tauarnicorum
650 3137 844 3214 nostrorum,
868 3126 984 3214 Egidio
1001 3129 1092 3194 Bano
1121 3127 1162 3194 de
1178 3125 1314 3192 Machou
1336 3134 1370 3192 et
1388 3127 1432 3193 de

294 3235 414 3322 Bonna,
439 3236 542 3303 Panlo
558 3236 650 3304 Bano
674 3236 715 3304 de
730 3237 879 3322 Zeurino‚
903 3235 1027 3321 Vgrino
1053 3234 1209 3318 Magistro
1236 3235 1432 3317 Agasonum

293 3350 475 3410 nostrornm
500 3343 627 3410 comite
652 3343 839 3429 Sirmiensi,
865 3343 1046 3410 laurencio
1070 3343 1231 3426 Magistro
1253 3341 1428 3407 Pincerna-

293 3470 364 3516 rum
381 3449 506 3517 Comite
523 3451 563 3516 de
580 3451 681 3518 llewc
707 3457 739 3516 ct
764 3449 805 3516 de
824 3451 926 3517 Graso
936 3503 944 3535 ,
970 3451 1064 3536 ldoys
1081 3450 1208 3516 Comito
1224 3447 1430 3534 Simigiensi,

293 3555 421 3625 Dedalo
438 3557 562 3625 Comite
578 3556 775 3640 Zaladiensi,
793 3556 953 3624 lllichaele
970 3557 1095 3623 Comite
1111 3555 1279 3640 Nitriensi,
1297 3560 1329 3622 et
1345 3555 1430 3644 alijs

292 3665 554 3750 quampluribus
572 3662 752 3729 Comitatus
769 3663 873 3747 Regni
892 3663 1078 3730 tenentibus
1095 3667 1127 3728 et
1142 3662 1293 3730 honores.

292 3843 428 3910 (Eredetie
450 3839 635 3909 bdrhrlrtydn‚
656 3842 780 3912 mclynelr
802 3841 924 3909 pecsdtje
943 3844 1081 3909 elvestat,
1100 3843 1213 3895 abudai
1234 3842 1286 3893 kir.
1300 3842 1431 3892 kamaral

764 3928 955 3998 leveltdrban.)
