3138 5164
104 1153 164 1217 IV.
190 1153 308 1217 Luscio
331 1153 440 1236 tirolp
465 1174 548 1216 asoa
556 1153 701 1236 javakat
710 1200 721 1231 ,
753 1152 901 1235 metyetet
919 1151 1042 1217 Omode
1070 1155 1238 1219 mestcraelc

149 1260 403 1343 adomduyozott,
419 1259 600 1344 meqcrtsiti
615 1260 789 1344 tzuepyee‘c
807 1261 907 1324 draci
916 1263 1076 1325 saumuro.
1094 1261 1190 1324 1286.

213 1455 283 1520 Nos
293 1450 468 1521 Ladizlaus
484 1453 547 1520 Dei
561 1454 675 1544 gracia
684 1455 753 1520 Rex
765 1453 932 1537 Hungarie
944 1452 1162 1538 significamus
1173 1457 1239 1523 vni-

106 1561 215 1627 ncrsis
226 1561 342 1644 quibus
352 1561 483 1648 expedit
493 1563 698 1647 presencium
709 1581 768 1647 per
778 1569 921 1628 tenorem
932 1561 1036 1646 :quod
1052 1563 1239 1647 quiaMagi·

102 1673 173 1733 ster
191 1666 354 1736 Omodcus
370 1669 454 1736 bone
464 1670 618 1736 memorie
631 1667 718 1734 tilius
735 1667 871 1734 Omodei
887 1669 1163 1754 temporibusvitc
1181 1688 1239 1736 sue

102 1776 188 1842 Bels
197 1795 261 1842 auo
270 1781 389 1857 nostro,
400 1781 434 1842 et
449 1775 614 1860 Stephano
628 1775 715 1862 patri
724 1781 834 1842 nostro
844 1773 1027 1841 karissimis
1038 1774 1181 1844 felicium
1191 1795 1240 1844 rc·

106 1883 340 1950 cordacionum
350 1883 537 1949 Illustribus
548 1883 694 1966 Regibus
703 1882 881 1968 Hungaric‚
895 1891 928 1948 et
938 1879 1064 1949 demum
1082 1881 1177 1948 nobis
1197 1883 1239 1948 ab

101 1989 254 2058 infancia
270 1989 500 2058 nostrafideles
511 1991 641 2076 'semper
651 1995 684 2057 et
695 1990 878 2058 laudabiles
886 1991 1037 2076 inpendit
1046 1989 1238 2057 famulatus:

101 2099 148 2162 ob
158 2095 491 2164 meritaseruiciorum
504 2095 792 2179 eiusdem‚dominc
802 2097 916 2164 relicte
925 2094 1029 2179 ipsius
1040 2101 1072 2162 ot
1081 2095 1237 2182 orphanis

100 2205 175 2271 suis
192 2203 278 2270 hanc
294 2205 440 2288 graciam
461 2204 501 2270 de
528 2203 729 2290 benignitate
737 2204 842 2288 Regia
866 2202 1016 2270 duximus
1040 2203 1235 2289 faciendam,

103 2310 197 2396 quod
207 2311 378 2378 uniuersas
393 2311 626 2400 possessiones,
638 2331 719 2396 quas
737 2311 842 2379 eidem
858 2310 1015 2396 Magistro
1030 2311 1239 2382 Omodcoad·

100 2421 171 2487 huc
185 2417 309 2486 uiuenti
324 2419 575 2505 contuleramus,
586 2417 706 2485 nostris
721 2419 982 2504 priuilegialibus
991 2418 1107 2485 litteris
1123 2419 1235 2488 conir-

101 2527 238 2610 mamio,
251 2525 380 2611 prefate
407 2525 538 2592 dominc
554 2524 759 2608 relictusne,
785 2531 818 2590 et
834 2524 992 2611 orphanis
1006 2526 1151 2594 eiusdem
1166 2526 1239 2593 reli·

102 2634 239 2718 quimus
251 2635 326 2719 jure
341 2640 496 2718 perpetuo
513 2638 545 2698 et
569 2630 827 2700 insuccabiliter
851 2629 1076 2717 possidendas,
1088 2651 1155 2700 nec
1170 2651 1240 2708 ease
1372 2709 1375 2714 ,

103 2741 184 2807 dem
200 2741 243 2806 ab
258 2739 341 2825 ipsis
357 2739 502 2808 alienare
517 2745 575 2806 aut
590 2738 720 2807 auferre
735 2738 952 2826 intendinus,
981 2737 1085 2808 donec
1100 2739 1240 2806 Domino

103 2847 312 2914 concedente
326 2846 420 2914 nobis
435 2845 534 2913 fuerit
552 2847 622 2912 vita
637 2863 767 2930 comes3
792 2865 869 2933 ymo
894 2845 1128 2932 promittimus,
1155 2845 1241 2928 quod

47 2952 51 2964 '
105 2953 350 3039 quamprimum
366 2952 506 3020 Domino
531 2953 660 3021 volente
686 2957 789 3020 status
804 2952 910 3038 Regni
933 2950 1037 3021 nostri
1063 2953 1098 3017 in
1119 2951 1240 3019 melius

100 3049 354 3144 reformabiter,
379 3058 486 3145 ipsam
504 3060 718 3127 collacionem
743 3065 888 3127 nostram
913 3057 1058 3145 predicto
1083 3057 1240 3140 Magistro

105 3167 268 3252 Omodso,
286 3174 319 3233 ct
333 3187 392 3253 per
408 3187 481 3234 cum
497 3167 565 3234 suis
591 3164 766 3234 heredibus
782 3165 925 3250 iactam,
949 3165 1113 3232 mediante
1129 3169 1241 3230 nostra

104 3292 212 3343 aurea
226 3271 327 3357 bulla,
350 3272 592 3354 confirmamus;
619 3271 793 3339 dummodo
817 3277 910 3338 tenor
925 3270 1129 3356 presencium
1145 3268 1240 3334 nobis

105 3381 140 3446 in
158 3377 349 3446 memoriam
363 3377 547 3446 reducatur.
570 3379 693 3444 Datum
708 3376 800 3444 Bude
814 3377 916 3444 tercio
932 3375 986 3445 dic
1001 3374 1241 3459 quindenarum

105 3488 322 3554 Pentecosten
352 3503 438 3552 anuo
452 3484 595 3553 Domino
611 3481 724 3550 M⁰GG⁰
739 3482 937 3568 octogesimo
952 3489 1055 3551 sexto.

108 3698 142 3762 (1.
154 3695 243 3762 Lajos
258 3693 405 3762 kirtlyuak
420 3699 498 3751 1358.
508 3697 556 3749 IV.
575 3699 636 3749 idus
649 3698 717 3748 Maii
731 3697 791 3748 kalt
811 3697 972 3762 megsriisito'
984 3691 1240 3763 privilegiumtboh

293 3801 311 3836 a
323 3783 426 3839 rumolt.
440 3785 554 3852 hercneg
567 3783 728 3854 Batthytuy
741 3782 837 3844 cuulad
850 3780 1060 3851 levitatum.)

574 4121 788 4133 *a*
