3140 5150
656 971 731 1039 139.

131 1191 184 1256 [V.
211 1189 329 1256 Lcsztc
352 1189 461 1276 lcr'rdly
486 1193 662 1275 saporosos·
700 1190 733 1256 V.
761 1193 937 1258 Istvuctrcaalr
963 1193 1049 1258 Rura
1079 1201 1159 1256 aevo
1189 1165 1276 1256 τάνυ·

126 1303 229 1386 pycad
261 1300 396 1366 rata-bt
420 1302 617 1384 cdomdaydt
643 1301 760 1368 Miletos
786 1325 883 1368 comes
909 1304 940 1368 tc
963 1302 1128 1368 Dorucald
1148 1312 1257 1366 creater

554 1415 711 1476 audradus.
736 1411 832 1477 1278.

236 1621 412 1693 Ladizlaus
443 1624 505 1692 Dei
535 1626 649 1711 gracia
679 1625 847 1710 HungarIc
857 1677 866 1712 ,
893 1623 1081 1710 DalmacIe,
1106 1624 1253 1709 orbacis,

125 1738 250 1820 Mure,
273 1733 406 1821 Seruis,
430 1735 590 1820 Gallicis,
613 1735 823 1822 Lodomerie‚
848 1733 1013 1818 Cumanis,
1038 1732 1258 1818 Bulgarieque

124 1845 197 1910 Rex
224 1843 373 1909 omnibns
401 1841 520 1910 Christi
536 1842 683 1911 fidelihus
714 1849 880 1928 presentes
905 1841 1033 1908 litteras
1060 1840 1257 1926 inspecturis

124 1952 269 2017 salutem
295 1952 329 2016 in
355 1951 497 2018 omnium
515 1952 689 2019 saluatorc.
714 1951 766 2017 Ad
792 1949 1016 2018 vniuersorum
1042 1956 1109 2016 tam
1125 1968 1255 2034 presen-

126 2057 214 2124 cium
230 2057 516 2140 quaminturorum
542 2059 696 2126 noticiam
723 2058 871 2126 volumus
887 2056 1075 2143 peruenire,
1101 2054 1187 2139 quod
1203 2077 1257 2121 no·
1336 2077 1340 2089 ¹

126 2166 212 2233 biles
228 2165 291 2233 viri
308 2165 422 2234 Comes
438 2167 594 2234 Nicolans
619 2166 706 2234 filius
723 2165 886 2233 Theodori
902 2173 935 2232 ct
950 2166 1107 2248 Magister
1131 2165 1255 2232 Durun·

126 2275 202 2340 Iaus
228 2272 313 2340 tilius
340 2273 496 2340 Durualai
521 2274 562 2342 de
588 2273 748 2341 Comitatu
774 2273 881 2341 Castri
905 2273 1018 2340 Ferrei
1045 2273 1087 2339 ad
1113 2279 1257 2340 nostram

129 2379 322 2448 accedentes
339 2381 551 2465 presenciam,
570 2381 784 2448 exhibuerunt
799 2381 893 2448 nobis
912 2379 1121 2466 priuilegium
1133 2379 1255 2448 domini

128 2488 288 2576 Stephani
304 2489 414 2556 Incliti
429 2491 531 2575 Regis
547 2490 691 2575 Vngarie
699 2540 710 2573 ,
734 2490 837 2575 patris
863 2477 966 2557 nostri
982 2489 1158 2577 karissimi,
1185 2489 1256 2556 leli·

127 2598 174 2664 cis
191 2598 429 2667 recordacionis
450 2618 547 2685 super
563 2597 702 2685 quadam
728 2607 819 2668 terra
845 2597 988 2666 ciusdem
1014 2598 1119 2665 (lastri
1143 2598 1256 2666 Ferrci

127 2709 220 2772 me
245 2712 365 2774 vocata
389 2706 588 2794 confectum,
623 2727 686 2792 quo
712 2706 875 2774 mediante
899 2705 1125 2791 priuilegialcs
1151 2709 1258 2774 littere

127 2814 336 2884 Sercnissimi
352 2817 513 2904 Principis
528 2817 651 2898 domini
667 2819 748 2886 Bele
763 2817 905 2886 illustris
920 2818 1019 2902 Regr's
1029 2815 1174 2902 Vngarie
1189 2815 1257 2882 lue·

128 2930 202 2990 rant
218 2925 423 3013 confirmate3
450 2931 598 3012 petentes
624 2948 644 2993 a
669 2927 764 2998 nohis
779 2947 852 2994 cum
869 2925 1038 3006 instancia,
1062 2931 1096 2990 vt
1112 2923 1257 3006 ipsorum

128 3032 339 3115 priuilegium
356 3033 458 3119 patris
475 3035 577 3101 nostri
596 3042 698 3100 ratum
716 3011 838 3101 habere
864 3040 895 3100 et
920 3038 1032 3100 nostro
1047 3019 1258 3116 dignaremur

128 3138 303 3222 priuilegio
320 3141 521 3206 confirmare.
547 3141 644 3207 Cuius
661 3139 791 3224 quidem
808 3138 972 3226 priuilegij
991 3145 1085 3205 tenor
1101 3137 1176 3203 talis
1191 3141 1257 3203 est:
1307 3179 1312 3188 -

234 3263 418 3350 Stephanus
433 3265 474 3331 D.
492 3285 539 3350 gr.
558 3265 725 3349 Hungarie
741 3264 803 3332 stb.
821 3266 890 3331 Rex
905 3266 966 3331 stb.
990 3262 1201 3351 (hbvethenik
1217 3261 1256 3328 V.

125 3372 236 3438 lstvdn
253 3371 436 3456 kirtlynak
449 3373 583 3440 mua-ki
595 3373 774 3460 chmbnya‚
786 3372 868 3438 mint
880 3370 1158 3458 gybjtemenyttnlr
1169 3367 1256 3434 VIII.

126 3480 246 3566 vagyis
264 3499 285 3544 a
301 3479 455 3547 maeodils
471 3480 594 3566 folyam
610 3481 669 3548 III.
688 3481 876 3568 hbtetbben‚
894 3483 969 3550 386.
987 3478 1024 3566 l.)

232 3600 301 3668 Nos
319 3601 430 3685 itaque
446 3603 661 3690 peticionibus
680 3603 824 3687 ipsorum
847 3601 981 3669 Comitis
997 3601 1126 3668 Nicolai
1144 3606 1177 3670 et
1191 3601 1258 3667 lla·

125 3708 217 3792 gistri
234 3709 394 3776 Durunlai
412 3711 517 3794 iustis,
542 3711 697 3794 legitimis
715 3719 746 3777 ct
762 3711 920 3778 modestis
941 3729 1111 3778 assensum
1128 3707 1257 3775 fauora-

126 3814 222 3880 bilem
241 3814 446 3898 adhibentes,
463 3816 584 3884 dictum
600 3817 809 3902 priuilegium
835 3818 940 3902 patris
964 3816 1068 3884 nostri
1093 3813 1258 3882 karissimi

125 3941 186 3987 non
205 3923 434 4007 cancellatum,
455 3944 521 3990 non
537 3924 742 3991 interiectum
760 3923 845 4012 (t),
871 3943 936 3990 non
961 3923 1170 4008 diminutum,
1197 3941 1259 3988 nec

125 4031 157 4094 in
173 4029 287 4112 aliqua
303 4029 354 4096 sni
371 4037 463 4114 parte
479 4033 645 4119 viciatum,
671 4039 775 4098 ratum
791 4031 948 4098 habentes
975 4038 1007 4097 et
1022 4037 1199 4117 acceptum,
1217 4029 1258 4096 de

125 4140 222 4204 verbo
239 4137 283 4204 ad
299 4137 433 4204 verbum
445 4140 654 4225 presentibus
671 4139 768 4207 inseri
785 4139 919 4206 lecimus
936 4138 1175 4206 etauctoritatc
1187 4158 1258 4224 pre·

126 4247 266 4312 cencium
285 4245 486 4313 communiri.
511 4247 549 4311 In
567 4247 637 4313 ouis
654 4249 700 4314 rei
717 4249 905 4315 memoriam
930 4255 1184 4334 perpetuumque
1208 4244 1259 4310 fir·

126 4354 270 4419 mitatem
286 4358 454 4437 presentes
471 4355 689 4421 concessimus
709 4355 838 4421 litteras
855 4353 1019 4442 duppIIcis
1037 4352 1138 4436 sigilli
1156 4350 1259 4417 nostri

126 4461 302 4527 munimine
318 4460 501 4528 roboratas.
524 4461 644 4530 Datum
660 4483 718 4550 per
734 4479 850 4530 manus
871 4461 932 4528 riri
949 4461 1081 4528 discreti
1104 4455 1256 4541 Magistri

120 4567 242 4636 'I'homc
260 4565 418 4635 Albensis
435 4567 583 4636 Ecclesia
599 4569 710 4656 illecti,
731 4569 807 4636 aule
829 4575 939 4635 nostre
955 4563 1258 4658 vicecancellarii,
