<?xml version="1.0" encoding="UTF-8"?>
<!DOCTYPE html PUBLIC "-//W3C//DTD XHTML 1.0 Transitional//EN"
    "http://www.w3.org/TR/xhtml1/DTD/xhtml1-transitional.dtd">
<html xmlns="http://www.w3.org/1999/xhtml" xml:lang="en" lang="en">
 <head>
  <title>
</title>
<meta http-equiv="Content-Type" content="text/html;charset=utf-8" />
  <meta name='ocr-system' content='tesseract 3.04.00' />
  <meta name='ocr-capabilities' content='ocr_page ocr_carea ocr_par ocr_line ocrx_word'/>
</head>
<body>
  <div class='ocr_page' id='page_1' title='image "./codexdiplomatic12wenzgoog_0405.png"; bbox 0 0 3080 5160; ppageno 0'>
   <div class='ocr_carea' id='block_1_1' title="bbox 527 271 685 376">
    <p class='ocr_par' dir='ltr' id='par_1_1' title="bbox 527 271 685 376">
     <span class='ocr_line' id='line_1_1' title="bbox 527 271 685 376; baseline 0 -33"><span class='ocrx_word' id='word_1_1' title='bbox 527 271 685 376; x_wconf 40' lang='lat' dir='ltr'><strong>„ppe-</strong></span> 
     </span>
    </p>
   </div>
   <div class='ocr_carea' id='block_1_2' title="bbox 40 465 1271 2267">
    <p class='ocr_par' dir='ltr' id='par_1_2' title="bbox 40 465 1166 2180">
     <span class='ocr_line' id='line_1_2' title="bbox 44 465 1165 558; baseline -0.005 -18"><span class='ocrx_word' id='word_1_2' title='bbox 44 475 152 558; x_wconf 83' lang='lat' dir='ltr'><strong>gninei</strong></span> <span class='ocrx_word' id='word_1_3' title='bbox 169 475 220 541; x_wconf 93' lang='lat' dir='ltr'><strong>sni</strong></span> <span class='ocrx_word' id='word_1_4' title='bbox 235 473 307 542; x_wconf 89' lang='lat' dir='ltr'><strong>sine</strong></span> <span class='ocrx_word' id='word_1_5' title='bbox 323 472 441 542; x_wconf 90' lang='lat' dir='ltr'><strong>herede</strong></span> <span class='ocrx_word' id='word_1_6' title='bbox 451 469 647 555; x_wconf 78' lang='lat' dir='ltr'><strong>decedentis,</strong></span> <span class='ocrx_word' id='word_1_7' title='bbox 664 477 700 536; x_wconf 88' lang='lat' dir='ltr'><strong>nt</strong></span> <span class='ocrx_word' id='word_1_8' title='bbox 715 470 856 555; x_wconf 77' lang='lat' dir='ltr'><strong>dicebat,</strong></span> <span class='ocrx_word' id='word_1_9' title='bbox 877 469 978 538; x_wconf 90' lang='lat' dir='ltr'><strong>nobili</strong></span> <span class='ocrx_word' id='word_1_10' title='bbox 994 469 1064 536; x_wconf 87' lang='lat' dir='ltr'><strong>uiro</strong></span> <span class='ocrx_word' id='word_1_11' title='bbox 1075 465 1165 535; x_wconf 83' lang='lat' dir='ltr'><strong>Witlr</strong></span> 
     </span>
     <span class='ocr_line' id='line_1_3' title="bbox 45 570 1166 666; baseline -0.004 -18"><span class='ocrx_word' id='word_1_12' title='bbox 45 583 109 648; x_wconf 90' lang='lat' dir='ltr'><strong>tilio</strong></span> <span class='ocrx_word' id='word_1_13' title='bbox 125 579 217 648; x_wconf 83' lang='lat' dir='ltr'><strong>Witk</strong></span> <span class='ocrx_word' id='word_1_14' title='bbox 232 587 372 666; x_wconf 81' lang='lat' dir='ltr'><strong>cognato</strong></span> <span class='ocrx_word' id='word_1_15' title='bbox 397 586 430 648; x_wconf 91' lang='lat' dir='ltr'><strong>et</strong></span> <span class='ocrx_word' id='word_1_16' title='bbox 444 570 685 663; x_wconf 77' lang='lat' dir='ltr'><strong>consanguineo</strong></span> <span class='ocrx_word' id='word_1_17' title='bbox 709 597 787 666; x_wconf 91' lang='lat' dir='ltr'><strong>sno,</strong></span> <span class='ocrx_word' id='word_1_18' title='bbox 805 577 950 646; x_wconf 91' lang='lat' dir='ltr'><strong>similiter</strong></span> <span class='ocrx_word' id='word_1_19' title='bbox 982 577 1022 643; x_wconf 92' lang='lat' dir='ltr'><strong>de</strong></span> <span class='ocrx_word' id='word_1_20' title='bbox 1047 597 1166 662; x_wconf 78' lang='lat' dir='ltr'>genere</span> 
     </span>
     <span class='ocr_line' id='line_1_4' title="bbox 45 685 1164 777; baseline -0.005 -21"><span class='ocrx_word' id='word_1_21' title='bbox 45 688 158 756; x_wconf 85' lang='lat' dir='ltr'><strong>Lodan</strong></span> <span class='ocrx_word' id='word_1_22' title='bbox 174 687 237 777; x_wconf 85' lang='lat' dir='ltr'><strong>(in)</strong></span> <span class='ocrx_word' id='word_1_23' title='bbox 255 691 357 756; x_wconf 79' lang='lat' dir='ltr'><strong>nostri</strong></span> <span class='ocrx_word' id='word_1_24' title='bbox 373 689 545 774; x_wconf 86' lang='lat' dir='ltr'><strong>preseneia</strong></span> <span class='ocrx_word' id='word_1_25' title='bbox 569 686 612 754; x_wconf 91' lang='lat' dir='ltr'><strong>ab</strong></span> <span class='ocrx_word' id='word_1_26' title='bbox 627 689 731 754; x_wconf 88' lang='lat' dir='ltr'><strong>altera</strong></span> <span class='ocrx_word' id='word_1_27' title='bbox 756 685 968 772; x_wconf 72' lang='lat' dir='ltr'><strong>personaliter</strong></span> <span class='ocrx_word' id='word_1_28' title='bbox 984 686 1164 768; x_wconf 84' lang='lat' dir='ltr'><strong>eonstitrrto,</strong></span> 
     </span>
     <span class='ocr_line' id='line_1_5' title="bbox 46 795 1164 884; baseline -0.005 -20"><span class='ocrx_word' id='word_1_29' title='bbox 46 819 104 884; x_wconf 90' lang='lat' dir='ltr'><strong>pro</strong></span> <span class='ocrx_word' id='word_1_30' title='bbox 121 815 182 864; x_wconf 87' lang='lat' dir='ltr'><strong>sex</strong></span> <span class='ocrx_word' id='word_1_31' title='bbox 198 797 317 864; x_wconf 87' lang='lat' dir='ltr'><strong>mareis</strong></span> <span class='ocrx_word' id='word_1_32' title='bbox 330 795 480 883; x_wconf 89' lang='lat' dir='ltr'><strong>plenarie</strong></span> <span class='ocrx_word' id='word_1_33' title='bbox 496 797 539 862; x_wconf 90' lang='lat' dir='ltr'><strong>ab</strong></span> <span class='ocrx_word' id='word_1_34' title='bbox 557 795 671 862; x_wconf 88' lang='lat' dir='ltr'><strong>eodem</strong></span> <span class='ocrx_word' id='word_1_35' title='bbox 687 796 860 881; x_wconf 90' lang='lat' dir='ltr'><strong>pereeptis,</strong></span> <span class='ocrx_word' id='word_1_36' title='bbox 877 801 913 862; x_wconf 93' lang='lat' dir='ltr'><strong>nt</strong></span> <span class='ocrx_word' id='word_1_37' title='bbox 927 796 1075 878; x_wconf 83' lang='lat' dir='ltr'><strong>assernit,</strong></span> <span class='ocrx_word' id='word_1_38' title='bbox 1092 812 1164 862; x_wconf 87' lang='lat' dir='ltr'><strong>oon·</strong></span> 
     </span>
     <span class='ocr_line' id='line_1_6' title="bbox 48 901 1165 990; baseline -0.002 -20"><span class='ocrx_word' id='word_1_39' title='bbox 48 906 154 972; x_wconf 87' lang='lat' dir='ltr'><strong>fessus</strong></span> <span class='ocrx_word' id='word_1_40' title='bbox 170 912 222 971; x_wconf 92' lang='lat' dir='ltr'><strong>est</strong></span> <span class='ocrx_word' id='word_1_41' title='bbox 238 905 318 971; x_wconf 87' lang='lat' dir='ltr'><strong>nina</strong></span> <span class='ocrx_word' id='word_1_42' title='bbox 341 923 419 971; x_wconf 85' lang='lat' dir='ltr'><strong>noae</strong></span> <span class='ocrx_word' id='word_1_43' title='bbox 435 904 498 988; x_wconf 91' lang='lat' dir='ltr'><strong>ipsi</strong></span> <span class='ocrx_word' id='word_1_44' title='bbox 508 903 599 970; x_wconf 83' lang='lat' dir='ltr'><strong>Witk</strong></span> <span class='ocrx_word' id='word_1_45' title='bbox 614 902 679 970; x_wconf 85' lang='lat' dir='ltr'><strong>filio</strong></span> <span class='ocrx_word' id='word_1_46' title='bbox 695 901 797 986; x_wconf 82' lang='lat' dir='ltr'><strong>Witln,</strong></span> <span class='ocrx_word' id='word_1_47' title='bbox 815 910 848 971; x_wconf 93' lang='lat' dir='ltr'><strong>et</strong></span> <span class='ocrx_word' id='word_1_48' title='bbox 862 923 922 990; x_wconf 88' lang='lat' dir='ltr'><strong>per</strong></span> <span class='ocrx_word' id='word_1_49' title='bbox 937 923 1008 972; x_wconf 89' lang='lat' dir='ltr'><strong>enm</strong></span> <span class='ocrx_word' id='word_1_50' title='bbox 1025 905 1094 971; x_wconf 86' lang='lat' dir='ltr'><strong>suis</strong></span> <span class='ocrx_word' id='word_1_51' title='bbox 1111 902 1165 968; x_wconf 86' lang='lat' dir='ltr'><strong>he-</strong></span> 
     </span>
     <span class='ocr_line' id='line_1_7' title="bbox 44 1010 1165 1098; baseline -0.002 -20"><span class='ocrx_word' id='word_1_52' title='bbox 44 1013 187 1097; x_wconf 88' lang='lat' dir='ltr'><strong>redibus,</strong></span> <span class='ocrx_word' id='word_1_53' title='bbox 204 1011 422 1097; x_wconf 76' lang='lat' dir='ltr'><strong>heredumque</strong></span> <span class='ocrx_word' id='word_1_54' title='bbox 437 1011 685 1095; x_wconf 86' lang='lat' dir='ltr'><strong>soooessoribns,</strong></span> <span class='ocrx_word' id='word_1_55' title='bbox 711 1011 781 1077; x_wconf 89' lang='lat' dir='ltr'><strong>inre</strong></span> <span class='ocrx_word' id='word_1_56' title='bbox 796 1018 953 1098; x_wconf 87' lang='lat' dir='ltr'><strong>perpetuo</strong></span> <span class='ocrx_word' id='word_1_57' title='bbox 968 1010 1102 1096; x_wconf 89' lang='lat' dir='ltr'><strong>paoifiee</strong></span> <span class='ocrx_word' id='word_1_58' title='bbox 1132 1015 1165 1077; x_wconf 92' lang='lat' dir='ltr'><strong>et</strong></span> 
     </span>
     <span class='ocr_line' id='line_1_8' title="bbox 45 1116 1166 1206; baseline -0.001 -22"><span class='ocrx_word' id='word_1_59' title='bbox 45 1121 309 1188; x_wconf 87' lang='lat' dir='ltr'><strong>inrenooabiliter</strong></span> <span class='ocrx_word' id='word_1_60' title='bbox 333 1119 565 1206; x_wconf 75' lang='lat' dir='ltr'><strong>possidendam</strong></span> <span class='ocrx_word' id='word_1_61' title='bbox 597 1117 803 1204; x_wconf 81' lang='lat' dir='ltr'><strong>uendidisse3</strong></span> <span class='ocrx_word' id='word_1_62' title='bbox 829 1121 889 1187; x_wconf 92' lang='lat' dir='ltr'><strong>tali</strong></span> <span class='ocrx_word' id='word_1_63' title='bbox 914 1117 1072 1202; x_wconf 88' lang='lat' dir='ltr'><strong>siqnidem</strong></span> <span class='ocrx_word' id='word_1_64' title='bbox 1089 1116 1166 1184; x_wconf 88' lang='lat' dir='ltr'><strong>arti·</strong></span> 
     </span>
     <span class='ocr_line' id='line_1_9' title="bbox 44 1225 1166 1315; baseline -0.002 -23"><span class='ocrx_word' id='word_1_65' title='bbox 44 1231 114 1296; x_wconf 84' lang='lat' dir='ltr'><strong>eolo</strong></span> <span class='ocrx_word' id='word_1_66' title='bbox 130 1229 323 1315; x_wconf 87' lang='lat' dir='ltr'><strong>interserto,</strong></span> <span class='ocrx_word' id='word_1_67' title='bbox 348 1226 488 1312; x_wconf 89' lang='lat' dir='ltr'><strong>quodsi</strong></span> <span class='ocrx_word' id='word_1_68' title='bbox 513 1245 666 1312; x_wconf 80' lang='lat' dir='ltr'><strong>proeesse</strong></span> <span class='ocrx_word' id='word_1_69' title='bbox 688 1231 867 1312; x_wconf 85' lang='lat' dir='ltr'><strong>temporum</strong></span> <span class='ocrx_word' id='word_1_70' title='bbox 899 1245 957 1310; x_wconf 90' lang='lat' dir='ltr'><strong>per</strong></span> <span class='ocrx_word' id='word_1_71' title='bbox 982 1225 1166 1310; x_wconf 86' lang='lat' dir='ltr'><strong>quempiam</strong></span> 
     </span>
     <span class='ocr_line' id='line_1_10' title="bbox 46 1332 1165 1422; baseline -0.003 -22"><span class='ocrx_word' id='word_1_72' title='bbox 46 1335 189 1420; x_wconf 80' lang='lat' dir='ltr'><strong>prefatus</strong></span> <span class='ocrx_word' id='word_1_73' title='bbox 205 1335 306 1422; x_wconf 70' lang='lat' dir='ltr'><strong>Witk3</strong></span> <span class='ocrx_word' id='word_1_74' title='bbox 323 1337 376 1403; x_wconf 87' lang='lat' dir='ltr'><strong>nel</strong></span> <span class='ocrx_word' id='word_1_75' title='bbox 395 1337 445 1403; x_wconf 89' lang='lat' dir='ltr'><strong>sni</strong></span> <span class='ocrx_word' id='word_1_76' title='bbox 460 1335 595 1402; x_wconf 90' lang='lat' dir='ltr'><strong>heredes</strong></span> <span class='ocrx_word' id='word_1_77' title='bbox 621 1332 817 1400; x_wconf 90' lang='lat' dir='ltr'><strong>herednmne</strong></span> <span class='ocrx_word' id='word_1_78' title='bbox 841 1353 1052 1421; x_wconf 87' lang='lat' dir='ltr'><strong>suoeessores,</strong></span> <span class='ocrx_word' id='word_1_79' title='bbox 1068 1353 1165 1417; x_wconf 86' lang='lat' dir='ltr'><strong>snper</strong></span> 
     </span>
     <span class='ocr_line' id='line_1_11' title="bbox 42 1441 1160 1530; baseline -0.001 -23"><span class='ocrx_word' id='word_1_80' title='bbox 42 1445 125 1510; x_wconf 82' lang='lat' dir='ltr'><strong>laeto</strong></span> <span class='ocrx_word' id='word_1_81' title='bbox 158 1447 303 1530; x_wconf 86' lang='lat' dir='ltr'><strong>ipsarum</strong></span> <span class='ocrx_word' id='word_1_82' title='bbox 334 1449 491 1510; x_wconf 81' lang='lat' dir='ltr'><strong>terrarum</strong></span> <span class='ocrx_word' id='word_1_83' title='bbox 507 1445 736 1528; x_wconf 85' lang='lat' dir='ltr'><strong>inpeterentnr,</strong></span> <span class='ocrx_word' id='word_1_84' title='bbox 757 1442 941 1528; x_wconf 87' lang='lat' dir='ltr'><strong>sepediotns</strong></span> <span class='ocrx_word' id='word_1_85' title='bbox 972 1441 1160 1524; x_wconf 88' lang='lat' dir='ltr'><strong>Zoboslans‚</strong></span> 
     </span>
     <span class='ocr_line' id='line_1_12' title="bbox 41 1548 1163 1636; baseline 0.001 -22"><span class='ocrx_word' id='word_1_86' title='bbox 41 1559 73 1614; x_wconf 90' lang='lat' dir='ltr'><strong>et</strong></span> <span class='ocrx_word' id='word_1_87' title='bbox 102 1548 252 1618; x_wconf 88' lang='lat' dir='ltr'><strong>eiusdem</strong></span> <span class='ocrx_word' id='word_1_88' title='bbox 289 1550 425 1618; x_wconf 89' lang='lat' dir='ltr'><strong>heredes</strong></span> <span class='ocrx_word' id='word_1_89' title='bbox 464 1549 659 1617; x_wconf 88' lang='lat' dir='ltr'><strong>heredumne</strong></span> <span class='ocrx_word' id='word_1_90' title='bbox 689 1569 909 1636; x_wconf 86' lang='lat' dir='ltr'><strong>snooessores,</strong></span> <span class='ocrx_word' id='word_1_91' title='bbox 953 1550 1043 1634; x_wconf 91' lang='lat' dir='ltr'><strong>ipsos</strong></span> <span class='ocrx_word' id='word_1_92' title='bbox 1075 1551 1163 1616; x_wconf 88' lang='lat' dir='ltr'><strong>labo·</strong></span> 
     </span>
     <span class='ocr_line' id='line_1_13' title="bbox 42 1657 1163 1744; baseline -0.001 -23"><span class='ocrx_word' id='word_1_93' title='bbox 42 1659 128 1724; x_wconf 87' lang='lat' dir='ltr'><strong>ribus</strong></span> <span class='ocrx_word' id='word_1_94' title='bbox 160 1659 304 1744; x_wconf 88' lang='lat' dir='ltr'><strong>proprijs</strong></span> <span class='ocrx_word' id='word_1_95' title='bbox 336 1665 369 1723; x_wconf 92' lang='lat' dir='ltr'><strong>et</strong></span> <span class='ocrx_word' id='word_1_96' title='bbox 398 1657 551 1744; x_wconf 80' lang='lat' dir='ltr'><strong>expensis</strong></span> <span class='ocrx_word' id='word_1_97' title='bbox 582 1659 776 1724; x_wconf 85' lang='lat' dir='ltr'><strong>tenebantur</strong></span> <span class='ocrx_word' id='word_1_98' title='bbox 801 1657 981 1724; x_wconf 83' lang='lat' dir='ltr'><strong>defensare.</strong></span> <span class='ocrx_word' id='word_1_99' title='bbox 1014 1659 1052 1723; x_wconf 93' lang='lat' dir='ltr'><strong>In</strong></span> <span class='ocrx_word' id='word_1_100' title='bbox 1072 1657 1163 1722; x_wconf 89' lang='lat' dir='ltr'><strong>onius</strong></span> 
     </span>
     <span class='ocr_line' id='line_1_14' title="bbox 40 1764 1165 1852; baseline -0.001 -23"><span class='ocrx_word' id='word_1_101' title='bbox 40 1768 83 1832; x_wconf 92' lang='lat' dir='ltr'><strong>rei</strong></span> <span class='ocrx_word' id='word_1_102' title='bbox 110 1767 304 1832; x_wconf 79' lang='lat' dir='ltr'><strong>memoriam</strong></span> <span class='ocrx_word' id='word_1_103' title='bbox 336 1765 515 1852; x_wconf 87' lang='lat' dir='ltr'><strong>pleniorem</strong></span> <span class='ocrx_word' id='word_1_104' title='bbox 539 1771 795 1852; x_wconf 81' lang='lat' dir='ltr'><strong>perpetuumque</strong></span> <span class='ocrx_word' id='word_1_105' title='bbox 818 1764 914 1832; x_wconf 91' lang='lat' dir='ltr'><strong>robnr</strong></span> <span class='ocrx_word' id='word_1_106' title='bbox 939 1777 970 1830; x_wconf 92' lang='lat' dir='ltr'><strong>et</strong></span> <span class='ocrx_word' id='word_1_107' title='bbox 1002 1765 1165 1831; x_wconf 88' lang='lat' dir='ltr'><strong>munimen</strong></span> 
     </span>
     <span class='ocr_line' id='line_1_15' title="bbox 40 1873 1165 1960; baseline -0.003 -22"><span class='ocrx_word' id='word_1_108' title='bbox 40 1880 209 1959; x_wconf 85' lang='lat' dir='ltr'><strong>presentes</strong></span> <span class='ocrx_word' id='word_1_109' title='bbox 240 1874 460 1942; x_wconf 89' lang='lat' dir='ltr'><strong>eonoessimus</strong></span> <span class='ocrx_word' id='word_1_110' title='bbox 490 1875 615 1941; x_wconf 89' lang='lat' dir='ltr'><strong>litteras</strong></span> <span class='ocrx_word' id='word_1_111' title='bbox 647 1875 747 1960; x_wconf 82' lang='lat' dir='ltr'><strong>sigilli</strong></span> <span class='ocrx_word' id='word_1_112' title='bbox 778 1874 879 1942; x_wconf 91' lang='lat' dir='ltr'><strong>nostri</strong></span> <span class='ocrx_word' id='word_1_113' title='bbox 913 1873 1086 1942; x_wconf 69' lang='lat' dir='ltr'><strong>monimine</strong></span> <span class='ocrx_word' id='word_1_114' title='bbox 1117 1892 1165 1936; x_wconf 88' lang='lat' dir='ltr'><strong>ro·</strong></span> 
     </span>
     <span class='ocr_line' id='line_1_16' title="bbox 41 1979 1160 2070; baseline -0.004 -23"><span class='ocrx_word' id='word_1_115' title='bbox 41 1985 183 2048; x_wconf 85' lang='lat' dir='ltr'><strong>boratas.</strong></span> <span class='ocrx_word' id='word_1_116' title='bbox 217 1983 340 2049; x_wconf 88' lang='lat' dir='ltr'><strong>Datum</strong></span> <span class='ocrx_word' id='word_1_117' title='bbox 370 1989 463 2050; x_wconf 82' lang='lat' dir='ltr'><strong>sexto</strong></span> <span class='ocrx_word' id='word_1_118' title='bbox 494 1982 568 2048; x_wconf 89' lang='lat' dir='ltr'><strong>idus</strong></span> <span class='ocrx_word' id='word_1_119' title='bbox 600 1984 718 2050; x_wconf 91' lang='lat' dir='ltr'><strong>mensis</strong></span> <span class='ocrx_word' id='word_1_120' title='bbox 751 1982 879 2070; x_wconf 86' lang='lat' dir='ltr'><strong>Aprilis</strong></span> <span class='ocrx_word' id='word_1_121' title='bbox 915 2003 1000 2050; x_wconf 85' lang='lat' dir='ltr'><strong>anno</strong></span> <span class='ocrx_word' id='word_1_122' title='bbox 1031 1979 1160 2046; x_wconf 91' lang='lat' dir='ltr'><strong>Domini</strong></span> 
     </span>
     <span class='ocr_line' id='line_1_17' title="bbox 42 2087 1164 2180; baseline -0.004 -23"><span class='ocrx_word' id='word_1_123' title='bbox 42 2087 294 2180; x_wconf 82' lang='lat' dir='ltr'><strong>ll⁰OC⁰LXXX⁰</strong></span> <span class='ocrx_word' id='word_1_124' title='bbox 310 2092 418 2176; x_wconf 73' lang='lat' dir='ltr'><strong>tercio,</strong></span> <span class='ocrx_word' id='word_1_125' title='bbox 429 2089 577 2157; x_wconf 75' lang='lat' dir='ltr'><strong>lloelesie</strong></span> <span class='ocrx_word' id='word_1_126' title='bbox 587 2097 695 2158; x_wconf 91' lang='lat' dir='ltr'><strong>nostre</strong></span> <span class='ocrx_word' id='word_1_127' title='bbox 711 2091 1010 2175; x_wconf 79' lang='lat' dir='ltr'><strong>Lectorellagistro</strong></span> <span class='ocrx_word' id='word_1_128' title='bbox 1026 2087 1164 2155; x_wconf 86' lang='lat' dir='ltr'><strong>Bartho-</strong></span> 
     </span>
    </p>

    <p class='ocr_par' dir='ltr' id='par_1_3' title="bbox 42 2197 1271 2267">
     <span class='ocr_line' id='line_1_18' title="bbox 42 2197 1271 2267; baseline -0.001 -5"><span class='ocrx_word' id='word_1_129' title='bbox 42 2198 146 2266; x_wconf 91' lang='lat' dir='ltr'><strong>lomeo</strong></span> <span class='ocrx_word' id='word_1_130' title='bbox 165 2197 337 2267; x_wconf 73' lang='lat' dir='ltr'><strong>existente.</strong></span> <span class='ocrx_word' id='word_1_131' title='bbox 1269 2213 1271 2218; x_wconf 89' lang='lat'>·</span> 
     </span>
    </p>
   </div>
   <div class='ocr_carea' id='block_1_3' title="bbox 308 2359 905 2426">
    <p class='ocr_par' dir='ltr' id='par_1_4' title="bbox 308 2359 905 2426">
     <span class='ocr_line' id='line_1_19' title="bbox 308 2359 905 2426; baseline 0.003 -2"><span class='ocrx_word' id='word_1_132' title='bbox 308 2361 337 2424; x_wconf 83' lang='lat' dir='ltr'>A</span> <span class='ocrx_word' id='word_1_133' title='bbox 594 2360 621 2426; x_wconf 94' lang='grc' dir='ltr'><strong>Β</strong></span> <span class='ocrx_word' id='word_1_134' title='bbox 880 2359 905 2426; x_wconf 81' lang='lat'><em>0</em></span> 
     </span>
    </p>
   </div>
   <div class='ocr_carea' id='block_1_4' title="bbox 44 2499 1164 2661">
    <p class='ocr_par' dir='ltr' id='par_1_5' title="bbox 44 2499 1164 2661">
     <span class='ocr_line' id='line_1_20' title="bbox 44 2499 1164 2572; baseline -0.002 -18"><span class='ocrx_word' id='word_1_135' title='bbox 44 2501 181 2570; x_wconf 74' lang='lat' dir='ltr'><strong>OEredetie</strong></span> <span class='ocrx_word' id='word_1_136' title='bbox 207 2501 382 2571; x_wconf 75' lang='lat' dir='ltr'><strong>bdrhr&#39;rrtyim</strong></span> <span class='ocrx_word' id='word_1_137' title='bbox 394 2517 412 2554; x_wconf 88' lang='lat' dir='ltr'><strong>a</strong></span> <span class='ocrx_word' id='word_1_138' title='bbox 423 2503 517 2570; x_wconf 73' lang='lat' dir='ltr'><strong>penset</strong></span> <span class='ocrx_word' id='word_1_139' title='bbox 542 2501 784 2570; x_wconf 68' lang='lat' dir='ltr'><strong>verennes-sergo</strong></span> <span class='ocrx_word' id='word_1_140' title='bbox 796 2501 1026 2572; x_wconf 70' lang='lat' dir='ltr'><strong>selyemasindron</strong></span> <span class='ocrx_word' id='word_1_141' title='bbox 1049 2499 1164 2568; x_wconf 75' lang='lat' dir='ltr'><strong>idggdtt.</strong></span> 
     </span>
     <span class='ocr_line' id='line_1_21' title="bbox 432 2591 779 2661; baseline -0.009 -15"><span class='ocrx_word' id='word_1_142' title='bbox 432 2595 509 2646; x_wconf 81' lang='lat' dir='ltr'><strong>Kdnli</strong></span> <span class='ocrx_word' id='word_1_143' title='bbox 522 2591 659 2661; x_wconf 76' lang='lat' dir='ltr'><strong>vtghelyi</strong></span> <span class='ocrx_word' id='word_1_144' title='bbox 672 2593 779 2660; x_wconf 77' lang='lat' dir='ltr'><strong>Dessd.)</strong></span> 
     </span>
    </p>
   </div>
   <div class='ocr_carea' id='block_1_5' title="bbox 506 2791 714 2806">
    <p class='ocr_par' dir='ltr' id='par_1_6' title="bbox 506 2791 714 2806">
     <span class='ocr_line' id='line_1_22' title="bbox 506 2791 714 2806; baseline 0 0"><span class='ocrx_word' id='word_1_145' title='bbox 506 2795 546 2806; x_wconf 61' lang='grc' dir='ltr'><strong>-νη-</strong></span> <span class='ocrx_word' id='word_1_146' title='bbox 558 2791 714 2804; x_wconf 73' lang='lat'>·-——--·-·&#39;</span> 
     </span>
    </p>
   </div>
   <div class='ocr_carea' id='block_1_6' title="bbox 568 3243 648 3314">
    <p class='ocr_par' dir='ltr' id='par_1_7' title="bbox 568 3243 648 3314">
     <span class='ocr_line' id='line_1_23' title="bbox 568 3243 648 3314; baseline -0.013 -4"><span class='ocrx_word' id='word_1_147' title='bbox 568 3243 648 3314; x_wconf 74' lang='grc'><strong>260.</strong></span> 
     </span>
    </p>
   </div>
   <div class='ocr_carea' id='block_1_7' title="bbox 44 3408 1168 4054">
    <p class='ocr_par' dir='ltr' id='par_1_8' title="bbox 45 3408 1163 3516">
     <span class='ocr_line' id='line_1_24' title="bbox 45 3408 1163 3516; baseline 0.003 -30"><span class='ocrx_word' id='word_1_148' title='bbox 45 3421 72 3486; x_wconf 89' lang='grc' dir='ltr'><em>Α</em></span> <span class='ocrx_word' id='word_1_149' title='bbox 96 3425 310 3516; x_wconf 72' lang='lat' dir='ltr'><strong>napyodradp&#39;</strong></span> <span class='ocrx_word' id='word_1_150' title='bbox 333 3425 491 3512; x_wconf 79' lang='lat' dir='ltr'><strong>kdptolan</strong></span> <span class='ocrx_word' id='word_1_151' title='bbox 519 3408 722 3514; x_wconf 72' lang='lat' dir='ltr'><strong>bizonysdpot</strong></span> <span class='ocrx_word' id='word_1_152' title='bbox 747 3437 809 3493; x_wconf 65' lang='lat' dir='ltr'><strong>msa</strong></span> <span class='ocrx_word' id='word_1_153' title='bbox 832 3426 922 3494; x_wconf 73' lang='lat' dir='ltr'><strong>arnol</strong></span> <span class='ocrx_word' id='word_1_154' title='bbox 931 3477 941 3508; x_wconf 90' lang='lat'><em>,</em></span> <span class='ocrx_word' id='word_1_155' title='bbox 968 3429 1051 3512; x_wconf 75' lang='lat' dir='ltr'><strong>lopy</strong></span> <span class='ocrx_word' id='word_1_156' title='bbox 1075 3425 1163 3490; x_wconf 79' lang='lat' dir='ltr'><strong>eldtte</strong></span> 
     </span>
    </p>

    <p class='ocr_par' dir='ltr' id='par_1_9' title="bbox 45 3527 1168 3622">
     <span class='ocr_line' id='line_1_25' title="bbox 45 3527 1168 3622; baseline 0.001 -27"><span class='ocrx_word' id='word_1_157' title='bbox 45 3531 167 3598; x_wconf 75' lang='lat' dir='ltr'><strong>Miletos</strong></span> <span class='ocrx_word' id='word_1_158' title='bbox 184 3527 304 3614; x_wconf 68' lang='lat' dir='ltr'><strong>atesim,</strong></span> <span class='ocrx_word' id='word_1_159' title='bbox 321 3535 403 3600; x_wconf 81' lang='lat' dir='ltr'><strong>Beea</strong></span> <span class='ocrx_word' id='word_1_160' title='bbox 428 3533 582 3622; x_wconf 81' lang='lat' dir='ltr'><strong>oaokcija,</strong></span> <span class='ocrx_word' id='word_1_161' title='bbox 607 3539 638 3601; x_wconf 74' lang='lat' dir='ltr'><strong>do</strong></span> <span class='ocrx_word' id='word_1_162' title='bbox 663 3537 808 3621; x_wconf 80' lang='lat' dir='ltr'><strong>rokooos&#39;,</strong></span> <span class='ocrx_word' id='word_1_163' title='bbox 835 3539 905 3602; x_wconf 80' lang='lat' dir='ltr'><strong>mets</strong></span> <span class='ocrx_word' id='word_1_164' title='bbox 929 3535 1047 3601; x_wconf 79' lang='lat' dir='ltr'><strong>ra&#39;azrdt</strong></span> <span class='ocrx_word' id='word_1_165' title='bbox 1067 3533 1168 3620; x_wconf 77' lang='lat' dir='ltr'><strong>pedip</strong></span> 
     </span>
    </p>

    <p class='ocr_par' dir='ltr' id='par_1_10' title="bbox 45 3638 1167 3730">
     <span class='ocr_line' id='line_1_26' title="bbox 45 3638 1167 3730; baseline 0.004 -28"><span class='ocrx_word' id='word_1_166' title='bbox 45 3638 167 3704; x_wconf 82' lang='lat' dir='ltr'><strong>Marica</strong></span> <span class='ocrx_word' id='word_1_167' title='bbox 179 3641 277 3727; x_wconf 79' lang='lat' dir='ltr'><strong>ispdn</strong></span> <span class='ocrx_word' id='word_1_168' title='bbox 293 3643 324 3706; x_wconf 72' lang='lat' dir='ltr'><strong>dt</strong></span> <span class='ocrx_word' id='word_1_169' title='bbox 339 3643 459 3709; x_wconf 81' lang='lat' dir='ltr'><strong>Iodaes</strong></span> <span class='ocrx_word' id='word_1_170' title='bbox 473 3643 576 3709; x_wconf 80' lang='lat' dir='ltr'><strong>Jdeos</strong></span> <span class='ocrx_word' id='word_1_171' title='bbox 592 3643 671 3730; x_wconf 85' lang='lat' dir='ltr'><strong>Baj,</strong></span> <span class='ocrx_word' id='word_1_172' title='bbox 688 3643 804 3730; x_wconf 69' lang='lat' dir='ltr'><strong>Atym,</strong></span> <span class='ocrx_word' id='word_1_173' title='bbox 822 3644 1025 3710; x_wconf 80' lang='lat' dir='ltr'><strong>Taneakereka&#39;</strong></span> <span class='ocrx_word' id='word_1_174' title='bbox 1041 3645 1072 3708; x_wconf 69' lang='lat' dir='ltr'><strong>ea</strong></span> <span class='ocrx_word' id='word_1_175' title='bbox 1084 3639 1167 3720; x_wconf 80' lang='lat' dir='ltr'><strong>Ala,</strong></span> 
     </span>
    </p>

    <p class='ocr_par' dir='ltr' id='par_1_11' title="bbox 45 3747 1168 3834">
     <span class='ocr_line' id='line_1_27' title="bbox 45 3747 1168 3834; baseline 0.005 -26"><span class='ocrx_word' id='word_1_176' title='bbox 45 3747 178 3813; x_wconf 75' lang='lat' dir='ltr'><strong>toadbbd</strong></span> <span class='ocrx_word' id='word_1_177' title='bbox 194 3771 216 3813; x_wconf 84' lang='lat' dir='ltr'><strong>a</strong></span> <span class='ocrx_word' id='word_1_178' title='bbox 231 3747 365 3815; x_wconf 75' lang='lat' dir='ltr'><strong>Hemdd</strong></span> <span class='ocrx_word' id='word_1_179' title='bbox 379 3751 504 3816; x_wconf 71' lang='lat' dir='ltr'><strong>mileti</strong></span> <span class='ocrx_word' id='word_1_180' title='bbox 519 3752 637 3818; x_wconf 80' lang='lat' dir='ltr'><strong>Iadaea</strong></span> <span class='ocrx_word' id='word_1_181' title='bbox 662 3755 693 3817; x_wconf 62' lang='grc' dir='ltr'><strong>ὅθ</strong></span> <span class='ocrx_word' id='word_1_182' title='bbox 708 3775 729 3815; x_wconf 88' lang='lat' dir='ltr'><strong>a</strong></span> <span class='ocrx_word' id='word_1_183' title='bbox 745 3751 850 3819; x_wconf 80' lang='lat' dir='ltr'><strong>Kdrda</strong></span> <span class='ocrx_word' id='word_1_184' title='bbox 865 3751 982 3817; x_wconf 78' lang='lat' dir='ltr'><strong>melle&#39;lea&#39;</strong></span> <span class='ocrx_word' id='word_1_185' title='bbox 997 3753 1066 3816; x_wconf 59' lang='lat' dir='ltr'><strong>plag</strong></span> <span class='ocrx_word' id='word_1_186' title='bbox 1083 3751 1168 3834; x_wconf 77' lang='lat' dir='ltr'><strong>hely·</strong></span> 
     </span>
    </p>

    <p class='ocr_par' dir='ltr' id='par_1_12' title="bbox 44 3857 1167 4054">
     <span class='ocr_line' id='line_1_28' title="bbox 44 3857 1167 3948; baseline 0.005 -30"><span class='ocrx_word' id='word_1_187' title='bbox 44 3857 186 3940; x_wconf 64' lang='lat' dir='ltr'><strong>repeton,</strong></span> <span class='ocrx_word' id='word_1_188' title='bbox 203 3857 364 3924; x_wconf 74' lang='lat' dir='ltr'><strong>salomini</strong></span> <span class='ocrx_word' id='word_1_189' title='bbox 379 3883 401 3924; x_wconf 84' lang='lat' dir='ltr'><strong>a</strong></span> <span class='ocrx_word' id='word_1_190' title='bbox 416 3864 536 3946; x_wconf 78' lang='lat' dir='ltr'><strong>ezerepi</strong></span> <span class='ocrx_word' id='word_1_191' title='bbox 551 3871 708 3927; x_wconf 77' lang='lat' dir='ltr'><strong>moreostor</strong></span> <span class='ocrx_word' id='word_1_192' title='bbox 728 3863 863 3947; x_wconf 74' lang='lat' dir='ltr'><strong>ksppoirt&#39;</strong></span> <span class='ocrx_word' id='word_1_193' title='bbox 880 3864 999 3948; x_wconf 74' lang='lat' dir='ltr'><strong>jopo&#39;o,</strong></span> <span class='ocrx_word' id='word_1_194' title='bbox 1024 3859 1167 3924; x_wconf 72' lang='lat' dir='ltr'><strong>bardisa-</strong></span> 
     </span>
     <span class='ocr_line' id='line_1_29' title="bbox 229 3967 841 4054; baseline 0.003 -24"><span class='ocrx_word' id='word_1_195' title='bbox 229 4009 234 4018; x_wconf 87' lang='lat'><em>·</em></span> <span class='ocrx_word' id='word_1_196' title='bbox 368 3989 469 4052; x_wconf 78' lang='lat' dir='ltr'><strong>pesae</strong></span> <span class='ocrx_word' id='word_1_197' title='bbox 493 3969 727 4054; x_wconf 75' lang='lat' dir='ltr'><strong>mepoaztoatalr,</strong></span> <span class='ocrx_word' id='word_1_198' title='bbox 745 3967 841 4036; x_wconf 77' lang='lat'><em>1283.</em></span> 
     </span>
    </p>
   </div>
   <div class='ocr_carea' id='block_1_8' title="bbox 47 4159 1167 4688">
    <p class='ocr_par' dir='ltr' id='par_1_13' title="bbox 47 4159 1167 4688">
     <span class='ocr_line' id='line_1_30' title="bbox 152 4159 1165 4247; baseline 0.004 -21"><span class='ocrx_word' id='word_1_199' title='bbox 152 4159 337 4247; x_wconf 78' lang='lat' dir='ltr'><strong>Capitulum</strong></span> <span class='ocrx_word' id='word_1_200' title='bbox 356 4163 505 4231; x_wconf 82' lang='lat' dir='ltr'><strong>lleolesie</strong></span> <span class='ocrx_word' id='word_1_201' title='bbox 521 4165 743 4233; x_wconf 89' lang='lat' dir='ltr'><strong>Waradiensis</strong></span> <span class='ocrx_word' id='word_1_202' title='bbox 754 4166 902 4234; x_wconf 90' lang='lat' dir='ltr'><strong>omnibus</strong></span> <span class='ocrx_word' id='word_1_203' title='bbox 918 4164 1041 4234; x_wconf 81' lang='lat' dir='ltr'><strong>Christi</strong></span> <span class='ocrx_word' id='word_1_204' title='bbox 1064 4162 1165 4230; x_wconf 89' lang='lat' dir='ltr'><strong>fideli·</strong></span> 
     </span>
     <span class='ocr_line' id='line_1_31' title="bbox 47 4266 1161 4356; baseline 0.006 -26"><span class='ocrx_word' id='word_1_205' title='bbox 47 4266 104 4334; x_wconf 84' lang='lat' dir='ltr'><strong>bus</strong></span> <span class='ocrx_word' id='word_1_206' title='bbox 114 4287 251 4352; x_wconf 91' lang='lat' dir='ltr'><strong>presens</strong></span> <span class='ocrx_word' id='word_1_207' title='bbox 261 4271 417 4356; x_wconf 87' lang='lat' dir='ltr'><strong>seriptum</strong></span> <span class='ocrx_word' id='word_1_208' title='bbox 427 4273 630 4342; x_wconf 85' lang='lat' dir='ltr'><strong>intuentibus</strong></span> <span class='ocrx_word' id='word_1_209' title='bbox 640 4275 778 4343; x_wconf 88' lang='lat' dir='ltr'><strong>salutem</strong></span> <span class='ocrx_word' id='word_1_210' title='bbox 789 4275 824 4342; x_wconf 90' lang='lat' dir='ltr'><strong>in</strong></span> <span class='ocrx_word' id='word_1_211' title='bbox 840 4275 980 4342; x_wconf 90' lang='lat' dir='ltr'><strong>omnium</strong></span> <span class='ocrx_word' id='word_1_212' title='bbox 991 4273 1161 4342; x_wconf 79' lang='lat' dir='ltr'><strong>saltatore.</strong></span> 
     </span>
     <span class='ocr_line' id='line_1_32' title="bbox 48 4372 1164 4467; baseline 0.007 -29"><span class='ocrx_word' id='word_1_213' title='bbox 48 4372 97 4439; x_wconf 81' lang='lat' dir='ltr'><strong>Ad</strong></span> <span class='ocrx_word' id='word_1_214' title='bbox 111 4373 367 4463; x_wconf 90' lang='lat' dir='ltr'><strong>nn(iners)orum</strong></span> <span class='ocrx_word' id='word_1_215' title='bbox 383 4380 537 4448; x_wconf 82' lang='lat' dir='ltr'><strong>noticiam</strong></span> <span class='ocrx_word' id='word_1_216' title='bbox 552 4389 620 4448; x_wconf 91' lang='lat' dir='ltr'><strong>tam</strong></span> <span class='ocrx_word' id='word_1_217' title='bbox 636 4383 836 4467; x_wconf 81' lang='lat' dir='ltr'><strong>presencium</strong></span> <span class='ocrx_word' id='word_1_218' title='bbox 862 4403 959 4467; x_wconf 86' lang='lat' dir='ltr'><strong>quam</strong></span> <span class='ocrx_word' id='word_1_219' title='bbox 986 4380 1164 4448; x_wconf 81' lang='lat' dir='ltr'><strong>futurorum</strong></span> 
     </span>
     <span class='ocr_line' id='line_1_33' title="bbox 48 4485 1167 4574; baseline 0.006 -29"><span class='ocrx_word' id='word_1_220' title='bbox 48 4487 159 4548; x_wconf 91' lang='lat' dir='ltr'><strong>tenore</strong></span> <span class='ocrx_word' id='word_1_221' title='bbox 179 4485 382 4570; x_wconf 76' lang='lat' dir='ltr'><strong>presencium</strong></span> <span class='ocrx_word' id='word_1_222' title='bbox 408 4489 556 4556; x_wconf 87' lang='lat' dir='ltr'><strong>uolumus</strong></span> <span class='ocrx_word' id='word_1_223' title='bbox 583 4490 772 4574; x_wconf 88' lang='lat' dir='ltr'><strong>peruenire:</strong></span> <span class='ocrx_word' id='word_1_224' title='bbox 798 4489 885 4574; x_wconf 85' lang='lat' dir='ltr'><strong>quod</strong></span> <span class='ocrx_word' id='word_1_225' title='bbox 910 4489 1104 4557; x_wconf 88' lang='lat' dir='ltr'><strong>aeoedentes</strong></span> <span class='ocrx_word' id='word_1_226' title='bbox 1124 4487 1167 4553; x_wconf 86' lang='lat' dir='ltr'><strong>ad</strong></span> 
     </span>
     <span class='ocr_line' id='line_1_34' title="bbox 49 4595 1166 4688; baseline 0.01 -35"><span class='ocrx_word' id='word_1_227' title='bbox 49 4595 192 4656; x_wconf 87' lang='lat' dir='ltr'><strong>nostram</strong></span> <span class='ocrx_word' id='word_1_228' title='bbox 226 4596 426 4678; x_wconf 89' lang='lat' dir='ltr'><strong>preseneiam</strong></span> <span class='ocrx_word' id='word_1_229' title='bbox 451 4597 664 4686; x_wconf 90' lang='lat' dir='ltr'><strong>personaliter</strong></span> <span class='ocrx_word' id='word_1_230' title='bbox 697 4598 852 4682; x_wconf 82' lang='lat' dir='ltr'><strong>Magister</strong></span> <span class='ocrx_word' id='word_1_231' title='bbox 884 4597 1041 4665; x_wconf 80' lang='lat' dir='ltr'><strong>Nicolaus</strong></span> <span class='ocrx_word' id='word_1_232' title='bbox 1066 4616 1166 4688; x_wconf 87' lang='lat' dir='ltr'><strong>nepos</strong></span> 
     </span>
    </p>
   </div>
   <div class='ocr_carea' id='block_1_9' title="bbox 0 0 1544 5160">
    <p class='ocr_par' dir='ltr' id='par_1_14' title="bbox 0 0 1544 5160">
     <span class='ocr_line' id='line_1_35' title="bbox 0 0 1544 5160; baseline 0 0"><span class='ocrx_word' id='word_1_233' title='bbox 0 0 1544 5160; x_wconf 95' lang='lat' dir='ltr'><strong> </strong></span> 
     </span>
    </p>
   </div>
  </div>
 </body>
</html>
