3140 5150
788 175 948 272 Q

410 368 692 438 Excellentissimo
722 369 863 438 Domine
893 388 952 435 suo
976 367 1136 437 Ladiulao
1162 368 1202 434 D.
1234 391 1281 456 gr.
1308 368 1436 438 illustri

300 477 381 562 Regi
398 476 565 563 Hungarie
589 477 774 565 Capitulum
798 478 981 546 lauriensis
1007 476 1157 546 Ecclesie
1177 479 1241 545 stb.
1260 476 1434 564 (kdvetlre-

302 584 356 652 zik
372 606 394 652 a
409 587 502 671 gydri
517 587 746 674 ktptalannalu
766 587 946 674 jelenttse,
973 587 1053 654 mint
1078 587 1178 654 aldbb
1194 608 1216 654 a
1234 590 1308 657 148.
1326 608 1369 654 su.
1384 589 1433 675 a.)

410 693 478 761 Nos
494 693 605 778 itaque
619 695 823 763 attendentes
848 693 1020 763 fidelitates
1036 701 1068 761 et
1084 693 1250 762 meritoria
1271 696 1434 781 obsequia

301 799 518 886 predictorum
531 803 645 871 Jacobi
661 809 693 870 et
708 801 878 888 Ladizlay,
905 822 970 886 qne
988 802 1022 869 in
1038 802 1186 870 omnibus
1203 802 1427 886 expedicicni-

303 910 365 976 bus
380 911 494 997 Regni,
511 909 641 978 domino
650 913 734 996 Regi
750 910 918 996 Stephano
934 909 1020 998 patri
1036 917 1147 978 nostro
1163 909 1338 978 karbaimo
1355 911 1431 978 ieli-

305 1015 351 1084 cis
366 1016 615 1102 recordacionis,
640 1019 769 1086 demum
785 1025 818 1087 et
833 1020 927 1086 nobis
952 1019 987 1084 in
1011 1024 1099 1086 etate
1115 1023 1229 1086 tenera
1243 1019 1430 1086 constitutis

305 1143 379 1191 cnm
409 1126 497 1191 omni
522 1123 650 1193 feruore
665 1125 833 1194 fidelitatis
858 1125 1067 1194 laudabiliter
1092 1125 1305 1196 exhibuerunt
1331 1132 1363 1195 et
1378 1127 1432 1194 de-

305 1238 401 1317 note,
425 1239 458 1300 et
472 1233 657 1319 specialiter
672 1241 749 1301 tunc
766 1254 838 1301 cnm
854 1236 924 1302 Rex
940 1236 1135 1302 Boemorum
1151 1234 1343 1322 capitaneus
1364 1230 1432 1320 (lgy

307 1339 500 1426 „capitalis“
518 1341 655 1429 helyett)
687 1342 838 1410 inimicus
865 1344 970 1429 Regni
1001 1343 1102 1412 nostri
1129 1341 1275 1410 collectis
1306 1341 1431 1408 uiribus

305 1447 384 1532 suis,
408 1457 440 1517 et
456 1450 598 1518 exercitu
618 1470 677 1518 suc
695 1453 824 1519 eleuata
850 1454 909 1519 sub
935 1449 1098 1536 quoddam
1123 1457 1266 1519 castrum
1283 1457 1430 1518 nostrum

305 1557 438 1626 Kobold
453 1564 603 1626 uocatum
618 1557 652 1624 in
669 1560 806 1626 confinio
822 1559 857 1626 in
873 1560 1036 1629 Comitatu
1055 1561 1271 1646 Supruniensi
1291 1559 1430 1627 existen·

304 1671 369 1732 tem
385 1666 428 1734 ad
444 1665 697 1753 expugnandum
712 1667 799 1735 idem
817 1670 1034 1755 accessisset,
1059 1667 1223 1754 prenotati
1242 1669 1386 1738 Jaccbue
1402 1673 1433 1735 et

307 1772 481 1842 Ladinlaue
489 1824 499 1859 ,
536 1774 592 1859 qni
618 1775 722 1859 ipsum
748 1781 888 1842 castrum
904 1781 1050 1843 nostrum
1066 1775 1196 1843 Kobold
1211 1775 1306 1842 nobis
1322 1775 1363 1843 de
1378 1796 1430 1842 no-

306 1887 374 1949 stro
390 1879 545 1949 mandato
562 1883 807 1970 consernabant,
833 1889 868 1948 ut
884 1883 981 1950 solita
997 1901 1055 1950 sue
1071 1881 1237 1950 fidelitatis
1253 1904 1353 1970 opera
1367 1883 1433 1949 lau-

285 1987 448 2058 dabilius
464 1997 671 2076 exercerent,
696 1989 736 2055 de
761 1990 875 2058 eodem
902 2011 973 2056 cnm
1000 1990 1149 2058 omnibns
1174 1991 1241 2058 suis
1267 1999 1431 2074 exeuntes,

305 2119 379 2166 cum
394 2099 467 2185 ipso
482 2100 571 2182 Rege
587 2100 778 2164 Boemorum
796 2106 828 2164 et
844 2118 904 2165 sne
921 2099 1064 2166 exercitu
1083 2099 1223 2165 uiriliter
1239 2107 1272 2166 et
1286 2099 1431 2166 landabi-

303 2205 376 2272 liter
392 2205 594 2289 dimicando,
628 2205 742 2273 letalia
766 2207 800 2272 in
828 2225 866 2274 se
892 2207 1028 2274 uulnera
1047 2207 1245 2293 excipientes
1256 2259 1265 2295 ,
1300 2209 1431 2292 quidam

267 2371 269 2376 ,
305 2313 405 2380 frater
419 2313 561 2398 ipsorum
578 2313 707 2381 nomine
723 2313 856 2379 Ohenlre
875 2315 910 2379 in
927 2313 1040 2380 eodem
1060 2314 1209 2381 conflictu
1226 2313 1433 2382 infidelitate

306 2426 338 2486 et
354 2422 493 2488 seruicio
510 2421 602 2488 nobis
619 2428 650 2488 et
667 2423 790 2489 Oenone
806 2421 989 2489 exhibendo
1006 2420 1113 2486 extitit
1129 2421 1358 2510 interemptus,
1375 2423 1430 2489 eic-

306 2535 341 2596 ut
356 2519 448 2597 nobis
481 2547 539 2616 per
570 2528 733 2596 ueridicos
758 2535 789 2595 et
815 2527 927 2596 fideles
953 2529 1098 2595 Barones
1126 2533 1253 2596 nostros
1279 2531 1430 2614 constitit,

304 2655 385 2720 quos
411 2643 488 2703 tunc
512 2658 570 2724 pro
596 2635 782 2704 defensione
809 2656 888 2722 sepe
904 2635 983 2702 dicti
999 2637 1098 2707 castri
1123 2637 1225 2704 nostri
1251 2638 1385 2705 Kobold
1399 2639 1431 2703 in

303 2744 461 2813 auxilium
488 2753 520 2814 et
542 2747 694 2814 iunamen
721 2743 897 2813 eorundem
922 2745 1077 2811 nobilium
1104 2744 1302 2814 duxeramus
1329 2751 1431 2814 trans·

303 2852 487 2921 mittendos.
511 2852 604 2923 Vnde
629 2875 688 2922 nos
704 2875 762 2940 pro
779 2861 827 2920 tot
843 2861 875 2921 et
889 2855 988 2920 tantis
1013 2853 1161 2939 seruioijs
1187 2853 1365 2922 eorundem
1382 2875 1430 2922 sn-

304 2959 414 3044 perius
430 2962 603 3048 expressis,
621 2960 880 3046 prenominatam
897 2967 1019 3028 terram
1035 2961 1183 3045 Scylwae
1200 2980 1272 3026 cum
1283 2962 1430 3028 omnibns

302 3065 497 3136 utilitatibus
522 3075 554 3135 et
580 3068 792 3154 pertinencijs
818 3069 885 3136 suis
900 3067 1081 3155 uniuersis,
1107 3066 1274 3152 dedimus,
1300 3066 1429 3135 donaui-

305 3193 376 3242 mus
393 3182 426 3242 et
442 3176 635 3244 contulimus
651 3176 826 3262 sepediclis
843 3177 967 3244 Jacobc
989 3184 1022 3245 et
1037 3177 1193 3244 Ladizlao
1202 3230 1212 3264 ,
1239 3184 1271 3243 et
1295 3197 1355 3262 per
1380 3197 1431 3244 eos

207 3295 211 3304 ·
305 3283 478 3352 heredibus
494 3282 715 3367 heredumque
740 3303 869 3352 snorum
885 3283 1124 3352 successoribus
1141 3285 1210 3351 iure
1226 3290 1387 3370 perpetuo
1403 3291 1431 3351 et

300 3389 435 3476 pacifice
460 3390 702 3476 possidendam.
743 3391 787 3457 Vt
812 3396 920 3458 autem
945 3391 1005 3457 bec
1028 3397 1140 3458 nostra
1165 3391 1303 3458 collacio
1330 3393 1427 3458 robur

305 3499 452 3583 optineat
465 3507 620 3585 perpetue
635 3497 818 3583 firmitatis,
843 3503 875 3563 et
900 3517 941 3565 ne
961 3517 1115 3582 processu
1134 3503 1313 3583 temporum
1329 3499 1430 3584 possit

303 3605 356 3674 uel
373 3605 490 3673 debeat
507 3607 539 3674 in
557 3608 683 3674 irritum
700 3607 849 3674 reuocari
870 3613 925 3672 aut
940 3605 1146 3690 aliquatenus
1162 3607 1338 3691 retractari,
1364 3627 1430 3692 pre·

304 3718 414 3781 sentes
431 3715 647 3783 concessimus
663 3713 790 3783 litteras
807 3713 904 3797 sigilli
920 3713 1033 3794 [nostri
1050 3715 1225 3781 munimine
1250 3715 1428 3781 roboratas:

302 3821 420 3888 Datum
446 3842 505 3906 per
529 3841 647 3889 manus
671 3820 868 3889 venerabilis
895 3819 956 3885 uiri
973 3819 1120 3905 Magistri
1137 3820 1262 3886 Thome
1277 3819 1428 3887 Albensis

303 3929 450 3996 Ecclesie
475 3931 580 3998 Electi
605 3930 681 3997 aule
706 3935 817 3996 nostre
843 3927 1132 4015 vice-Cancellarij
1160 3929 1338 3996 Hantensis
1357 3925 1426 3993 Pre-

302 4036 400 4122 positi
418 4035 528 4103 dilecti
546 4043 578 4102 et
594 4035 701 4104 ridelis
717 4034 830 4120 nostri,
857 4054 941 4100 anno
967 4035 1097 4102 Domini
1116 4035 1331 4103 M⁰OO⁰LXX⁰
1348 4039 1426 4101 octa-

303 4165 345 4211 uo
359 4145 462 4229 Regni
479 4153 587 4214 autem
604 4146 708 4215 nostri
725 4165 810 4212 auno
828 4150 932 4211 sexto.

304 4309 441 4372 (Eredetie
454 4307 629 4377 bdrbdrtydm
643 4307 758 4374 melyrdl
772 4322 789 4357 a
801 4303 894 4372 pecsdt
906 4306 967 4359 udld
981 4307 1208 4373 selyemasindron
1222 4307 1298 4372 ftigg,
1318 4321 1335 4356 ι
1348 4304 1425 4356 bndai
1546 4293 1547 4372 J

672 4401 724 4450 lrir.
738 4399 863 4450 kamarai
877 4385 1069 4466 lerdlttr'ban.)
