3124 5158
617 1075 693 1145 itt.

86 1291 237 1358 Aiolidai
251 1293 472 1380 ltdp'dolaaauk
487 1294 761 1380 bisoaysdyleueie,
786 1296 868 1379 bcpy
899 1294 990 1360 Pete
1005 1316 1102 1360 comer
1122 1293 1217 1360 ultor

88 1400 248 1464 emmeaelc
263 1401 317 1483 fic
340 1399 541 1468 Pomcabaa
558 1399 749 1488 ttaffitdetc
773 1423 795 1465 a
819 1400 1010 1487 aptissipeti
1023 1406 1218 1488 cpdcaaadr-
1348 1497 1353 1504 .

486 1509 551 1574 aab
576 1505 691 1574 clodio.
724 1507 821 1574 1279.

353 1719 383 1786 a
641 1719 669 1785 a
929 1718 954 1785 c
1054 1801 1055 1806 Ν

198 1895 383 1981 Capitulum
408 1895 570 1964 Budensis
595 1895 743 1963 Ecclesia
770 1893 917 1962 omnibus
930 1893 1051 1962 Obristi
1067 1893 1216 1963 fidelibus

89 2008 259 2085 presentes
275 2002 402 2070 litteras
421 2002 617 2089 inspecturis
635 2003 775 2070 salutem
800 2003 834 2068 in
852 2001 1001 2070 Domino.
1026 2002 1078 2068 Ad
1093 2003 1218 2072 uniuer-

88 2129 198 2175 sorum
214 2110 367 2179 noticiam
393 2117 503 2178 tenore
528 2111 732 2196 presencium
751 2109 898 2177 volumus
917 2109 1106 2198 peruenire,
1132 2109 1218 2196 quod

88 2216 212 2283 nobilis
244 2217 294 2284 uir
323 2218 438 2285 Petrus
468 2217 581 2286 Comes
603 2217 690 2285 lilius
713 2216 893 2303 Thyburcij
924 2218 1060 2286 Comitis
1085 2219 1127 2285 ab
1152 2238 1219 2285 una

88 2331 200 2410 parte,
233 2324 348 2392 Petrus
382 2331 414 2392 ct
444 2325 599 2394 Nicotaus
625 2324 766 2394 Comites
783 2324 938 2393 officiales
954 2345 1100 2398 sororum
1117 2325 1218 2394 Beate

90 2432 192 2498 biario
220 2429 260 2497 de
285 2431 398 2498 Insula
423 2453 481 2518 pro
499 2434 613 2500 eadem
629 2433 777 2500 Ecclesia
808 2453 848 2500 ex
878 2433 983 2500 altera
998 2453 1108 2502 coram
1124 2432 1218 2501 nobie

89 2538 308 2624 personaliter
324 2539 510 2624 constituti3
549 2540 698 2626 prelatus
722 2538 837 2608 (lomes
861 2541 978 2608 Petrus
998 2540 1083 2609 dixit
1098 2547 1130 2609 et
1145 2559 1218 2620 con·

88 2646 198 2715 tessus
231 2652 300 2730 est,
333 2647 519 2732 porcionem
535 2667 628 2715 suam
654 2668 750 2731 quam
775 2646 874 2715 babet
898 2648 930 2714 in
956 2649 1076 2716 Pomau
1090 2652 1218 2716 eentum

88 2753 264 2839 sexaginta
298 2761 330 2820 ct
361 2760 501 2839 quatuor
526 2755 673 2838 iugerum
699 2753 984 2838 contingencium,
1024 2773 1096 2821 cum
1112 2753 1219 2820 teneto

89 2857 257 2946 uidelicet,
280 2863 375 2928 terris
391 2861 569 2952 arabilibus
585 2912 594 2946 ‚
619 2861 745 2930 duabus
760 2859 876 2948 uineis,
896 2867 928 2928 et
947 2879 1013 2926 uno
1029 2861 1100 2928 loco
1117 2859 1219 2939 vinee,

88 2988 129 3033 ac
153 2966 306 3036 omnibus
334 2968 410 3053 alijs
435 2967 647 3056 pertinenciJ‘s
672 2975 705 3036 et
729 2965 916 3052 attinencijs
936 2966 1038 3052 ipsius
1054 2965 1218 3052 porcionis

89 3075 275 3162 uniuersis,
297 3075 358 3144 sub
384 3077 508 3144 eisdem
536 3075 652 3163 metis,
677 3076 780 3160 siguis
801 3081 834 3142 et
848 3073 1008 3160 terminis,
1033 3073 1148 3156 quibus
1164 3072 1218 3138 ba·

89 3189 207 3252 olenus
238 3181 324 3252 idem
350 3183 464 3252 Comes
488 3185 603 3252 Petrus
627 3182 741 3250 habuit
756 3189 789 3249 et
803 3180 959 3269 possedit
982 3179 1169 3247 vendidisse
1186 3185 1219 3245 et

89 3289 266 3360 tradidisse
282 3291 378 3360 dictis
393 3292 557 3360 sororibus
583 3301 616 3360 et
636 3292 783 3360 Ecclesie
799 3293 919 3359 Sancte
934 3291 1036 3358 blarie
1052 3287 1094 3356 dc
1108 3284 1219 3354 insula

88 3417 150 3484 pro
165 3399 282 3482 viginti
299 3399 417 3466 marcis
437 3397 493 3466 fini
509 3398 638 3483 argenti
657 3405 813 3484 perpetuo
830 3405 862 3466 et
878 3395 1132 3467 irreuocabilitcr
1146 3412 1219 3478 pos-

89 3504 283 3592 sidendam;
323 3505 485 3594 Tyburcio
516 3505 617 3574 fratrs
645 3504 789 3574 eiusdem
818 3505 953 3574 comitis
978 3502 1087 3588 Petri,
1128 3499 1220 3568 Iwan

89 3611 158 3681 lilio
174 3615 293 3703 Kcnea,
317 3621 350 3682 et
365 3613 542 3682 Benedicto
558 3614 624 3684 filio
641 3609 774 3699 Thcmc,
801 3612 948 3699 cognatis
972 3611 1040 3678 suis
1066 3629 1219 3696 persona-

89 3720 170 3790 liter
186 3721 380 3809 astautibus,
407 3728 438 3790 ct
463 3720 646 3790 huiusmodi
661 3719 846 3790 condicioni
861 3727 894 3788 et
911 3717 1072 3804 empcioni
1088 3737 1220 3785 consen-

89 3847 165 3896 sum
181 3829 392 3914 prebentibus
417 3834 451 3898 ct
476 3847 667 3913 assensum
691 3825 869 3912 obligando
889 3845 925 3894 se
943 3828 976 3893 ct
990 3843 1068 3892 suos
1082 3820 1219 3890 heredes

89 3936 181 4002 idem
198 3935 312 4005 (lomes
327 3938 454 4023 Petrus,
479 3935 686 4025 expedituros
706 3935 813 4004 dictas
831 3951 958 4004 sorores
974 3932 1016 4000 ab
1033 3929 1130 4016 omni,
1154 3949 1218 4013 que

89 4042 222 4112 racione
238 4041 325 4112 dicte
340 4044 502 4131 porcionis
526 4061 682 4132 processu
706 4041 859 4129 temporis
875 4040 1000 4108 moneri
1016 4037 1219 4122 contingeret

89 4151 264 4237 questione
294 4151 362 4220 suis
388 4151 528 4239 proprijs
552 4152 720 4222 laboribus
750 4156 783 4219 et
813 4148 977 4234 expensis.
1001 4147 1040 4215 In
1064 4144 1156 4213 cuius
1171 4145 1218 4212 rei

91 4259 281 4326 memoriam
298 4265 554 4344 perpetuamque
566 4259 750 4328 firmitatem
776 4261 942 4346 presentes
960 4255 1005 4323 ad
1024 4252 1219 4322 instanciam

90 4366 200 4452 partis
230 4367 396 4452 utriusque
422 4368 637 4436 concessimus
663 4369 790 4434 litteras
804 4365 906 4448 sigilli
921 4363 1023 4432 nostri
1040 4361 1219 4429 munimine
1249 4359 1254 4370 '

90 4475 274 4542 roboratas.
316 4476 437 4542 Datum
469 4495 528 4562 per
558 4493 678 4544 manus
702 4471 852 4558 Magistri
881 4470 1043 4559 Ambrosij
1075 4465 1221 4535 Laetoria

90 4576 258 4648 Budcuais
274 4600 359 4650 anno
377 4581 508 4650 Domini
523 4581 569 4650 m
585 4579 650 4650 00⁰
666 4580 770 4650 LXX⁰
784 4597 881 4650 nono.
900 4576 1058 4662 Magistro
1068 4573 1222 4642 debanna
