3140 5150
807 387 968 500 *pro-

322 601 465 666 nostram
483 597 704 684 approbantes
730 600 764 662 ct
788 595 986 665 ratificantes
1010 593 1115 665 nostri
1130 592 1296 682 priuilegij
1314 589 1454 681 patroci-

322 709 377 774 nic
408 707 588 774 laceremus
622 704 813 774 euidenoius
838 703 986 773 solidari.
1020 705 1089 773 Nos
1119 703 1301 792 siquidem,
1324 705 1382 791 qui
1413 725 1456 774 eu

322 815 464 901 suseepti
479 811 648 896 regiminis
665 812 768 881 nostri
786 811 892 882 officio
918 812 1134 900 peticionibus
1159 811 1302 881 fidelium
1329 820 1454 882 nostro·

322 943 394 991 rum
410 923 505 990 nobis
521 919 667 1006 legitime
693 919 851 1008 porrectis
876 927 1024 990 tenemur
1048 941 1215 991 occurrere
1234 940 1292 1008 pro
1308 921 1456 990 remedio

323 1037 355 1099 et
370 1031 503 1116 fauore3
529 1027 775 1098 considerantes
791 1027 965 1097 fidelitates
981 1036 1013 1096 et
1029 1029 1193 1097 meritoria
1211 1029 1351 1097 seruicia
1366 1031 1453 1098 eiua·

322 1139 396 1208 dem
412 1137 560 1224 Magistri
576 1136 711 1226 iacobi,
736 1157 799 1221 que
814 1135 903 1206 idem
919 1137 953 1206 iu
969 1135 1204 1224 multiplicibus
1228 1137 1334 1223 Regni
1349 1137 1455 1206 nostri

285 1306 288 1312 ,
323 1245 588 1333 expedicionibus
600 1295 610 1332 ,
634 1244 795 1313 laudabili
820 1244 931 1314 studio
951 1244 1122 1330 xeucreuit3
1146 1251 1179 1313 et
1198 1245 1388 1331 specialiter
1402 1265 1455 1312 re·

323 1353 486 1442 nolentes,
525 1351 611 1438 quod
643 1371 716 1419 cum
747 1371 808 1421 nos
839 1371 911 1420 cum
943 1351 1037 1420 totali
1063 1351 1147 1420 mole
1163 1352 1324 1420 exercitus
1347 1355 1454 1422 nostri

323 1468 437 1530 eontra
452 1460 609 1530 insultum
634 1459 736 1546 Regia
760 1457 917 1529 Bobcmie
943 1457 1154 1544 eiusdemque
1175 1459 1336 1530 exercitus
1367 1461 1454 1530 fero-

322 1591 392 1638 cem
407 1569 495 1656 apud
511 1575 653 1637 castrum
669 1569 830 1658 Marbaylu
846 1576 952 1639 castra
970 1567 1082 1638 metati
1097 1565 1292 1656 fuissemus,
1316 1575 1349 1636 et
1364 1569 1454 1637 idem

322 1680 393 1746 Rex
408 1676 561 1746 bohemie
576 1675 736 1761 quosdam
763 1675 804 1746 de
828 1678 897 1747 suis
913 1677 1138 1763 eleganciores
1162 1677 1322 1746 militibus
1339 1685 1456 1745 contra

322 1791 451 1853 nostros
476 1783 688 1886 dimicaturos
713 1783 905 1870 direxisset3
934 1781 1101 1870 prediatus
1126 1784 1284 1870 Magister
1307 1785 1456 1854 lacobus

323 1913 395 1960 cum
412 1891 525 1960 codem
540 1890 667 1960 Thone
682 1892 774 1960 Beuo
790 1890 921 1960 domino
937 1912 995 1960 suo
1012 1901 1090 1960 ante
1106 1892 1201 1980 alios,
1226 1899 1262 1959 ut
1285 1893 1338 1960 lec
1354 1895 1456 1962 intre·

322 2000 439 2086 pidue,
463 2021 554 2069 arma
570 2001 700 2088 rapuit,
725 2007 759 2068 et
784 1999 818 2068 iu
835 2020 891 2070 eos
906 1999 1000 2068 irruit
1024 1999 1158 2070 miriliee
1181 1997 1373 2087 prebendo,
1399 2001 1455 2068 vbi

325 2108 464 2176 aduerse
484 2109 589 2195 partis
614 2108 703 2176 uiros
718 2107 894 2193 belligeros
910 2109 944 2176 in
960 2107 1074 2192 lugam
1092 2113 1306 2193 conuertens,
1332 2107 1376 2175 ad
1393 2131 1456 2178 nos

322 2237 394 2284 com
411 2215 573 2303 triumpho
598 2216 703 2284 nobili
735 2224 785 2284 est
801 2235 961 2285 reuersus.
994 2215 1081 2284 Saue
1100 2215 1205 2284 eciam
1220 2235 1292 2283 oum
1308 2224 1457 2285 anstrum

323 2331 469 2393 nostrum
484 2323 658 2394 lauriense
675 2344 734 2411 per
749 2324 825 2394 lidei
844 2324 1034 2393 temerarios
1059 2322 1237 2392 uiolatcres
1258 2333 1393 2412 captum
1409 2327 1455 2393 in-

321 2430 551 2520 oppinabilitcr
567 2451 625 2501 scu
643 2431 908 2519 prodicioualiter
924 2431 1103 2518 extitisset3
1127 2430 1274 2519 prelatus
1298 2433 1456 2518 Magister

321 2539 462 2607 lacobus
478 2539 563 2606 inter
579 2543 705 2608 ceteros
729 2539 836 2626 Regni
860 2538 965 2608 nostri
985 2537 1114 2606 nobiles
1139 2537 1334 2606 icruenciori
1350 2539 1456 2606 fideli-

321 2647 400 2714 tatis
415 2643 578 2714 desiderio
599 2665 759 2715 annexus
786 2665 827 2714 ca
851 2647 962 2733 euimij
989 2645 1118 2734 seruicij
1144 2665 1246 2732 opera
1260 2648 1322 2714 sub
1338 2645 1456 2714 eodem

323 2752 484 2840 impendit
499 2759 628 2840 caeno,
652 2773 716 2842 que
731 2753 870 2842 posteris
895 2751 974 2821 duta
998 2753 1121 2822 suntin
1137 2752 1327 2823 memoriam
1344 2752 1456 2821 effica-

324 2880 403 2932 eem.
428 2861 625 2932 Peticiouem
650 2863 762 2948 itaque
776 2861 881 2948 ipsius
904 2861 1054 2947 Magistri
1078 2861 1195 2932 iacobi
1222 2861 1316 2930 nobis
1342 2881 1457 2947 porre-

321 2977 406 3038 ctam
437 2971 470 3038 in
496 2970 559 3039 bac
574 2976 670 3057 parte
688 2969 861 3038 annuimus
876 2977 910 3040 et
924 2969 1134 3055 admisimus,
1156 2977 1194 3036 ut
1218 2969 1373 3056 regaliter
1405 2969 1458 3037 sie

318 3075 478 3163 libenter,
502 3079 652 3146 uolentes
683 3084 717 3146 et
745 3075 981 3167 concedentes,
1004 3076 1092 3164 quod
1115 3096 1137 3144 a
1161 3076 1259 3146 modo
1284 3085 1352 3144 tam
1368 3075 1459 3164 ipse,

320 3205 419 3270 quam
436 3205 494 3270 per
509 3203 583 3254 eum
607 3187 659 3254 sui
683 3185 820 3256 beredes
845 3184 1063 3272 heredumque
1087 3205 1217 3254 suorum
1245 3205 1462 3254 successores

320 3295 355 3360 in
370 3291 534 3382 corporali
550 3296 760 3380 possessione
775 3291 903 3381 prolate
918 3299 1002 3362 terre
1020 3292 1171 3379 Tholuoy
1186 3299 1303 3362 uocate
1316 3310 1377 3377 per
1393 3312 1462 3361 nce

321 3401 385 3469 sibi
400 3401 480 3470 date
496 3401 717 3486 sollempniter
731 3407 764 3470 et
778 3421 949 3488 concesse,
974 3407 1129 3488 perpetuo
1155 3399 1323 3486 gaudeant
1339 3404 1372 3468 et
1389 3399 1465 3467 tru-

321 3515 436 3594 antur3
460 3523 522 3576 nec
537 3508 605 3576 ullo
622 3528 763 3594 uuquam
780 3516 923 3597 tempore
938 3508 1124 3577 huiusmodi
1140 3515 1253 3578 nostre
1268 3507 1467 3576 concessio-

321 3615 373 3684 nie
388 3615 488 3684 series
503 3616 538 3684 in
553 3616 681 3684 irritum
705 3616 818 3686 ualeat
843 3617 1002 3687 reuocari.
1025 3617 1063 3684 Iu
1080 3617 1170 3683 cuius
1194 3615 1243 3684 rei
1262 3613 1469 3683 memoriam

321 3723 571 3809 firmitatemque
585 3730 775 3811 perpetuam
791 3731 957 3810 presentes
976 3723 1194 3794 eoncessimde
1208 3725 1338 3792 litteras
1354 3740 1473 3809 appo-

319 3831 443 3900 sioioue
459 3829 600 3916 duplicis
615 3831 717 3918 sigilli
733 3831 835 3900 nostri
844 3831 1076 3900 inuiolabiliter
1085 3829 1312 3902 communitas.
1330 3829 1473 3899 Datum

318 3956 379 4023 per
393 3944 510 4006 manue
527 3938 724 4006 venerabilis
740 3939 803 4006 riri
819 3938 967 4024 Magistri
984 3938 1154 4010 Benedicti
1184 3939 1307 4008 Sancte
1322 3936 1471 4023 Strigo-

317 4043 442 4114 niensis
456 4044 603 4114 Ecclesia
625 4047 730 4114 Electi
752 4047 963 4134 perpetuique
980 4047 1111 4116 Comitis
1127 4047 1192 4115 loci
1206 4043 1364 4130 eiusdem,
1382 4047 1464 4116 Bu·

318 4149 431 4220 densis
446 4151 595 4221 Ecclesia
610 4153 770 4240 Prepositi
786 4162 820 4223 ct
835 4155 910 4223 aule
926 4160 1035 4224 nostre
1050 4153 1319 4238 vicecancellarii
1337 4152 1477 4226 dilecti

317 4266 350 4324 et
360 4257 465 4330 tidelia
475 4263 589 4347 nostri,
600 4281 686 4328 enno
697 4259 868 4330 Dominice
876 4259 1338 4332 lucernacionisM⁰GO⁰LXX⁰
1346 4271 1479 4356 sexto,
1549 4349 1552 4353 ι

317 4363 390 4433 XV.
413 4365 577 4437 kalendas
600 4367 809 4455 Septembris,
835 4369 939 4456 Regni
964 4376 1074 4438 autem
1093 4369 1198 4437 nostri
1214 4389 1301 4437 anno
1325 4380 1484 4454 quarto.

317 4510 455 4576 (Mredetle
467 4509 644 4582 bdrhirtydm
664 4513 779 4581 melyrbl
793 4530 811 4566 e
823 4511 915 4584 ento
926 4516 1017 4569 kettlis
1030 4511 1152 4583 peesdtje
1170 4513 1325 4569 verca-acte
1338 4515 1484 4582 selyman-

495 4601 622 4656 aeindren
641 4605 718 4672 ittgg,
738 4619 756 4656 a
771 4605 855 4658 budai
868 4605 922 4658 kir.
936 4607 1062 4659 inmersi
1076 4602 1271 4671 leudltlrban.)
