3124 5158
730 299 887 400 pre-

358 492 394 558 B.
420 495 483 562 Dei
508 496 619 580 grania
640 495 710 560 Rex
725 495 893 581 Hungarie
907 496 968 564 stb.
992 493 1202 581 (kuvotkezik
1215 497 1271 564 IV.
1288 497 1371 565 Bela

251 601 429 688 kirtlynair
450 602 587 672 1264-ki
604 601 834 688 saabadalma,
863 603 945 670 mint
971 603 1251 694 gyujtemenyunk
1269 605 1370 691 vm„

252 710 367 798 vagyis
382 731 404 776 a
418 709 567 778 mtsodik
584 709 705 797 folyam
721 709 780 778 ΙΙΙ.
796 711 969 779 kotetebon
986 714 1038 780 93.
1054 707 1091 798 l.)

358 817 427 885 Nos
442 818 553 901 itaque
568 817 716 904 preoibns
743 823 775 885 et
789 818 1005 905 peticionibus
1019 817 1234 906 prediotarnm
1250 819 1371 886 monia

252 927 332 993 lium
360 924 582 992 fauorabiliter
611 925 760 992 inelinati
796 925 1027 1010 querimoniam
1062 927 1236 994 earundem
1270 928 1370 1010 Regio

252 1032 443 1101 admisimus
458 1053 529 1100 oum
545 1031 664 1118 fanore,
680 1039 713 1100 et
728 1032 892 1120 predictas
907 1039 1059 1122 patentes
1076 1037 1204 1103 litteras
1220 1034 1262 1102 de
1271 1035 1371 1101 uerbo

256 1143 299 1211 ad
314 1144 446 1210 uerbum
461 1142 663 1229 presentibus
680 1143 819 1210 insertas
835 1144 1013 1230 patrooinio
1030 1151 1062 1212 et
1076 1143 1253 1212 munimine
1261 1151 1373 1232 paten-

182 1237 183 1248 ¹
255 1249 340 1317 oium
370 1249 548 1318 litterarum
578 1255 762 1316 nostrarum
789 1252 938 1320 duximus
970 1251 1214 1318 eoniirmandas.
1253 1253 1374 1318 Datum

255 1358 345 1425 Bnde
369 1359 403 1424 in
428 1357 598 1426 Dominioa
623 1359 739 1426 Letare
764 1381 848 1430 anno
874 1359 1006 1426 Domini
1025 1361 1069 1426 Μ0
1085 1359 1150 1426 00⁰
1165 1360 1373 1444 octogesimo.

256 1537 391 1606 (Eredetie
403 1535 574 1610 bbrhertyrin,
611 1540 738 1610 melynek
758 1539 882 1607 ponstejo
905 1541 1044 1606 elnensem,
1062 1555 1080 1592 a
1092 1525 1176 1594 budai
1188 1541 1240 1593 kir.
1254 1541 1377 1594 kamerai

725 1628 912 1699 lerelttrban.)

784 2259 860 2328 les.

260 2462 323 2528 IV.
356 2463 468 2528 Ldszio
498 2461 673 2548 kirdlyoak
702 2461 853 2526 Doboueb
875 2459 983 2547 fo'ldet
1013 2463 1169 2548 tdrpyaaci
1197 2462 1383 2548 admednya

384 2566 473 2636 Oualo
493 2570 719 2656 nemaeteepbelo'
737 2570 886 2634 Petamne
895 2570 963 2652 fiai
976 2575 1134 2636 ammom.
1159 2571 1257 2638 1280.

369 2765 602 2834 Donationaies
626 2765 724 2850 Regis
748 2765 894 2832 Ladislai
912 2766 966 2832 IV.
990 2785 1088 2852 super
1111 2773 1200 2833 terra
1222 2767 1386 2836 Doboneh

262 2875 475 2944 incomitata
500 2875 670 2958 Posegano
695 2894 753 2958 per
778 2873 939 2942 defectum
965 2873 1054 2941 Obeh
1079 2873 1136 2960 filij
1162 2876 1302 2964 Pooina,
1326 2877 1387 2960 qui

263 2985 399 3053 eandem
416 3003 437 3049 a
452 2985 557 3050 Maria
572 2983 698 3068 Regina
715 2983 748 3049 in
765 2982 986 3050 eoneambium
1005 2985 1102 3050 oastri
1118 2989 1151 3051 et
1165 2985 1386 3070 possessionis

264 3093 371 3161 Labor
386 3093 630 3177 impetraverat,
656 3092 741 3158 silva
761 3093 841 3182 item·
853 3091 1056 3158 Zawaberire
1065 3142 1075 3178 ‚
1100 3097 1132 3158 et
1147 3093 1220 3159 aliis
1237 3092 1386 3161 eiusdem

264 3201 511 3288 appertinentiis
536 3223 595 3287 pro
620 3199 776 3284 Nioolao,
800 3201 963 3286 Stephano
990 3207 1023 3266 et
1039 3201 1135 3268 Petro
1152 3200 1230 3268 filiis
1245 3201 1387 3268 condam

264 3309 425 3377 Dominioi
440 3308 501 3376 tilii
516 3307 603 3375 Petri
619 3308 660 3374 de
675 3327 793 3391 genere
809 3304 912 3392 chub,
939 3310 1145 3393 ipsorumque
1160 3308 1334 3376 heredibus
1351 3315 1387 3374 et

264 3417 417 3486 heredum
434 3416 689 3504 suecessoribus,
708 3435 780 3481 oum
795 3415 972 3484 insertione
987 3423 1146 3484 metarum
1162 3417 1223 3484 sub
1239 3416 1387 3502 duppliei

265 3526 375 3612 sigillo
387 3525 552 3609 elargitae.
577 3527 644 3592 Sub
664 3523 858 3592 autbentioa.
1061 3513 1075 3536 ‘

155 3779 157 3786 Ι
267 3709 302 3777 (Δ
315 3709 396 3761 budai
415 3709 466 3759 lrir.
489 3707 612 3760 kamarai
634 3702 747 3759 lereltar
768 3704 1072 3771 lejstromkonyvoibuh
1092 3721 1124 3758 aa
1145 3703 1262 3772 okmsny
1284 3704 1389 3756 eredeti

603 3795 739 3864 pbldanya
763 3793 905 3863 zagrebbo
916 3793 1044 3861 vitatott.)
