3080 5160
341 1179 362 1250 Ι
369 1181 405 1248 V.
431 1178 545 1248 Lcszlc
569 1171 745 1258 kirdlpnulc
770 1169 903 1246 Zabees,
927 1163 1081 1250 Adcrja'o
1106 1163 1216 1240 fidedic
1241 1174 1342 1231 dsszes
1352 1164 1452 1250 jacuit

343 1288 501 1378 tdrpyaad
516 1285 702 1367 ado-mdoya
723 1277 838 1346 Parracis
855 1277 947 1340 vdczr'
956 1273 1083 1362 pdspb'k
1099 1275 1130 1340 ds
1146 1276 1291 1342 tealee'rei
1304 1275 1452 1342 szdmcira.

857 1379 954 1451 1283.

450 1607 625 1694 Ladialaus
656 1603 718 1672 Dei
749 1603 861 1688 gracia
892 1597 1073 1686 Hungaric,
1105 1597 1285 1684 Dalmacie,
1320 1599 1478 1688 croceio„

346 1723 457 1807 Reme,
481 1716 604 1798 Seruie,
639 1711 784 1796 Gallicie,
817 1709 1019 1795 Lodomerie,
1046 1705 1211 1793 Cumanis,
1245 1709 1455 1792 Bulgarieqne

348 1831 416 1895 Rex
441 1827 587 1893 omnibus
611 1820 730 1890 Christi
757 1816 906 1886 fidelibus
933 1823 998 1884 tarn
1014 1817 1217 1903 presentibus
1235 1837 1333 1900 qnam
1350 1815 1455 1882 suturis

348 1942 529 2020 presentem
547 1930 701 2019 paginam
717 1925 911 2014 inspecturis
927 1925 1064 1992 salntem
1081 1925 1114 1991 in
1131 1923 1272 1991 omnium
1288 1925 1453 1991 saluatore.

348 2042 448 2128 llcgie
464 2039 680 2109 Sublimitatis
697 2035 836 2122 exquirit
852 2033 1004 2122 officinm,
1030 2033 1075 2100 ibi
1094 2035 1208 2100 molem
1234 2032 1389 2119 inponere
1403 2033 1455 2098 lar·

348 2151 485 2238 gieionis
510 2157 542 2218 et
567 2148 684 2236 gracie,
711 2145 765 2213 vbi
785 2143 950 2212 fidelitatis
966 2142 1084 2211 eximie
1099 2143 1255 2211 exuberat
1271 2143 1414 2210 meritum
1429 2149 1453 2207 et

350 2260 505 2348 procedit.
522 2257 663 2326 Proinde
679 2255 723 2325 ad
738 2254 963 2323 uniuersorum
978 2251 1130 2320 noticiam
1146 2251 1260 2318 barum
1275 2251 1362 2321 serie
1379 2249 1453 2318 nolu·

352 2391 422 2437 nnus
438 2366 628 2456 peruenire:
646 2361 734 2450 quod
751 2383 821 2431 cunr
836 2361 963 2428 Zabens
987 2359 1073 2429 filins
1097 2359 1236 2428 Adriani
1266 2361 1309 2428 de
1325 2358 1458 2445 partibus

353 2476 526 2545 Solanonie
541 2473 625 2541 inter
641 2472 796 2540 intestina
815 2469 918 2556 prelia
928 2475 961 2537 et
969 2467 1078 2537 hostes
1088 2476 1258 2555 congestos
1268 2473 1459 2552 nocumenta,

354 2583 515 2653 maleficia
530 2589 562 2649 et
577 2581 682 2669 spolia
697 2579 838 2667 plurima
864 2575 1084 2665 commisisset,
1110 2585 1146 2645 ut
1170 2577 1262 2663 quasi
1279 2577 1461 2664 promiscuo·

354 2713 424 2760 rum
449 2690 677 2758 maleficiorum
702 2685 908 2776 perpetracio
923 2685 1006 2752 inter
1022 2685 1104 2753 alios
1120 2686 1250 2752 malicie
1265 2674 1392 2753 actores
1407 2682 1460 2751 sibi

354 2807 495 2885 nequeat
518 2797 705 2888 specialiter
726 2795 891 2882 inputari3
918 2795 951 2861 in
977 2795 1265 2880 exaggeracionem
1283 2795 1386 2861 eciam
1410 2811 1460 2860 sue

355 2888 535 2993 iniquitatis
561 2913 593 2974 et
618 2903 777 2990 nequicie,
803 2911 910 2990 preter
934 2901 1090 2970 indictum
1114 2909 1300 2990 preceptum
1326 2901 1462 2985 Regium,

354 3037 428 3105 ymo
443 3016 555 3104 pocius
572 3019 684 3081 contra
700 3011 839 3080 edictum
855 3010 1193 3099 peniteretindictum
1205 3010 1250 3079 ad
1260 3009 1460 3080 obsidendum

358 3133 391 3193 et
406 3121 656 3212 expugnandum
681 3139 721 3188 ac
745 3119 953 3207 optinendum
968 3126 1108 3188 castrum
1125 3119 1257 3190 Comitis
1273 3119 1423 3188 Germani
1438 3125 1465 3185 et

357 3233 492 3301 fratrum
509 3249 637 3299 suorum
654 3227 796 3296 fidelium
811 3235 1002 3315 nostrorum,
1023 3248 1081 3297 snc
1097 3235 1185 3296 motu
1201 3229 1332 3316 proprio
1348 3228 1463 3296 eleuata

357 3340 527 3410 temerarie
543 3337 673 3424 uexillo,
690 3343 756 3404 tam
771 3337 990 3405 inhumaniter
1015 3357 1112 3423 quam
1131 3337 1304 3404 infideliter
1320 3357 1390 3405 cnm
1405 3335 1464 3402 snis

361 3447 569 3536 complicibus
586 3445 648 3516 sibi
664 3442 817 3514 adunatis
833 3445 866 3512 in
883 3445 1006 3514 scelere
1031 3445 1253 3532 processisset,
1268 3446 1380 3534 ibique
1393 3447 1466 3513 inter

358 3565 524 3627 consertos
548 3563 580 3625 et
604 3554 852 3624 defendencinm
878 3575 993 3625 manus
1018 3575 1077 3624 sne
1101 3555 1354 3644 perniciositatis
1369 3555 1466 3640 noxijs

362 3666 537 3752 obligatus,
561 3663 644 3731 sicut
668 3665 794 3750 meruit,
820 3661 926 3732 fuerat
951 3663 1195 3753 interhemptus,
1224 3664 1313 3734 nullo
1334 3665 1368 3732 in
1384 3665 1468 3731 rebus

360 3775 511 3842 humanis
534 3771 688 3842 heredum
714 3773 836 3850 solacio
865 3773 1009 3860 legitime
1025 3771 1186 3860 derelicto,
1203 3775 1316 3860 sicque
1331 3773 1468 3842 omnibns

360 3882 453 3952 bonis
471 3883 552 3971 eius,
567 3881 825 3970 possessionibus
841 3883 876 3950 in
890 3883 986 3952 rebus
1002 3883 1203 3952 monentibus
1219 3881 1309 3972 (lgy)
1324 3889 1356 3950 et
1371 3901 1468 3952 semo

362 3988 523 4074 uentibus,
538 3990 642 4058 seruis
656 3988 811 4058 videlicet
821 3997 853 4058 et
862 3989 1002 4078 ancillis,
1012 3991 1274 4078 possessionibus
1283 3991 1470 4077 prediomm,

361 4097 635 4184 bereditariarnm,
660 4098 890 4186 empticiarum,
914 4099 1154 4184 acquisitarum,
1179 4119 1236 4168 sen
1252 4099 1400 4184 quolibet
1414 4097 1470 4165 alio

362 4205 456 4274 titulo
471 4204 514 4273 ad
528 4227 601 4276 eum
616 4207 861 4294 pertinencium,
887 4207 928 4276 de
944 4207 1013 4276 iure
1028 4214 1060 4277 et
1075 4229 1115 4279 ex
1130 4207 1231 4293 Regni
1251 4209 1471 4278 consuetudine

363 4316 544 4401 approbata
567 4312 611 4381 ad
635 4335 749 4386 manus
775 4325 904 4386 nostras
929 4318 1049 4406 Regias
1065 4317 1292 4388 uniuersaliter
1308 4317 1472 4400 deuolutis,

362 4429 613 4493 noscensentes
638 4443 680 4491 ex
704 4423 824 4515 animo,
849 4425 932 4495 sicut
957 4427 1050 4496 decet
1074 4435 1106 4497 et
1122 4428 1264 4517 expedit,
1282 4427 1360 4511 qnid
1377 4429 1472 4494 deme·

364 4537 473 4597 reatus
497 4529 700 4600 infidelitatis
725 4534 889 4621 socordia,
916 4536 1035 4621 quidne
1059 4539 1232 4626 perspicua
1255 4539 1397 4608 fidelitas
1420 4555 1473 4604 me·

363 4643 490 4704 ceatur:
514 4638 683 4707 uniuersus
707 4643 928 4728 possessiones
953 4643 1032 4712 dicti
1058 4645 1168 4734 Zubey
1198 4649 1322 4734 absque
1348 4645 1472 4716 benedis
