3146 5166
795 259 954 358 *us-cu—

311 459 547 546 proteociouem
563 455 758 543 specialem
776 455 865 539 ipsos
881 455 924 519 ab
939 453 1089 520 omuibus
1105 451 1250 520 indebite
1264 455 1426 520 molestare

310 567 495 636 uolentibus
511 566 703 648 auctoritate
719 569 834 632 nostre
849 562 1063 649 defensando,
1081 568 1114 628 et
1128 560 1215 628 sieut
1229 561 1273 628 de
1287 562 1426 629 omnibns

307 671 567 764 possessionibus
583 670 729 740 lleclerie
744 671 891 757 predicte
906 671 965 738 tibi
981 667 1189 736 conterminis
1200 687 1313 734 curum
1336 687 1420 734 ussu-
1514 669 1515 672 ’

308 803 380 851 mas
396 779 573 850 efficacem.
590 781 708 848 Datum
727 781 762 847 in
776 779 891 846 Rukus
906 778 939 846 iu
956 777 1040 846 leuto
1056 777 1158 844 Beate
1173 777 1357 861 margarete
1372 775 1426 841 rir-

368 911 405 958 1.

311 911 367 977 ειη
380 909 428 1064 sK
438 997 450 1062 i
459 1005 511 1065 vil
522 996 535 1062 l
547 1021 555 1063 ε
565 995 713 1065 Waltero
725 993 842 1063 Comiti
852 993 988 1063 (lamere
1006 1013 1064 1062 sue
1075 999 1107 1060 et
1118 991 1236 1060 comiti
1247 989 1288 1058 de
1298 991 1425 1058 Komar.

308 1211 447 1278 (Eredetie
460 1209 634 1282 biirhlrtytu,
648 1226 666 1262 e
692 1208 831 1279 stirpecstt
843 1225 976 1276 megvun3
1001 1223 1019 1260 s
1041 1209 1125 1262 budui
1138 1209 1189 1259 lrlr.
1204 1209 1328 1262 knmnrei
1355 1207 1430 1260 levtl-

811 1295 932 1364 turben.)

762 1573 979 1584 ........-.-.--

831 2013 908 2082 402.

303 2215 364 2282 IV.
382 2215 497 2281 Musici
510 2215 620 2301 leircily
636 2217 816 2298 uwueurlstti
841 2214 998 2280 Bertalau
1014 2213 1171 2280 coucesuelc
1201 2213 1327 2279 Chulcul
1350 2221 1429 2277 uouit

302 2322 350 2386 ket
366 2321 463 2407 ferlot
479 2323 635 2408 tdrqyuzo
650 2322 861 2408 adomauycit,
880 2324 960 2408 'ceje
978 2321 1034 2388 Ost
1066 2325 1222 2388 secuturo.
1239 2299 1288 2387 liv
1306 2322 1423 2386 ue'lltttl.

409 2517 478 2585 Nos
494 2513 670 2585 Ludiuluus
686 2517 747 2586 Dei
779 2517 895 2603 grecie
920 2517 991 2598 Rex
1016 2517 1182 2602 Hungarie
1210 2517 1430 2604 significemus

302 2623 463 2693 uniuersis
488 2625 642 2693 memorie
667 2626 943 2712 commendantes,
967 2625 1055 2710 quod
1080 2626 1157 2710 quio
1181 2647 1240 2712 per
1265 2626 1425 2695 ueridicuu

300 2731 481 2802 relaciones
497 2733 659 2801 Beronum
675 2739 708 2801 ct
723 2733 890 2802 Nobilium
905 2731 1010 2817 Regni
1023 2735 1127 2802 nostri
1158 2735 1305 2802 constitit
1323 2737 1424 2821 nobis,

303 2839 388 2924 quod
404 2842 521 2909 Comes
536 2841 785 2913 Bartholomeus
799 2843 949 2926 Latinus,
965 2840 1069 2910 tidelis
1085 2849 1204 2928 noster,
1237 2840 1320 2910 duas
1337 2842 1432 2912 uillus

300 2967 379 3016 suas
394 2948 610 3018 hereditarius
626 2948 734 3018 Keeth
751 2947 878 3018 chalet
893 2956 1028 3018 uocatus
1043 2950 1077 3016 in
1093 2949 1256 3017 (lumitate
1271 2949 1428 3036 Suprnnl·

303 3056 374 3124 eusi
389 3055 482 3124 iuxta
498 3055 633 3125 fluuium
650 3057 783 3128 Rebohe
800 3060 892 3145 situs,
909 3079 980 3124 cnm
1000 3057 1147 3124 omnibus
1158 3057 1365 3142 molendinis,
1381 3057 1432 3124 sil-

300 3163 527 3249 uis,·ienilibus
544 3171 577 3232 et
592 3165 668 3251 alijs
685 3166 752 3234 suis
767 3163 989 3252 pertiueueijs,
1007 3164 1066 3234 Osl
1081 3165 1149 3231 filio
1166 3166 1237 3234 Osli
1261 3165 1351 3232 fideli
1378 3187 1431 3232 uo·

300 3276 377 3358 stro,
393 3289 514 3356 genero
530 3271 835 3360 suo,tunccontulit,
852 3271 1038 3341 cumeidem
1048 3272 1212 3340 domiuum
1231 3273 1333 3340 filium
1343 3292 1431 3340 suum

299 3377 581 3447 matrimonialiter
596 3379 763 3467 copuluuit
781 3381 932 3469 ;ecsdem
948 3400 1008 3449 nos
1024 3379 1065 3448 de
1077 3381 1191 3465 grecia
1204 3386 1317 3448 nostru
1331 3381 1430 3446 ctRe·

298 3485 353 3573 gio
384 3505 544 3555 consensu
584 3487 774 3573 reliquimus
791 3497 823 3556 et
848 3491 1067 3557 concessimus
1096 3489 1161 3575 ipsi
1188 3470 1247 3556 Osl
1272 3494 1426 3574 perpetuo

298 3595 524 3683 possidendas,
545 3596 754 3665 collacionem
770 3595 909 3684 predicti
925 3595 1059 3664 Comitis
1084 3595 1303 3663 Bartholomei
1319 3595 1354 3662 in
1369 3594 1429 3661 hec

298 3709 393 3792 parte
408 3702 854 3791 inuiolabiliterroborundo5
871 3705 1109 3792 promittentes,
1126 3709 1161 3772 ut
1176 3704 1259 3772 uisis
1275 3702 1427 3790 presenti·

225 3861 229 3868 ·
299 3813 360 3880 bus
376 3810 482 3879 eidem
502 3831 603 3896 super
628 3813 689 3880 hoo
712 3817 858 3882 nostrum
889 3813 1097 3898 priuilegium
1122 3812 1338 3880 libentissime
1360 3829 1430 3878 cou-

298 3917 447 3987 leremus.
472 3919 593 3988 Datum
609 3919 693 3989 Albe
708 3922 743 3988 iu
758 3922 841 3990 festo
857 3920 973 3989 Sancti
991 3920 1109 4006 Alexij.

300 4115 442 4182 (Eredetic
454 4115 630 4186 borhirtylu,
643 4119 771 4185 melynelr
784 4116 869 4171 hitln
882 4133 913 4170 un
933 4119 1110 4185 odenyomott
1128 4115 1230 4184 kirtlyi
1240 4117 1334 4185 pecstt
1346 4128 1430 4166 meru·

496 4204 567 4260 deiru
584 4224 709 4275 mouson,
723 4224 740 4261 u
753 4224 838 4261 nemu.
852 4223 977 4262 muscum
989 4204 1231 4273 kesiruttr'sribun.)

757 4495 971 4508 mm—
