3138 5164
847 911 923 982 sta.

322 1123 369 1190 Aa
387 1130 571 1213 euterparui
593 1128 753 1216 ketptalan
777 1128 992 1216 beleaqyeze'aa‘t
1024 1129 1273 1216 nyr'latkoztatja
1289 1129 1441 1194 Loulourc'r

321 1235 405 1299 treet
422 1235 672 1302 tnrezkedtsttzez
682 1285 692 1320 ,
719 1235 864 1321 mclylycl
894 1261 915 1300 a
940 1233 1064 1301 Vaucaa
1079 1237 1165 1300 esser
1195 1237 1279 1300 meat
1293 1237 1442 1321 alapitott

428 1342 512 1406 oltcir
528 1365 565 1406 az
581 1345 685 1407 ottauc'
701 1343 1003 1430 o'rtccuouotrsctpuoz
1019 1343 1222 1410 csutcltotett.
1243 1343 1338 1409 1286.

585 1557 614 1620 A
873 1559 900 1622 B
1160 1558 1186 1622 O

427 1731 596 1800 Vniuersis
612 1741 796 1820 presentem
819 1735 973 1820 paginam
1000 1733 1201 1802 intuentibus
1217 1733 1372 1817 Magister
1387 1735 1440 1800 Bc-

321 1839 469 1907 nedictus
485 1839 605 1907 Doetor
622 1843 832 1910 Decreterum
849 1842 1055 1926 Prepesitus,
1086 1848 1118 1906 ct
1134 1841 1321 1926 Capitulum
1337 1839 1441 1906 Eccle-

320 1949 369 2014 ric
384 1949 616 2036 strigoniensis
648 1952 787 2017 salutem
813 1952 847 2016 iu
863 1951 1000 2016 Domine
1026 1949 1264 2034 sempiternam.
1294 1948 1384 2014 Bone
1400 1951 1440 2015 roi

320 2053 398 2122 clare
415 2056 607 2142 consultum,
623 2064 655 2124 et
673 2059 726 2142 pio
742 2057 830 2143 operi
854 2055 1038 2142 subuenire,
1071 2063 1103 2122 ct
1118 2054 1277 2140 presentis
1293 2053 1360 2123 uite
1375 2057 1440 2122 sub·

320 2161 440 2230 sidium
459 2169 491 2229 et
508 2169 618 2231 eterne
634 2163 906 2231 remuneracionis
923 2162 1080 2248 premium
1101 2161 1247 2230 cernitur
1262 2169 1439 2246 expectare.

320 2270 505 2357 sapropter
521 2274 671 2342 uenerint
687 2271 839 2359 uniuersi,
866 2279 1031 2358 presentes
1047 2269 1171 2358 pariter
1186 2277 1219 2337 et
1232 2269 1342 2353 intnri,
1358 2269 1439 2354 quod

322 2379 519 2446 venerabilis
546 2387 639 2466 pater
664 2379 813 2448 dominns
839 2385 949 2448 nester
980 2379 1130 2447 dominus
1156 2376 1367 2445 Lodomerins
1382 2375 1439 2441 Dei

322 2485 436 2568 gracia
452 2485 686 2571 strigoniensis
702 2487 973 2574 Arcbiepiscopus
1005 2493 1036 2554 ct
1052 2485 1167 2554 (lomes
1184 2487 1363 2572 Perpetuus
1381 2483 1438 2551 loci

320 2591 474 2679 ciusdem,
491 2594 532 2661 de
548 2603 657 2664 nostro
674 2615 831 2664 consensu
841 2647 850 2682 ,
868 2593 1089 2680 beneplacito,
1107 2593 1242 2660 consilio
1260 2599 1291 2660 et
1307 2611 1439 2661 assensn

320 2700 507 2785 plebaniam
524 2703 639 2770 altaris
654 2691 773 2772 Sancte
790 2704 890 2771 Lucis
905 2701 1059 2786 virginis,
1076 2701 1110 2767 in
1135 2699 1313 2786 campanili
1338 2704 1439 2766 nostre

277 2809 282 2816 '
321 2809 457 2876 ecclesie
473 2811 654 2897 existentis,
672 2831 771 2896 quam
786 2809 863 2879 clim
889 2809 1039 2877 domiuus
1056 2808 1243 2894 Stephanus
1260 2807 1439 2875 Cardinalis

319 2914 499 3004 Episcopus
516 2919 734 2997 Prenestiuns‚
751 2927 828 2986 tunc
838 2917 993 3003 temporis
1010 2916 1160 2983 uidelicet
1174 2914 1440 3001 Arcbiepisccpna

318 3023 549 3109 strigoniensis
564 3029 617 3114 pie
633 3026 893 3112 recordacionis,
919 3045 977 3109 pro
994 3023 1165 3108 refrigerio
1184 3021 1293 3091 anime
1310 3021 1440 3090 (inmitis

320 3132 452 3222 Vrbazij
470 3135 575 3222 patris
591 3137 641 3204 sui
657 3134 799 3203 construi
824 3133 956 3218 fecerat,
972 3139 1005 3200 et
1022 3131 1195 3199 salubriter
1225 3130 1394 3198 ordinarat
1410 3129 1440 3194 in

317 3259 460 3325 persona
475 3241 609 3310 discreti
624 3243 686 3310 viri
703 3240 848 3308 Marcelli
864 3239 1014 3307 custodis
1024 3237 1173 3306 Ecclesic
1188 3243 1309 3325 nostre,
1335 3236 1440 3304 (iusto-

317 3348 370 3414 ‹lie
385 3346 600 3434 strigoniensi
616 3349 710 3416 duxit
725 3347 963 3415 annectendam
975 3344 1266 3428 irretractabiliter,
1282 3348 1315 3411 et
1329 3345 1362 3410 in
1372 3361 1436 3428 per·

318 3461 449 3540 potuum
467 3455 652 3543 uniendam,
676 3477 741 3523 vna
756 3475 829 3524 enm
849 3462 936 3523 terra
962 3453 1090 3522 Urlruta
1114 3459 1252 3538 uocata,
1271 3458 1303 3518 et
1319 3449 1439 3518 duabus

318 3563 435 3648 vineis,
453 3563 487 3630 iu
504 3583 596 3631 nsum
628 3561 880 3632 ministeriorum
911 3561 1056 3629 eiusdem
1079 3559 1192 3626 altaris
1209 3556 1373 3625 concessis
1387 3581 1395 3641 ς
1411 3554 1442 3619 iu

317 3669 382 3754 hijs
398 3679 430 3738 et
444 3669 478 3737 in
494 3671 571 3758 alijs
586 3670 673 3737 idem
688 3670 837 3738 domiuus
862 3675 971 3738 noster
986 3666 1195 3736 Lcdomerius
1218 3663 1441 3750 Arcbiepisco·

317 3797 377 3862 pua
393 3787 502 3847 nostre
518 3778 665 3847 Ecclesie
688 3778 888 3865 prospiciens
913 3776 1057 3846 meliora.
1089 3777 1219 3859 Nosque
1251 3773 1356 3860 ipsius
1393 3769 1444 3838 do·

316 3886 394 3953 mini
412 3885 592 3969 Lodomerij
609 3883 857 3972 Arebiepiseopi
883 3883 1098 3952 annexiouem
1114 3887 1147 3950 et
1165 3882 1318 3949 unionem
1335 3877 1440 3945 buius·

216 4041 219 4045 -
316 3991 405 4059 modi
421 3999 527 4061 ratam
541 3999 574 4057 et
588 3998 718 4076 gratam
732 3990 910 4074 babentes,
932 3998 964 4059 et
979 3991 1166 4058 conitentes
1181 3989 1236 4073 pie
1253 4005 1293 4054 ac
1309 3983 1442 4072 prouide

317 4117 390 4167 esse
404 4099 544 4187 tactam;
560 4101 602 4168 ob
617 4099 776 4168 maiorem
791 4097 1023 4169 certitudinem
1047 4105 1156 4166 nostre
1171 4093 1396 4165 beniuoleneie
1411 4097 1443 4159 et

316 4193 555 4293 ratificacionis,
572 4227 612 4275 ac
628 4206 881 4295 approbaeicnis
905 4206 1104 4292 insignum,
1135 4201 1341 4290 priuilegium
1358 4201 1442 4270 eins-

317 4313 391 4382 dem
407 4334 504 4402 snper
518 4312 580 4383 boe
603 4313 693 4384 iacto
725 4314 904 4384 coniectum
914 4364 924 4399 ‚
957 4313 1000 4381 ad
1016 4312 1193 4382 uberiorem
1225 4308 1388 4378 cautelam
1405 4307 1445 4372 de

317 4422 416 4489 uerbo
431 4422 475 4490 aci
505 4422 637 4492 uerbum
663 4423 697 4490 in
725 4430 869 4491 tenorem
899 4419 1104 4508 presencium
1130 4417 1236 4502 redigi
1266 4414 1401 4484 fecimus
1417 4420 1450 4480 et

318 4529 502 4598 transcribi.
519 4529 618 4597 (luins
634 4528 765 4616 quidem
783 4528 948 4616 priuilegij
965 4535 1058 4597 tenor
1074 4531 1126 4594 est
1142 4525 1237 4597 talis:
