3080 5160
537 375 696 473 —Q

63 570 165 654 alem,
191 565 311 634 nobilis
326 565 377 634 vir
392 565 508 632 (lomes
534 567 676 634 Thomas
699 565 786 634 tilius
814 564 987 649 Psngracij
1005 565 1046 630 de
1063 583 1182 647 genere

63 673 189 741 Cianad
213 673 359 740 exhibuit
383 672 477 740 nobis
501 673 725 758 priuilegiales
752 673 878 738 litteras
902 669 1053 754 Capituli
1071 671 1183 736 Wara-
1218 710 1222 720 «

63 783 176 850 diensis
199 800 308 867 snper,
324 779 527 846 dimidietate
551 767 662 846 tributi
687 777 729 845 de
748 777 909 856 Berthem
925 778 1013 860 quod
1036 779 1181 862 inportu

62 887 159 974 Crysij
178 887 267 972 exigi
283 886 459 972 consueuit,
475 887 566 955 cuius
582 886 695 954 tributi
711 884 868 953 medietas
882 885 1040 970 Magistro
1053 881 1181 952 Achoni

60 993 120 1060 filio
142 993 239 1059 Pauli
264 991 384 1060 dicitur
409 993 581 1080 pertinere,
607 992 799 1077 coniectos3
832 989 890 1059 sed
916 989 993 1074 quia
1016 989 1182 1074 quantitas

60 1101 156 1185 ipsius
172 1100 284 1167 mibuti
300 1100 334 1165 in
351 1099 474 1167 eisdem
489 1101 607 1167 litteris
622 1098 882 1185 priuilegialibus
897 1118 962 1165 non
977 1098 1179 1183 exprimeba-

60 1215 115 1288 tur,
131 1227 191 1275 nec
206 1207 300 1274 nobis
315 1205 506 1293 adplenum
523 1208 692 1274 constabat
707 1206 748 1273 de
763 1203 889 1293 eadem,
909 1187 1077 1274 vrituersos
1093 1204 1178 1270 nobi·

57 1316 102 1381 les
126 1315 167 1381 de
192 1311 356 1382 comitatu
387 1313 567 1380 Bilroriensi
592 1313 634 1380 de
660 1312 748 1380 iacto
772 1313 875 1400 ipsius
893 1311 1009 1380 tributi
1028 1311 1181 1378 duximus

57 1421 280 1506 requirendos3
300 1421 356 1505 qui
372 1421 487 1488 iulide
502 1419 809 1488 eornmraanimiter
826 1418 1040 1506 affirmarunt,
1056 1417 1179 1484 dictum

59 1529 212 1596 tributum
238 1527 343 1595 luisse
367 1527 548 1595 institutum
573 1528 616 1595 ab
640 1527 791 1612 antiquo;
809 1533 842 1592 et
858 1525 936 1609 quia
951 1525 1054 1592 eciam
1073 1524 1178 1591 dictus

56 1635 168 1704 Comes
198 1633 341 1704 Thomas
370 1655 469 1723 anper
499 1633 674 1702 medietate
704 1634 810 1720 ipsius
841 1633 954 1700 tributi
982 1631 1116 1700 euidens
1145 1637 1178 1698 et

58 1743 262 1829 acceptabile
283 1745 431 1812 exhibuit
454 1745 701 1812 instrumentum
725 1762 836 1809 coram
852 1742 958 1828 nobis,
974 1741 1085 1824 inquo
1101 1739 1179 1806 lieet

54 1845 1178 1934 quantitasipsinslributinoncontiueatur‚tamennoshabitotracta·

53 1961 86 2020 tn
98 1974 172 2020 eum
182 1956 618 2042 predictisjudicibussooijs
633 1955 753 2025 nostris
770 1955 985 2044 decredimus,
1002 1962 1037 2022 rt
1048 1955 1178 2022 racione

53 2058 155 2144 ipsius
171 2062 281 2130 totalis
297 2063 408 2132 tributi
423 2063 466 2132 de
482 2064 633 2132 Berthem
653 2063 809 2132 hactenns
819 2062 921 2132 habiti
938 2069 971 2132 et
988 2063 1120 2148 recepti,
1136 2060 1178 2128 de

51 2167 196 2250 quolibet
212 2189 306 2236 curru
322 2170 445 2240 salibus
460 2177 594 2238 onerato
609 2171 731 2256 singuli
747 2169 811 2238 duo
825 2171 914 2238 sales
930 2177 962 2238 et
972 2170 1037 2237 duo
1048 2169 1174 2254 denarij

50 2275 167 2362 parui;
184 2281 219 2342 et
234 2275 339 2342 eciam
355 2275 397 2342 de
412 2276 557 2360 quolibet
581 2297 676 2344 curru
691 2277 883 2345 mercatorio
899 2284 1032 2344 onerato
1047 2275 1175 2362 pannis,

49 2380 136 2466 vino,
153 2381 210 2450 vel
225 2381 302 2466 alijs
317 2397 415 2450 renus
438 2383 731 2452 mercimonialibus
750 2404 806 2470 per
822 2386 928 2470 ipsum
944 2384 1050 2451 locum
1066 2383 1178 2452 tributi

49 2485 90 2554 de
114 2487 268 2556 Bertlrem
293 2496 493 2578 transeunte,
519 2491 651 2576 singula
671 2490 807 2558 dimidia
832 2489 976 2576 pondera
1004 2491 1178 2576 exigantur

46 2613 105 2678 pro
136 2595 280 2679 tributo;
305 2595 394 2664 cuius
415 2597 528 2664 tributi
542 2597 652 2666 totalis
667 2598 874 2666 medietatem
890 2599 1046 2686 percipiet
1060 2597 1185 2684 (lomes¹

49 2701 203 2770 Thomas
210 2711 412 2791 memoratus,
422 2703 578 2772 aliavero
595 2704 768 2771 medietate
784 2705 887 2791 ipsius
898 2705 1012 2773 tributi
1022 2705 1176 2789 Magistro

45 2809 176 2878 Achoni
204 2817 401 2878 remanente.
427 2811 498 2878 Hoc
523 2831 587 2878 non
606 2812 825 2900 pretermisso,
841 2812 927 2896 quod
943 2833 1041 2899 super
1056 2810 1175 2899 pediti·
1229 2874 1232 2882 .

47 2916 119 3002 bus,
150 2917 315 3006 equitibus
340 2926 373 2984 et
396 2919 508 2986 vacuis
532 2921 689 3006 curribus,
705 2941 763 2988 seu
775 2919 880 2986 eciam
894 2922 1038 2988 oneratis
1053 2919 1096 2989 de
1112 2940 1175 2986 vno

42 3023 118 3090 loco
146 3022 193 3090 ad
218 3024 331 3112 mium,
355 3045 420 3092 non
444 3033 554 3094 tamen
578 3047 679 3095 cansa
703 3027 904 3113 mercimonii
923 3021 1175 3112 transeuntibus,

40 3131 174 3197 tributa
189 3131 277 3214 exigi
294 3130 489 3204 inhibemus.
515 3133 556 3200 ut
572 3133 683 3201 hocin
702 3135 774 3220 ipso
790 3136 861 3202 loco
877 3134 1038 3219 tributarij
1054 3133 1089 3199 in
1106 3151 1175 3218 pre·

40 3237 134 3306 dioto
162 3243 260 3324 porta
285 3237 414 3327 Chrysij
440 3240 570 3327 publice
594 3243 746 3312 volumus
772 3243 949 3328 obseruari,
975 3249 1009 3310 vt
1024 3241 1176 3308 omnibus

40 3345 297 3412 transeuntibus
312 3345 346 3412 in
362 3347 538 3416 exaccione
553 3348 631 3416 dicti
647 3351 759 3420 tributi
773 3358 865 3419 certa
879 3351 999 3418 noticia
1008 3349 1175 3432 habeatur,

40 3471 83 3518 ne
110 3451 222 3520 maior
245 3443 465 3521 exaccio'fieri
481 3455 596 3543 possit,
612 3476 710 3540 quam
727 3456 870 3527 deberet.
886 3459 924 3524 In
941 3457 1032 3524 cuius
1047 3457 1094 3524 rei
1111 3477 1174 3523 me-

38 3559 185 3627 moriam
213 3563 247 3628 et
271 3566 461 3645 perpetuam
486 3561 671 3631 firmitatem
687 3565 1000 3650 presenteslitteras
1016 3563 1174 3632 eoncessi-

35 3685 114 3733 mus
131 3664 321 3748 sigillorum
337 3672 519 3736 nostrorum
535 3669 714 3738 munimine
730 3672 909 3742 roboratas.
921 3673 1041 3738 Datum
1051 3670 1175 3736 invilla

12 3835 16 3845 ,
35 3773 208 3860 Ptspwty
225 3774 260 3839 in
275 3773 430 3858 predictis
447 3777 574 3843 octauis
590 3779 685 3844 Beati
700 3779 816 3852 Jacobi
831 3778 982 3865 Apostoli
999 3797 1084 3844 anno
1109 3779 1173 3842 Do·

34 3881 121 3948 mini
139 3879 323 3948 millesimo
338 3880 561 3950 ducentesimo
576 3887 798 3970 octuagesimo
814 3890 937 3970 quarto.

33 4097 97 4163 (IV.
119 4093 225 4148 Lento
248 4092 396 4161 kirtlpnsk
420 4098 531 4150 nael-kt
556 4098 722 4166 megardsitd
744 4097 945 4168 olrmdnytbdl,
974 4105 1044 4154 mint
1061 4098 1175 4154 ientebb

486 4189 547 4240 ato.
566 4186 639 4242 sstm
657 4189 735 4243 alatt.

507 4469 719 4488 *ΠΙ-...ι

76 4761 196 4803 Nom.
210 4759 295 4802 ml.
310 4761 380 4804 man.
398 4777 435 4793 -·
454 4767 527 4812 Dm·
542 4763 579 4810 l'l·
