<?xml version="1.0" encoding="UTF-8"?>
<!DOCTYPE html PUBLIC "-//W3C//DTD XHTML 1.0 Transitional//EN"
    "http://www.w3.org/TR/xhtml1/DTD/xhtml1-transitional.dtd">
<html xmlns="http://www.w3.org/1999/xhtml" xml:lang="en" lang="en">
 <head>
  <title>
</title>
<meta http-equiv="Content-Type" content="text/html;charset=utf-8" />
  <meta name='ocr-system' content='tesseract 3.04.00' />
  <meta name='ocr-capabilities' content='ocr_page ocr_carea ocr_par ocr_line ocrx_word'/>
</head>
<body>
  <div class='ocr_page' id='page_1' title='image "./codexdiplomatic12wenzgoog_0130.png"; bbox 0 0 3118 5158; ppageno 0'>
   <div class='ocr_carea' id='block_1_1' title="bbox 713 198 894 282">
    <p class='ocr_par' dir='ltr' id='par_1_1' title="bbox 713 198 894 282">
     <span class='ocr_line' id='line_1_1' title="bbox 713 198 894 282; baseline 0.006 -1"><span class='ocrx_word' id='word_1_1' title='bbox 713 198 894 282; x_wconf 80' lang='lat' dir='ltr'><strong>&#39;ss</strong></span> 
     </span>
    </p>
   </div>
   <div class='ocr_carea' id='block_1_2' title="bbox 308 410 1441 609">
    <p class='ocr_par' dir='ltr' id='par_1_2' title="bbox 308 410 1441 609">
     <span class='ocr_line' id='line_1_2' title="bbox 310 410 1441 499; baseline 0.001 -18"><span class='ocrx_word' id='word_1_2' title='bbox 310 413 426 498; x_wconf 92' lang='lat' dir='ltr'><strong>quibus</strong></span> <span class='ocrx_word' id='word_1_3' title='bbox 442 411 528 480; x_wconf 89' lang='lat' dir='ltr'><strong>idem</strong></span> <span class='ocrx_word' id='word_1_4' title='bbox 544 413 630 480; x_wconf 93' lang='lat' dir='ltr'><strong>Pous</strong></span> <span class='ocrx_word' id='word_1_5' title='bbox 646 410 766 478; x_wconf 82' lang='lat' dir='ltr'><strong>dietam</strong></span> <span class='ocrx_word' id='word_1_6' title='bbox 783 417 900 478; x_wconf 81' lang='lat' dir='ltr'><strong>terrum</strong></span> <span class='ocrx_word' id='word_1_7' title='bbox 918 411 960 478; x_wconf 81' lang='lat' dir='ltr'><strong>sd</strong></span> <span class='ocrx_word' id='word_1_8' title='bbox 977 431 1013 480; x_wconf 87' lang='lat' dir='ltr'><strong>se</strong></span> <span class='ocrx_word' id='word_1_9' title='bbox 1029 411 1214 499; x_wconf 73' lang='lat' dir='ltr'><strong>redimerat,</strong></span> <span class='ocrx_word' id='word_1_10' title='bbox 1230 414 1336 482; x_wconf 88' lang='lat' dir='ltr'><strong>eidem</strong></span> <span class='ocrx_word' id='word_1_11' title='bbox 1352 417 1441 484; x_wconf 86' lang='lat' dir='ltr'><strong>Pons</strong></span> 
     </span>
     <span class='ocr_line' id='line_1_3' title="bbox 308 518 1441 609; baseline 0.002 -22"><span class='ocrx_word' id='word_1_12' title='bbox 308 518 495 590; x_wconf 80' lang='lat' dir='ltr'><strong>refunderet</strong></span> <span class='ocrx_word' id='word_1_13' title='bbox 519 539 561 586; x_wconf 85' lang='lat' dir='ltr'><strong>ex</strong></span> <span class='ocrx_word' id='word_1_14' title='bbox 577 519 723 602; x_wconf 80' lang='lat' dir='ltr'><strong>integro,</strong></span> <span class='ocrx_word' id='word_1_15' title='bbox 750 521 805 604; x_wconf 93' lang='lat' dir='ltr'><strong>qui</strong></span> <span class='ocrx_word' id='word_1_16' title='bbox 830 521 863 586; x_wconf 93' lang='lat' dir='ltr'><strong>in</strong></span> <span class='ocrx_word' id='word_1_17' title='bbox 880 519 995 586; x_wconf 81' lang='lat' dir='ltr'><strong>eadem</strong></span> <span class='ocrx_word' id='word_1_18' title='bbox 1020 519 1102 588; x_wconf 82' lang='lat' dir='ltr'><strong>horo</strong></span> <span class='ocrx_word' id='word_1_19' title='bbox 1116 527 1150 589; x_wconf 91' lang='lat' dir='ltr'><strong>et</strong></span> <span class='ocrx_word' id='word_1_20' title='bbox 1167 530 1330 589; x_wconf 88' lang='lat' dir='ltr'><strong>momento</strong></span> <span class='ocrx_word' id='word_1_21' title='bbox 1346 523 1441 609; x_wconf 82' lang='lat' dir='ltr'><strong>ipses</strong></span> 
     </span>
    </p>
   </div>
   <div class='ocr_carea' id='block_1_3' title="bbox 309 625 1550 718">
    <p class='ocr_par' dir='ltr' id='par_1_3' title="bbox 309 625 1550 718">
     <span class='ocr_line' id='line_1_4' title="bbox 309 625 1550 718; baseline 0.002 -22"><span class='ocrx_word' id='word_1_22' title='bbox 309 630 393 696; x_wconf 82' lang='lat' dir='ltr'><strong>dues</strong></span> <span class='ocrx_word' id='word_1_23' title='bbox 415 646 544 696; x_wconf 80' lang='lat' dir='ltr'><strong>meroes</strong></span> <span class='ocrx_word' id='word_1_24' title='bbox 571 625 714 695; x_wconf 85' lang='lat' dir='ltr'><strong>reddidit</strong></span> <span class='ocrx_word' id='word_1_25' title='bbox 739 634 771 694; x_wconf 89' lang='lat' dir='ltr'><strong>et</strong></span> <span class='ocrx_word' id='word_1_26' title='bbox 795 627 951 714; x_wconf 73' lang='lat' dir='ltr'><strong>perdoluit</strong></span> <span class='ocrx_word' id='word_1_27' title='bbox 975 647 1085 694; x_wconf 83' lang='lat' dir='ltr'><strong>eorum</strong></span> <span class='ocrx_word' id='word_1_28' title='bbox 1111 629 1207 696; x_wconf 91' lang='lat' dir='ltr'><strong>nobis</strong></span> <span class='ocrx_word' id='word_1_29' title='bbox 1231 631 1318 697; x_wconf 90' lang='lat' dir='ltr'><strong>Pons</strong></span> <span class='ocrx_word' id='word_1_30' title='bbox 1345 649 1440 716; x_wconf 79' lang='lat' dir='ltr'><strong>sepe</strong></span> <span class='ocrx_word' id='word_1_31' title='bbox 1549 705 1550 718; x_wconf 39' lang='lat'><strong>,</strong></span> 
     </span>
    </p>
   </div>
   <div class='ocr_carea' id='block_1_4' title="bbox 308 733 1442 822">
    <p class='ocr_par' dir='ltr' id='par_1_4' title="bbox 308 733 1442 822">
     <span class='ocr_line' id='line_1_5' title="bbox 308 733 1442 822; baseline 0.002 -19"><span class='ocrx_word' id='word_1_32' title='bbox 308 736 415 821; x_wconf 88' lang='lat' dir='ltr'><strong>dioto;</strong></span> <span class='ocrx_word' id='word_1_33' title='bbox 449 741 570 802; x_wconf 84' lang='lat' dir='ltr'><strong>terrem</strong></span> <span class='ocrx_word' id='word_1_34' title='bbox 596 739 702 802; x_wconf 83' lang='lat' dir='ltr'><strong>autern</strong></span> <span class='ocrx_word' id='word_1_35' title='bbox 727 733 909 820; x_wconf 83' lang='lat' dir='ltr'><strong>prediotem</strong></span> <span class='ocrx_word' id='word_1_36' title='bbox 934 733 1121 819; x_wconf 80' lang='lat' dir='ltr'><strong>reliquimus</strong></span> <span class='ocrx_word' id='word_1_37' title='bbox 1146 736 1254 802; x_wconf 89' lang='lat' dir='ltr'><strong>eidem</strong></span> <span class='ocrx_word' id='word_1_38' title='bbox 1279 738 1442 822; x_wconf 74' lang='lat' dir='ltr'><strong>Magistro</strong></span> 
     </span>
    </p>
   </div>
   <div class='ocr_carea' id='block_1_5' title="bbox 309 839 1550 1250">
    <p class='ocr_par' dir='ltr' id='par_1_5' title="bbox 309 839 1550 1146">
     <span class='ocr_line' id='line_1_6' title="bbox 309 839 1440 929; baseline 0.002 -19"><span class='ocrx_word' id='word_1_39' title='bbox 309 843 484 929; x_wconf 79' lang='lat' dir='ltr'><strong>Aladurio,</strong></span> <span class='ocrx_word' id='word_1_40' title='bbox 508 848 541 908; x_wconf 92' lang='lat' dir='ltr'><strong>et</strong></span> <span class='ocrx_word' id='word_1_41' title='bbox 556 861 614 927; x_wconf 91' lang='lat' dir='ltr'><strong>per</strong></span> <span class='ocrx_word' id='word_1_42' title='bbox 630 861 703 910; x_wconf 90' lang='lat' dir='ltr'><strong>eum</strong></span> <span class='ocrx_word' id='word_1_43' title='bbox 718 843 785 908; x_wconf 88' lang='lat' dir='ltr'><strong>suis</strong></span> <span class='ocrx_word' id='word_1_44' title='bbox 807 839 979 909; x_wconf 83' lang='lat' dir='ltr'><strong>heredibus</strong></span> <span class='ocrx_word' id='word_1_45' title='bbox 1004 841 1222 928; x_wconf 87' lang='lat' dir='ltr'><strong>heredumque</strong></span> <span class='ocrx_word' id='word_1_46' title='bbox 1247 846 1440 912; x_wconf 86' lang='lat' dir='ltr'><strong>suooessori·</strong></span> 
     </span>
     <span class='ocr_line' id='line_1_7' title="bbox 310 941 1550 1039; baseline 0.002 -22"><span class='ocrx_word' id='word_1_47' title='bbox 310 953 387 1036; x_wconf 80' lang='lat' dir='ltr'><strong>bus,</strong></span> <span class='ocrx_word' id='word_1_48' title='bbox 403 955 498 1036; x_wconf 90' lang='lat' dir='ltr'><strong>prout</strong></span> <span class='ocrx_word' id='word_1_49' title='bbox 526 948 674 1016; x_wconf 89' lang='lat' dir='ltr'><strong>dominns</strong></span> <span class='ocrx_word' id='word_1_50' title='bbox 689 951 760 1016; x_wconf 85' lang='lat' dir='ltr'><strong>Rex</strong></span> <span class='ocrx_word' id='word_1_51' title='bbox 785 947 960 1017; x_wconf 79' lang='lat' dir='ltr'><strong>Lediuleus</strong></span> <span class='ocrx_word' id='word_1_52' title='bbox 986 949 1048 1016; x_wconf 91' lang='lat' dir='ltr'><strong>sibi</strong></span> <span class='ocrx_word' id='word_1_53' title='bbox 1065 951 1255 1038; x_wconf 82' lang='lat' dir='ltr'><strong>oontuleret,</strong></span> <span class='ocrx_word' id='word_1_54' title='bbox 1282 953 1352 1019; x_wconf 91' lang='lat' dir='ltr'><strong>iure</strong></span> <span class='ocrx_word' id='word_1_55' title='bbox 1368 973 1441 1039; x_wconf 89' lang='lat' dir='ltr'><strong>per·</strong></span> <span class='ocrx_word' id='word_1_56' title='bbox 1549 941 1550 946; x_wconf 29' lang='lat'>¹</span> 
     </span>
     <span class='ocr_line' id='line_1_8' title="bbox 311 1055 1441 1146; baseline 0.003 -22"><span class='ocrx_word' id='word_1_57' title='bbox 311 1066 408 1146; x_wconf 90' lang='lat' dir='ltr'><strong>petuo</strong></span> <span class='ocrx_word' id='word_1_58' title='bbox 430 1063 463 1126; x_wconf 87' lang='lat' dir='ltr'><strong>el</strong></span> <span class='ocrx_word' id='word_1_59' title='bbox 478 1057 742 1124; x_wconf 83' lang='lat' dir='ltr'><strong>inreuooebiliter</strong></span> <span class='ocrx_word' id='word_1_60' title='bbox 766 1055 1017 1143; x_wconf 65' lang='lat' dir='ltr'><strong>possidendam</strong></span> <span class='ocrx_word' id='word_1_61' title='bbox 1042 1077 1176 1124; x_wconf 81' lang='lat' dir='ltr'><strong>oensem</strong></span> <span class='ocrx_word' id='word_1_62' title='bbox 1192 1079 1271 1125; x_wconf 86' lang='lat' dir='ltr'><strong>vero</strong></span> <span class='ocrx_word' id='word_1_63' title='bbox 1287 1061 1441 1144; x_wconf 83' lang='lat' dir='ltr'><strong>supradi-</strong></span> 
     </span>
    </p>

    <p class='ocr_par' dir='ltr' id='par_1_6' title="bbox 310 1151 1550 1250">
     <span class='ocr_line' id='line_1_9' title="bbox 310 1151 1550 1250; baseline 0.002 -18"><span class='ocrx_word' id='word_1_64' title='bbox 310 1173 435 1234; x_wconf 88' lang='lat' dir='ltr'><strong>otorum</strong></span> <span class='ocrx_word' id='word_1_65' title='bbox 450 1164 592 1232; x_wconf 86' lang='lat' dir='ltr'><strong>virorum</strong></span> <span class='ocrx_word' id='word_1_66' title='bbox 608 1163 641 1230; x_wconf 94' lang='lat' dir='ltr'><strong>in</strong></span> <span class='ocrx_word' id='word_1_67' title='bbox 657 1163 746 1230; x_wconf 81' lang='lat' dir='ltr'><strong>teoto</strong></span> <span class='ocrx_word' id='word_1_68' title='bbox 761 1163 865 1248; x_wconf 88' lang='lat' dir='ltr'><strong>ipsius</strong></span> <span class='ocrx_word' id='word_1_69' title='bbox 882 1169 971 1230; x_wconf 90' lang='lat' dir='ltr'><strong>terre</strong></span> <span class='ocrx_word' id='word_1_70' title='bbox 988 1163 1089 1250; x_wconf 94' lang='lat' dir='ltr'><strong>sopiri</strong></span> <span class='ocrx_word' id='word_1_71' title='bbox 1106 1171 1138 1230; x_wconf 89' lang='lat' dir='ltr'><strong>et</strong></span> <span class='ocrx_word' id='word_1_72' title='bbox 1153 1164 1261 1232; x_wconf 84' lang='lat' dir='ltr'><strong>sedari</strong></span> <span class='ocrx_word' id='word_1_73' title='bbox 1278 1166 1441 1234; x_wconf 76' lang='lat' dir='ltr'><strong>faciendo.</strong></span> <span class='ocrx_word' id='word_1_74' title='bbox 1549 1151 1550 1196; x_wconf 48' lang='lat' dir='ltr'><strong>l</strong></span> 
     </span>
    </p>
   </div>
   <div class='ocr_carea' id='block_1_6' title="bbox 311 1272 1550 1468">
    <p class='ocr_par' dir='ltr' id='par_1_7' title="bbox 311 1255 1550 1468">
     <span class='ocr_line' id='line_1_10' title="bbox 312 1272 1442 1359; baseline -0.002 -19"><span class='ocrx_word' id='word_1_75' title='bbox 312 1275 355 1340; x_wconf 87' lang='lat' dir='ltr'><strong>vt</strong></span> <span class='ocrx_word' id='word_1_76' title='bbox 370 1280 478 1340; x_wconf 85' lang='lat' dir='ltr'><strong>autem</strong></span> <span class='ocrx_word' id='word_1_77' title='bbox 495 1293 544 1358; x_wconf 81' lang='lat' dir='ltr'><strong>es,</strong></span> <span class='ocrx_word' id='word_1_78' title='bbox 566 1293 629 1358; x_wconf 93' lang='lat' dir='ltr'><strong>que</strong></span> <span class='ocrx_word' id='word_1_79' title='bbox 644 1291 752 1340; x_wconf 82' lang='lat' dir='ltr'><strong>eorem</strong></span> <span class='ocrx_word' id='word_1_80' title='bbox 768 1272 862 1338; x_wconf 91' lang='lat' dir='ltr'><strong>nobis</strong></span> <span class='ocrx_word' id='word_1_81' title='bbox 886 1277 962 1339; x_wconf 77' lang='lat' dir='ltr'><strong>eote</strong></span> <span class='ocrx_word' id='word_1_82' title='bbox 978 1278 1062 1357; x_wconf 89' lang='lat' dir='ltr'><strong>suut,</strong></span> <span class='ocrx_word' id='word_1_83' title='bbox 1088 1293 1146 1358; x_wconf 90' lang='lat' dir='ltr'><strong>per</strong></span> <span class='ocrx_word' id='word_1_84' title='bbox 1160 1293 1345 1359; x_wconf 74' lang='lat' dir='ltr'><strong>processum</strong></span> <span class='ocrx_word' id='word_1_85' title='bbox 1360 1281 1442 1340; x_wconf 89' lang='lat' dir='ltr'><strong>tem-</strong></span> 
     </span>
     <span class='ocr_line' id='line_1_11' title="bbox 311 1369 1550 1468; baseline -0.001 -19"><span class='ocrx_word' id='word_1_86' title='bbox 311 1380 399 1468; x_wconf 89' lang='lat' dir='ltr'><strong>poris</strong></span> <span class='ocrx_word' id='word_1_87' title='bbox 415 1379 449 1445; x_wconf 94' lang='lat' dir='ltr'><strong>in</strong></span> <span class='ocrx_word' id='word_1_88' title='bbox 466 1379 592 1448; x_wconf 90' lang='lat' dir='ltr'><strong>irritum</strong></span> <span class='ocrx_word' id='word_1_89' title='bbox 617 1378 764 1448; x_wconf 83' lang='lat' dir='ltr'><strong>reuoosri</strong></span> <span class='ocrx_word' id='word_1_90' title='bbox 790 1381 1023 1466; x_wconf 89' lang='lat' dir='ltr'><strong>nonpossint,</strong></span> <span class='ocrx_word' id='word_1_91' title='bbox 1048 1387 1217 1466; x_wconf 75' lang='lat' dir='ltr'><strong>presentes</strong></span> <span class='ocrx_word' id='word_1_92' title='bbox 1242 1382 1441 1448; x_wconf 77' lang='lat' dir='ltr'><strong>contulimus</strong></span> <span class='ocrx_word' id='word_1_93' title='bbox 1549 1369 1550 1406; x_wconf 61' lang='lat'><em>³</em></span> 
     </span>
    </p>
   </div>
   <div class='ocr_carea' id='block_1_7' title="bbox 310 1487 1550 1681">
    <p class='ocr_par' dir='ltr' id='par_1_8' title="bbox 310 1487 1550 1681">
     <span class='ocr_line' id='line_1_12' title="bbox 310 1487 1550 1573; baseline 0 -17"><span class='ocrx_word' id='word_1_94' title='bbox 310 1489 435 1556; x_wconf 83' lang='lat' dir='ltr'><strong>litteras</strong></span> <span class='ocrx_word' id='word_1_95' title='bbox 460 1488 563 1573; x_wconf 82' lang='lat' dir='ltr'><strong>sigilli</strong></span> <span class='ocrx_word' id='word_1_96' title='bbox 589 1489 693 1555; x_wconf 88' lang='lat' dir='ltr'><strong>nostri</strong></span> <span class='ocrx_word' id='word_1_97' title='bbox 717 1487 895 1555; x_wconf 86' lang='lat' dir='ltr'><strong>munimine</strong></span> <span class='ocrx_word' id='word_1_98' title='bbox 920 1489 1098 1554; x_wconf 76' lang='lat' dir='ltr'><strong>roboratas.</strong></span> <span class='ocrx_word' id='word_1_99' title='bbox 1121 1489 1242 1556; x_wconf 76' lang='lat' dir='ltr'><strong>Datum</strong></span> <span class='ocrx_word' id='word_1_100' title='bbox 1269 1509 1358 1556; x_wconf 84' lang='lat' dir='ltr'><strong>enno</strong></span> <span class='ocrx_word' id='word_1_101' title='bbox 1372 1488 1441 1556; x_wconf 91' lang='lat' dir='ltr'><strong>Do·</strong></span> <span class='ocrx_word' id='word_1_102' title='bbox 1549 1539 1550 1544; x_wconf 17' lang='grc' dir='ltr'>η</span> 
     </span>
     <span class='ocr_line' id='line_1_13' title="bbox 311 1595 1123 1681; baseline 0.002 -19"><span class='ocrx_word' id='word_1_103' title='bbox 311 1596 391 1663; x_wconf 94' lang='lat' dir='ltr'><strong>mini</strong></span> <span class='ocrx_word' id='word_1_104' title='bbox 405 1595 625 1664; x_wconf 53' lang='grc' dir='ltr'><strong>ΜθΟΟΟΙιΧΧο</strong></span> <span class='ocrx_word' id='word_1_105' title='bbox 641 1601 765 1681; x_wconf 83' lang='lat' dir='ltr'><strong>quarto.</strong></span> <span class='ocrx_word' id='word_1_106' title='bbox 1119 1595 1123 1602; x_wconf 84' lang='lat'>&#39;</span> 
     </span>
    </p>
   </div>
   <div class='ocr_carea' id='block_1_8' title="bbox 312 1736 1550 1808">
    <p class='ocr_par' dir='ltr' id='par_1_9' title="bbox 312 1736 1550 1808">
     <span class='ocr_line' id='line_1_14' title="bbox 312 1736 1550 1808; baseline -0.005 -16"><span class='ocrx_word' id='word_1_107' title='bbox 312 1737 448 1804; x_wconf 78' lang='lat' dir='ltr'><strong>(Eredetie</strong></span> <span class='ocrx_word' id='word_1_108' title='bbox 470 1736 651 1805; x_wconf 69' lang='lat' dir='ltr'><strong>bdrhtrtydn,</strong></span> <span class='ocrx_word' id='word_1_109' title='bbox 676 1740 803 1806; x_wconf 79' lang='lat' dir='ltr'><strong>melyuels</strong></span> <span class='ocrx_word' id='word_1_110' title='bbox 824 1739 983 1792; x_wconf 77' lang='lat' dir='ltr'><strong>berne-sbld</strong></span> <span class='ocrx_word' id='word_1_111' title='bbox 1004 1739 1234 1807; x_wconf 79' lang='lat' dir='ltr'><strong>selysmzslndron</strong></span> <span class='ocrx_word' id='word_1_112' title='bbox 1258 1742 1371 1808; x_wconf 74' lang='lat' dir='ltr'><strong>tnggots</strong></span> <span class='ocrx_word' id='word_1_113' title='bbox 1393 1757 1441 1808; x_wconf 82' lang='lat' dir='ltr'><strong>pe-</strong></span> <span class='ocrx_word' id='word_1_114' title='bbox 1549 1783 1550 1786; x_wconf 76' lang='grc'>,</span> 
     </span>
    </p>
   </div>
   <div class='ocr_carea' id='block_1_9' title="bbox 484 1827 1266 1897">
    <p class='ocr_par' dir='ltr' id='par_1_10' title="bbox 484 1827 1266 1897">
     <span class='ocr_line' id='line_1_15' title="bbox 484 1827 1266 1897; baseline 0 -15"><span class='ocrx_word' id='word_1_115' title='bbox 484 1829 568 1897; x_wconf 79' lang='lat' dir='ltr'><strong>osdtje</strong></span> <span class='ocrx_word' id='word_1_116' title='bbox 580 1829 716 1892; x_wconf 63' lang='lat' dir='ltr'><strong>dressed,</strong></span> <span class='ocrx_word' id='word_1_117' title='bbox 735 1829 848 1882; x_wconf 74' lang='lat' dir='ltr'><strong>sbndsi</strong></span> <span class='ocrx_word' id='word_1_118' title='bbox 861 1829 912 1881; x_wconf 86' lang='lat' dir='ltr'><strong>hir.</strong></span> <span class='ocrx_word' id='word_1_119' title='bbox 932 1831 1056 1884; x_wconf 71' lang='lat' dir='ltr'><strong>benerei</strong></span> <span class='ocrx_word' id='word_1_120' title='bbox 1077 1827 1266 1896; x_wconf 74' lang='lat' dir='ltr'><strong>levdltdrbsn.)</strong></span> 
     </span>
    </p>
   </div>
   <div class='ocr_carea' id='block_1_10' title="bbox 849 2269 1017 2359">
    <p class='ocr_par' dir='ltr' id='par_1_11' title="bbox 849 2269 1017 2359">
     <span class='ocr_line' id='line_1_16' title="bbox 849 2269 1017 2359; baseline 0 -1"><span class='ocrx_word' id='word_1_121' title='bbox 849 2293 904 2359; x_wconf 81' lang='lat' dir='ltr'><strong>so.</strong></span> <span class='ocrx_word' id='word_1_122' title='bbox 1004 2269 1017 2288; x_wconf 81' lang='grc'><em>”</em></span> 
     </span>
    </p>
   </div>
   <div class='ocr_carea' id='block_1_11' title="bbox 312 2471 1442 2560">
    <p class='ocr_par' dir='ltr' id='par_1_12' title="bbox 312 2471 1442 2560">
     <span class='ocr_line' id='line_1_17' title="bbox 312 2471 1442 2560; baseline -0.002 -20"><span class='ocrx_word' id='word_1_123' title='bbox 312 2475 436 2540; x_wconf 69' lang='lat' dir='ltr'><strong>Hemdk</strong></span> <span class='ocrx_word' id='word_1_124' title='bbox 449 2471 627 2540; x_wconf 64' lang='lat' dir='ltr'><strong>sslooooioi</strong></span> <span class='ocrx_word' id='word_1_125' title='bbox 651 2473 779 2538; x_wconf 75' lang='lat' dir='ltr'><strong>bdrtoolr</strong></span> <span class='ocrx_word' id='word_1_126' title='bbox 799 2473 1080 2560; x_wconf 74' lang='lat' dir='ltr'><strong>bizonysdplevele,</strong></span> <span class='ocrx_word' id='word_1_127' title='bbox 1100 2475 1181 2558; x_wconf 72' lang='lat' dir='ltr'><strong>hopy</strong></span> <span class='ocrx_word' id='word_1_128' title='bbox 1197 2472 1286 2537; x_wconf 68' lang='lat' dir='ltr'><strong>Poe</strong></span> <span class='ocrx_word' id='word_1_129' title='bbox 1303 2471 1442 2556; x_wconf 81' lang='lat' dir='ltr'><strong>Rodolf-</strong></span> 
     </span>
    </p>
   </div>
   <div class='ocr_carea' id='block_1_12' title="bbox 311 2578 1440 2666">
    <p class='ocr_par' dir='ltr' id='par_1_13' title="bbox 311 2578 1440 2666">
     <span class='ocr_line' id='line_1_18' title="bbox 311 2578 1440 2666; baseline -0.003 -20"><span class='ocrx_word' id='word_1_130' title='bbox 311 2581 436 2662; x_wconf 77' lang='lat' dir='ltr'><strong>nukfia</strong></span> <span class='ocrx_word' id='word_1_131' title='bbox 452 2581 554 2666; x_wconf 77' lang='lat' dir='ltr'><strong>Petyo</strong></span> <span class='ocrx_word' id='word_1_132' title='bbox 568 2590 648 2646; x_wconf 72' lang='lat' dir='ltr'><strong>mou</strong></span> <span class='ocrx_word' id='word_1_133' title='bbox 674 2580 815 2646; x_wconf 83' lang='lat' dir='ltr'><strong>birtokdt</strong></span> <span class='ocrx_word' id='word_1_134' title='bbox 831 2583 1012 2666; x_wconf 75' lang='lat' dir='ltr'><strong>Porcbynes</strong></span> <span class='ocrx_word' id='word_1_135' title='bbox 1027 2579 1182 2645; x_wconf 71' lang='lat' dir='ltr'><strong>commod</strong></span> <span class='ocrx_word' id='word_1_136' title='bbox 1197 2578 1312 2644; x_wconf 78' lang='lat' dir='ltr'><strong>eladto.</strong></span> <span class='ocrx_word' id='word_1_137' title='bbox 1339 2583 1440 2644; x_wconf 80' lang='lat'><strong><em>1274.</em></strong></span> 
     </span>
    </p>
   </div>
   <div class='ocr_carea' id='block_1_13' title="bbox 310 2771 1447 4257">
    <p class='ocr_par' dir='ltr' id='par_1_14' title="bbox 310 2771 1447 4257">
     <span class='ocr_line' id='line_1_19' title="bbox 419 2771 1439 2856; baseline -0.002 -16"><span class='ocrx_word' id='word_1_138' title='bbox 419 2773 488 2841; x_wconf 87' lang='lat' dir='ltr'><strong>Nos</strong></span> <span class='ocrx_word' id='word_1_139' title='bbox 503 2773 655 2840; x_wconf 87' lang='lat' dir='ltr'><strong>llerrious</strong></span> <span class='ocrx_word' id='word_1_140' title='bbox 671 2775 782 2839; x_wconf 82' lang='lat' dir='ltr'><strong>Banus</strong></span> <span class='ocrx_word' id='word_1_141' title='bbox 807 2773 911 2840; x_wconf 81' lang='lat' dir='ltr'><strong>tocius</strong></span> <span class='ocrx_word' id='word_1_142' title='bbox 927 2771 1100 2840; x_wconf 83' lang='lat' dir='ltr'><strong>Solanonie</strong></span> <span class='ocrx_word' id='word_1_143' title='bbox 1124 2772 1345 2856; x_wconf 80' lang='lat' dir='ltr'><strong>signifioemus</strong></span> <span class='ocrx_word' id='word_1_144' title='bbox 1367 2773 1439 2840; x_wconf 87' lang='lat' dir='ltr'><strong>vni·</strong></span> 
     </span>
     <span class='ocr_line' id='line_1_20' title="bbox 313 2880 1442 2966; baseline -0.001 -18"><span class='ocrx_word' id='word_1_145' title='bbox 313 2882 417 2950; x_wconf 88' lang='lat' dir='ltr'><strong>uersis</strong></span> <span class='ocrx_word' id='word_1_146' title='bbox 438 2881 553 2966; x_wconf 91' lang='lat' dir='ltr'><strong>quibus</strong></span> <span class='ocrx_word' id='word_1_147' title='bbox 570 2880 699 2966; x_wconf 82' lang='lat' dir='ltr'><strong>expedit</strong></span> <span class='ocrx_word' id='word_1_148' title='bbox 723 2881 926 2966; x_wconf 75' lang='lat' dir='ltr'><strong>presentium</strong></span> <span class='ocrx_word' id='word_1_149' title='bbox 942 2901 1000 2966; x_wconf 89' lang='lat' dir='ltr'><strong>per</strong></span> <span class='ocrx_word' id='word_1_150' title='bbox 1025 2886 1180 2964; x_wconf 87' lang='lat' dir='ltr'><strong>tenorem,</strong></span> <span class='ocrx_word' id='word_1_151' title='bbox 1206 2881 1291 2965; x_wconf 89' lang='lat' dir='ltr'><strong>quod</strong></span> <span class='ocrx_word' id='word_1_152' title='bbox 1319 2882 1442 2948; x_wconf 87' lang='lat' dir='ltr'><strong>eonsti-</strong></span> 
     </span>
     <span class='ocr_line' id='line_1_21' title="bbox 311 2987 1441 3074; baseline 0.003 -21"><span class='ocrx_word' id='word_1_153' title='bbox 311 2990 389 3056; x_wconf 84' lang='lat' dir='ltr'><strong>tutis</strong></span> <span class='ocrx_word' id='word_1_154' title='bbox 414 2989 576 3056; x_wconf 81' lang='lat' dir='ltr'><strong>innostra</strong></span> <span class='ocrx_word' id='word_1_155' title='bbox 600 2989 771 3074; x_wconf 79' lang='lat' dir='ltr'><strong>presentie</strong></span> <span class='ocrx_word' id='word_1_156' title='bbox 785 2989 882 3054; x_wconf 90' lang='lat' dir='ltr'><strong>Petro</strong></span> <span class='ocrx_word' id='word_1_157' title='bbox 906 2989 973 3056; x_wconf 92' lang='lat' dir='ltr'><strong>filio</strong></span> <span class='ocrx_word' id='word_1_158' title='bbox 990 2987 1163 3074; x_wconf 85' lang='lat' dir='ltr'><strong>Rodolphy</strong></span> <span class='ocrx_word' id='word_1_159' title='bbox 1187 2989 1230 3054; x_wconf 81' lang='lat' dir='ltr'><strong>ab</strong></span> <span class='ocrx_word' id='word_1_160' title='bbox 1251 3009 1317 3054; x_wconf 85' lang='lat' dir='ltr'><strong>une</strong></span> <span class='ocrx_word' id='word_1_161' title='bbox 1333 2997 1441 3074; x_wconf 84' lang='lat' dir='ltr'><strong>perte,</strong></span> 
     </span>
     <span class='ocr_line' id='line_1_22' title="bbox 311 3094 1443 3182; baseline 0 -20"><span class='ocrx_word' id='word_1_162' title='bbox 311 3101 344 3162; x_wconf 91' lang='lat' dir='ltr'><strong>et</strong></span> <span class='ocrx_word' id='word_1_163' title='bbox 359 3095 528 3180; x_wconf 83' lang='lat' dir='ltr'><strong>Perobyno</strong></span> <span class='ocrx_word' id='word_1_164' title='bbox 545 3096 670 3163; x_wconf 81' lang='lat' dir='ltr'><strong>Gemite</strong></span> <span class='ocrx_word' id='word_1_165' title='bbox 685 3097 727 3162; x_wconf 85' lang='lat' dir='ltr'><strong>ab</strong></span> <span class='ocrx_word' id='word_1_166' title='bbox 744 3096 862 3182; x_wconf 78' lang='lat' dir='ltr'><strong>eltere3</strong></span> <span class='ocrx_word' id='word_1_167' title='bbox 878 3095 965 3162; x_wconf 91' lang='lat' dir='ltr'><strong>idem</strong></span> <span class='ocrx_word' id='word_1_168' title='bbox 981 3097 1097 3163; x_wconf 89' lang='lat' dir='ltr'><strong>Petrus</strong></span> <span class='ocrx_word' id='word_1_169' title='bbox 1112 3094 1278 3164; x_wconf 79' lang='lat' dir='ltr'><strong>noniessus</strong></span> <span class='ocrx_word' id='word_1_170' title='bbox 1293 3101 1344 3162; x_wconf 86' lang='lat' dir='ltr'><strong>est</strong></span> <span class='ocrx_word' id='word_1_171' title='bbox 1359 3098 1443 3164; x_wconf 80' lang='lat' dir='ltr'><strong>uina</strong></span> 
     </span>
     <span class='ocr_line' id='line_1_23' title="bbox 311 3201 1442 3288; baseline 0 -20"><span class='ocrx_word' id='word_1_172' title='bbox 311 3222 408 3288; x_wconf 90' lang='lat' dir='ltr'><strong>nooe,</strong></span> <span class='ocrx_word' id='word_1_173' title='bbox 434 3201 623 3270; x_wconf 89' lang='lat' dir='ltr'><strong>uendidisse</strong></span> <span class='ocrx_word' id='word_1_174' title='bbox 648 3203 813 3286; x_wconf 78' lang='lat' dir='ltr'><strong>quendem</strong></span> <span class='ocrx_word' id='word_1_175' title='bbox 838 3211 957 3270; x_wconf 87' lang='lat' dir='ltr'><strong>terram</strong></span> <span class='ocrx_word' id='word_1_176' title='bbox 983 3223 1077 3270; x_wconf 79' lang='lat' dir='ltr'><strong>susm</strong></span> <span class='ocrx_word' id='word_1_177' title='bbox 1101 3203 1207 3286; x_wconf 89' lang='lat' dir='ltr'><strong>Petyn</strong></span> <span class='ocrx_word' id='word_1_178' title='bbox 1231 3209 1383 3270; x_wconf 84' lang='lat' dir='ltr'><strong>uooetem</strong></span> <span class='ocrx_word' id='word_1_179' title='bbox 1406 3204 1442 3269; x_wconf 92' lang='lat' dir='ltr'><strong>in</strong></span> 
     </span>
     <span class='ocr_line' id='line_1_24' title="bbox 311 3308 1443 3396; baseline 0.003 -21"><span class='ocrx_word' id='word_1_180' title='bbox 311 3316 399 3376; x_wconf 82' lang='lat' dir='ltr'><strong>terre</strong></span> <span class='ocrx_word' id='word_1_181' title='bbox 415 3308 586 3395; x_wconf 82' lang='lat' dir='ltr'><strong>Broohyne</strong></span> <span class='ocrx_word' id='word_1_182' title='bbox 603 3330 674 3376; x_wconf 89' lang='lat' dir='ltr'><strong>oum</strong></span> <span class='ocrx_word' id='word_1_183' title='bbox 691 3310 838 3396; x_wconf 86' lang='lat' dir='ltr'><strong>pissoine</strong></span> <span class='ocrx_word' id='word_1_184' title='bbox 863 3318 896 3378; x_wconf 90' lang='lat' dir='ltr'><strong>et</strong></span> <span class='ocrx_word' id='word_1_185' title='bbox 910 3311 1059 3378; x_wconf 89' lang='lat' dir='ltr'><strong>omnibus</strong></span> <span class='ocrx_word' id='word_1_186' title='bbox 1081 3310 1277 3378; x_wconf 81' lang='lat' dir='ltr'><strong>utilitatibus</strong></span> <span class='ocrx_word' id='word_1_187' title='bbox 1293 3310 1362 3376; x_wconf 90' lang='lat' dir='ltr'><strong>suis</strong></span> <span class='ocrx_word' id='word_1_188' title='bbox 1380 3331 1443 3396; x_wconf 89' lang='lat' dir='ltr'><strong>pro</strong></span> 
     </span>
     <span class='ocr_line' id='line_1_25' title="bbox 311 3416 1444 3504; baseline 0.003 -24"><span class='ocrx_word' id='word_1_189' title='bbox 311 3416 428 3500; x_wconf 82' lang='lat' dir='ltr'><strong>viginti</strong></span> <span class='ocrx_word' id='word_1_190' title='bbox 455 3418 574 3483; x_wconf 86' lang='lat' dir='ltr'><strong>merois</strong></span> <span class='ocrx_word' id='word_1_191' title='bbox 601 3424 723 3484; x_wconf 82' lang='lat' dir='ltr'><strong>etune</strong></span> <span class='ocrx_word' id='word_1_192' title='bbox 751 3418 853 3485; x_wconf 91' lang='lat' dir='ltr'><strong>eidem</strong></span> <span class='ocrx_word' id='word_1_193' title='bbox 876 3419 993 3486; x_wconf 72' lang='lat' dir='ltr'><strong>domiti</strong></span> <span class='ocrx_word' id='word_1_194' title='bbox 1018 3417 1199 3504; x_wconf 84' lang='lat' dir='ltr'><strong>Perohyno,</strong></span> <span class='ocrx_word' id='word_1_195' title='bbox 1226 3422 1258 3484; x_wconf 92' lang='lat' dir='ltr'><strong>et</strong></span> <span class='ocrx_word' id='word_1_196' title='bbox 1281 3437 1339 3502; x_wconf 90' lang='lat' dir='ltr'><strong>per</strong></span> <span class='ocrx_word' id='word_1_197' title='bbox 1365 3437 1444 3484; x_wconf 90' lang='lat' dir='ltr'><strong>eum</strong></span> 
     </span>
     <span class='ocr_line' id='line_1_26' title="bbox 310 3513 1446 3609; baseline 0 -19"><span class='ocrx_word' id='word_1_198' title='bbox 310 3513 383 3590; x_wconf 55' lang='lat' dir='ltr'><strong>&#39;suis</strong></span> <span class='ocrx_word' id='word_1_199' title='bbox 411 3521 582 3591; x_wconf 89' lang='lat' dir='ltr'><strong>heredibus</strong></span> <span class='ocrx_word' id='word_1_200' title='bbox 613 3524 832 3609; x_wconf 86' lang='lat' dir='ltr'><strong>heredumque</strong></span> <span class='ocrx_word' id='word_1_201' title='bbox 862 3527 1100 3594; x_wconf 79' lang='lat' dir='ltr'><strong>suecessoribus</strong></span> <span class='ocrx_word' id='word_1_202' title='bbox 1133 3527 1201 3592; x_wconf 87' lang='lat' dir='ltr'><strong>iuro</strong></span> <span class='ocrx_word' id='word_1_203' title='bbox 1225 3529 1382 3609; x_wconf 90' lang='lat' dir='ltr'><strong>perpetuo</strong></span> <span class='ocrx_word' id='word_1_204' title='bbox 1410 3533 1446 3591; x_wconf 86' lang='lat' dir='ltr'><strong>et</strong></span> 
     </span>
     <span class='ocr_line' id='line_1_27' title="bbox 310 3630 1447 3719; baseline 0.004 -23"><span class='ocrx_word' id='word_1_205' title='bbox 310 3630 570 3698; x_wconf 81' lang='lat' dir='ltr'><strong>inreuooebiliter</strong></span> <span class='ocrx_word' id='word_1_206' title='bbox 594 3633 845 3719; x_wconf 79' lang='lat' dir='ltr'><strong>possidendam,</strong></span> <span class='ocrx_word' id='word_1_207' title='bbox 874 3635 934 3704; x_wconf 88' lang='lat' dir='ltr'><strong>sub</strong></span> <span class='ocrx_word' id='word_1_208' title='bbox 955 3633 1078 3702; x_wconf 89' lang='lat' dir='ltr'><strong>eisdem</strong></span> <span class='ocrx_word' id='word_1_209' title='bbox 1101 3633 1196 3700; x_wconf 88' lang='lat' dir='ltr'><strong>metis</strong></span> <span class='ocrx_word' id='word_1_210' title='bbox 1221 3637 1254 3698; x_wconf 87' lang='lat' dir='ltr'><strong>et</strong></span> <span class='ocrx_word' id='word_1_211' title='bbox 1277 3634 1447 3719; x_wconf 85' lang='lat' dir='ltr'><strong>terminis,</strong></span> 
     </span>
     <span class='ocr_line' id='line_1_28' title="bbox 310 3737 1447 3832; baseline 0.002 -28"><span class='ocrx_word' id='word_1_212' title='bbox 310 3737 392 3806; x_wconf 88' lang='lat' dir='ltr'><strong>siout</strong></span> <span class='ocrx_word' id='word_1_213' title='bbox 417 3738 451 3802; x_wconf 93' lang='lat' dir='ltr'><strong>in</strong></span> <span class='ocrx_word' id='word_1_214' title='bbox 466 3737 586 3806; x_wconf 89' lang='lat' dir='ltr'><strong>litteris</strong></span> <span class='ocrx_word' id='word_1_215' title='bbox 602 3739 745 3825; x_wconf 77' lang='lat' dir='ltr'><strong>Capituli</strong></span> <span class='ocrx_word' id='word_1_216' title='bbox 760 3741 993 3826; x_wconf 80' lang='lat' dir='ltr'><strong>Zegrobiensis</strong></span> <span class='ocrx_word' id='word_1_217' title='bbox 1013 3741 1230 3810; x_wconf 82' lang='lat' dir='ltr'><strong>eontinentur.</strong></span> <span class='ocrx_word' id='word_1_218' title='bbox 1253 3749 1344 3828; x_wconf 65' lang='lat' dir='ltr'><strong>Quas</strong></span> <span class='ocrx_word' id='word_1_219' title='bbox 1371 3752 1447 3832; x_wconf 76' lang='lat' dir='ltr'><strong>qui.</strong></span> 
     </span>
     <span class='ocr_line' id='line_1_29' title="bbox 310 3846 1447 3934; baseline 0.009 -23"><span class='ocrx_word' id='word_1_220' title='bbox 310 3846 383 3912; x_wconf 91' lang='lat' dir='ltr'><strong>dem</strong></span> <span class='ocrx_word' id='word_1_221' title='bbox 414 3846 531 3932; x_wconf 78' lang='lat' dir='ltr'><strong>viginti</strong></span> <span class='ocrx_word' id='word_1_222' title='bbox 562 3867 690 3918; x_wconf 82' lang='lat' dir='ltr'><strong>meroes</strong></span> <span class='ocrx_word' id='word_1_223' title='bbox 716 3855 749 3916; x_wconf 89' lang='lat' dir='ltr'><strong>et</strong></span> <span class='ocrx_word' id='word_1_224' title='bbox 782 3869 881 3915; x_wconf 78' lang='lat' dir='ltr'><strong>unam</strong></span> <span class='ocrx_word' id='word_1_225' title='bbox 911 3847 1057 3934; x_wconf 82' lang='lat' dir='ltr'><strong>prefatus</strong></span> <span class='ocrx_word' id='word_1_226' title='bbox 1081 3853 1198 3922; x_wconf 88' lang='lat' dir='ltr'><strong>Petrus</strong></span> <span class='ocrx_word' id='word_1_227' title='bbox 1225 3857 1307 3926; x_wconf 85' lang='lat' dir='ltr'><strong>dixit</strong></span> <span class='ocrx_word' id='word_1_228' title='bbox 1332 3877 1370 3924; x_wconf 89' lang='lat' dir='ltr'><strong>se</strong></span> <span class='ocrx_word' id='word_1_229' title='bbox 1401 3857 1447 3924; x_wconf 80' lang='lat' dir='ltr'><strong>ab</strong></span> 
     </span>
     <span class='ocr_line' id='line_1_30' title="bbox 311 3952 1447 4049; baseline 0.011 -30"><span class='ocrx_word' id='word_1_230' title='bbox 311 3952 425 4022; x_wconf 88' lang='lat' dir='ltr'><strong>eodem</strong></span> <span class='ocrx_word' id='word_1_231' title='bbox 441 3955 610 4041; x_wconf 84' lang='lat' dir='ltr'><strong>Perohyno</strong></span> <span class='ocrx_word' id='word_1_232' title='bbox 627 3955 751 4023; x_wconf 80' lang='lat' dir='ltr'><strong>Gemite</strong></span> <span class='ocrx_word' id='word_1_233' title='bbox 766 3957 914 4042; x_wconf 80' lang='lat' dir='ltr'><strong>plenarie</strong></span> <span class='ocrx_word' id='word_1_234' title='bbox 932 3958 1103 4042; x_wconf 90' lang='lat' dir='ltr'><strong>reoepisse.</strong></span> <span class='ocrx_word' id='word_1_235' title='bbox 1135 3963 1174 4028; x_wconf 94' lang='lat' dir='ltr'><strong>In</strong></span> <span class='ocrx_word' id='word_1_236' title='bbox 1190 3963 1281 4032; x_wconf 87' lang='lat' dir='ltr'><strong>ouius</strong></span> <span class='ocrx_word' id='word_1_237' title='bbox 1296 3985 1356 4049; x_wconf 85' lang='lat' dir='ltr'><strong>rey</strong></span> <span class='ocrx_word' id='word_1_238' title='bbox 1374 3985 1447 4032; x_wconf 88' lang='lat' dir='ltr'><strong>me·</strong></span> 
     </span>
     <span class='ocr_line' id='line_1_31' title="bbox 310 4061 1447 4156; baseline 0.014 -32"><span class='ocrx_word' id='word_1_239' title='bbox 310 4061 444 4129; x_wconf 83' lang='lat' dir='ltr'><strong>moriem</strong></span> <span class='ocrx_word' id='word_1_240' title='bbox 480 4069 513 4128; x_wconf 89' lang='lat' dir='ltr'><strong>et</strong></span> <span class='ocrx_word' id='word_1_241' title='bbox 541 4071 733 4149; x_wconf 82' lang='lat' dir='ltr'><strong>perpetuam</strong></span> <span class='ocrx_word' id='word_1_242' title='bbox 767 4064 952 4131; x_wconf 77' lang='lat' dir='ltr'><strong>firmitatem</strong></span> <span class='ocrx_word' id='word_1_243' title='bbox 984 4074 1152 4151; x_wconf 90' lang='lat' dir='ltr'><strong>presentes</strong></span> <span class='ocrx_word' id='word_1_244' title='bbox 1176 4069 1218 4135; x_wconf 87' lang='lat' dir='ltr'><strong>ed</strong></span> <span class='ocrx_word' id='word_1_245' title='bbox 1243 4069 1447 4156; x_wconf 79' lang='lat' dir='ltr'><strong>peticionem</strong></span> 
     </span>
     <span class='ocr_line' id='line_1_32' title="bbox 310 4169 1446 4257; baseline 0.012 -25"><span class='ocrx_word' id='word_1_246' title='bbox 310 4169 455 4251; x_wconf 85' lang='lat' dir='ltr'><strong>poroium</strong></span> <span class='ocrx_word' id='word_1_247' title='bbox 485 4171 703 4239; x_wconf 87' lang='lat' dir='ltr'><strong>oonoessimus</strong></span> <span class='ocrx_word' id='word_1_248' title='bbox 730 4170 856 4239; x_wconf 84' lang='lat' dir='ltr'><strong>litteras</strong></span> <span class='ocrx_word' id='word_1_249' title='bbox 881 4172 982 4257; x_wconf 84' lang='lat' dir='ltr'><strong>sigilli</strong></span> <span class='ocrx_word' id='word_1_250' title='bbox 1008 4174 1112 4240; x_wconf 88' lang='lat' dir='ltr'><strong>nostri</strong></span> <span class='ocrx_word' id='word_1_251' title='bbox 1144 4177 1321 4244; x_wconf 88' lang='lat' dir='ltr'><strong>munimine</strong></span> <span class='ocrx_word' id='word_1_252' title='bbox 1345 4179 1446 4246; x_wconf 78' lang='lat' dir='ltr'><strong>roho</strong></span> 
     </span>
    </p>
   </div>
   <div class='ocr_carea' id='block_1_14' title="bbox 308 4277 879 4352">
    <p class='ocr_par' dir='ltr' id='par_1_15' title="bbox 308 4277 879 4352">
     <span class='ocr_line' id='line_1_33' title="bbox 308 4277 879 4352; baseline 0.005 -10"><span class='ocrx_word' id='word_1_253' title='bbox 308 4280 407 4344; x_wconf 81' lang='lat' dir='ltr'><strong>retes.</strong></span> <span class='ocrx_word' id='word_1_254' title='bbox 431 4277 552 4346; x_wconf 77' lang='lat' dir='ltr'><strong>Datum</strong></span> <span class='ocrx_word' id='word_1_255' title='bbox 568 4279 879 4352; x_wconf 64' lang='lat' dir='ltr'><strong>bredhxxdms</strong></span> 
     </span>
    </p>
   </div>
   <div class='ocr_carea' id='block_1_15' title="bbox 311 4415 1450 4494">
    <p class='ocr_par' dir='ltr' id='par_1_16' title="bbox 311 4415 1450 4494">
     <span class='ocr_line' id='line_1_34' title="bbox 311 4415 1450 4494; baseline 0.013 -24"><span class='ocrx_word' id='word_1_256' title='bbox 311 4415 444 4484; x_wconf 81' lang='lat' dir='ltr'><strong>[Eredetie</strong></span> <span class='ocrx_word' id='word_1_257' title='bbox 456 4417 633 4488; x_wconf 75' lang='lat' dir='ltr'><strong>bb&#39;rhdrtydn,</strong></span> <span class='ocrx_word' id='word_1_258' title='bbox 652 4437 670 4472; x_wconf 81' lang='lat' dir='ltr'><strong>s.</strong></span> <span class='ocrx_word' id='word_1_259' title='bbox 682 4421 836 4477; x_wconf 76' lang='lat' dir='ltr'><strong>vitudu-sbld</strong></span> <span class='ocrx_word' id='word_1_260' title='bbox 856 4421 1081 4487; x_wconf 75' lang='lat' dir='ltr'><strong>selyemssiudron</strong></span> <span class='ocrx_word' id='word_1_261' title='bbox 1104 4425 1190 4493; x_wconf 72' lang='lat' dir='ltr'><strong>idggd</strong></span> <span class='ocrx_word' id='word_1_262' title='bbox 1209 4424 1302 4494; x_wconf 74' lang='lat' dir='ltr'><strong>peesdt</strong></span> <span class='ocrx_word' id='word_1_263' title='bbox 1314 4429 1409 4492; x_wconf 69' lang='lat' dir='ltr'><strong>ulett3</strong></span> <span class='ocrx_word' id='word_1_264' title='bbox 1431 4447 1450 4485; x_wconf 74' lang='lat' dir='ltr'><strong>u</strong></span> 
     </span>
    </p>
   </div>
   <div class='ocr_carea' id='block_1_16' title="bbox 630 4511 1121 4581">
    <p class='ocr_par' dir='ltr' id='par_1_17' title="bbox 630 4511 1121 4581">
     <span class='ocr_line' id='line_1_35' title="bbox 630 4511 1121 4581; baseline 0.004 -17"><span class='ocrx_word' id='word_1_265' title='bbox 630 4511 714 4564; x_wconf 75' lang='lat' dir='ltr'><strong>budsi</strong></span> <span class='ocrx_word' id='word_1_266' title='bbox 728 4512 779 4565; x_wconf 85' lang='lat' dir='ltr'><strong>lrir.</strong></span> <span class='ocrx_word' id='word_1_267' title='bbox 793 4513 915 4564; x_wconf 76' lang='lat' dir='ltr'><strong>ksmorai</strong></span> <span class='ocrx_word' id='word_1_268' title='bbox 928 4512 1121 4581; x_wconf 74' lang='lat' dir='ltr'><strong>lerdltdrben.)</strong></span> 
     </span>
    </p>
   </div>
   <div class='ocr_carea' id='block_1_17' title="bbox 766 4663 978 4680">
    <p class='ocr_par' dir='ltr' id='par_1_18' title="bbox 766 4663 978 4680">
     <span class='ocr_line' id='line_1_36' title="bbox 766 4663 978 4680; baseline 0.009 -4"><span class='ocrx_word' id='word_1_269' title='bbox 766 4663 978 4680; x_wconf 44' lang='lat' dir='ltr'><strong><em>m</em></strong></span> 
     </span>
    </p>
   </div>
   <div class='ocr_carea' id='block_1_18' title="bbox 0 0 1567 5158">
    <p class='ocr_par' dir='ltr' id='par_1_19' title="bbox 0 0 1567 5158">
     <span class='ocr_line' id='line_1_37' title="bbox 0 0 1567 5158; baseline 0 0"><span class='ocrx_word' id='word_1_270' title='bbox 0 0 1567 5158; x_wconf 95' lang='lat' dir='ltr'><strong> </strong></span> 
     </span>
    </p>
   </div>
  </div>
 </body>
</html>
