3080 5160
788 343 946 447 „Q

308 537 557 625 firmitatemque
573 537 803 608 durabiliorem
820 547 987 628 presentes
1003 539 1124 607 eisdem
1132 525 1361 610 'ooneessimus
1379 541 1427 610 lit·

307 653 394 712 teras
418 655 545 716 nostras
570 647 794 734 priuilegiales
820 647 993 735 pendentis
1017 647 1120 732 sigilli
1136 649 1238 718 nostri
1255 651 1428 717 munimine

306 755 484 824 roboratos.
519 757 638 823 Datum
664 758 697 824 in
729 755 819 825 Baeb
847 755 895 840 (in
921 755 1063 845 oetauis)
1093 757 1166 826 festi
1192 759 1286 828 Beati
1317 757 1428 826 Jaoobi

305 864 454 950 Apostoli
479 885 563 933 auno
589 865 719 934 Domini
735 867 785 932 Μ’)
800 865 1020 934 ducentesimo
1035 867 1259 952 ootuageeimo
1275 867 1426 936 seeundo.

271 1031 274 1036 .
306 971 559 1041 Honorabilibus
588 973 665 1040 viris
690 981 722 1040 et
745 971 882 1042 dominis
906 975 1044 1042 Nioolao
1075 977 1264 1065 Prepesito,
1295 975 1425 1062 Philipo

306 1081 449 1167 Lectore,
474 1082 653 1150 Laureneio
678 1083 827 1168 emtore,
854 1083 1049 1152 Sebastiano
1075 1083 1320 1172 Arebidiaoono,
1340 1085 1424 1152 Jona

307 1189 522 1279 (Sirmiensi),
564 1191 689 1259 Thomu
719 1191 913 1276 Zegediensi
945 1191 1210 1280 Arohidiaoonis,
1242 1191 1428 1279 Moreolpbo

267 1303 273 1316 '
305 1299 454 1388 Custode,
480 1299 662 1384 ueterisque
686 1300 859 1371 (tanonieis
885 1303 955 1370 Deo
978 1301 1099 1387 jugiter
1126 1302 1367 1373 famulantibus
1394 1303 1423 1370 in

306 1407 452 1476 Doelesia
471 1409 657 1478 Baebiensi.

306 1623 341 1688 (A
360 1623 435 1678 briesi
450 1625 638 1694 utputannak
655 1630 731 1681 1336.
746 1631 793 1698 „in
807 1629 904 1696 vigilia
918 1630 1047 1682 Omnium
1061 1623 1239 1682 &ocemund
1254 1629 1373 1698 „nobilis
1389 1631 1427 1682 vir

307 1715 438 1782 Magister
450 1719 545 1770 Petrus
559 1718 631 1770 filius
644 1719 767 1772 Ladielai
781 1719 830 1784 filij
845 1721 928 1786 Ipeeb
942 1721 975 1772 de
985 1721 1079 1770 Bodon
1089 1721 1240 1772 Comitatus
1251 1719 1425 1772 Baebieusir“

386 1805 510 1862 uerbere
524 1809 633 1862 biadott
645 1805 811 1873 terremotu
834 1825 851 1862 a
864 1811 945 1862 bodri
958 1810 1010 1864 kir.
1023 1811 1143 1862 kamarai
1156 1805 1351 1874 lerdltirbau.)

759 2099 966 2112 ῌιιο--ι

830 2619 907 2687 242.

303 2837 351 2904 Aa
376 2843 442 2925 syri
465 2839 685 2926 lepralannat·
710 2837 978 2924 bizonpedpleuele,
1003 2838 1084 2921 bopp
1111 2833 1181 2900 Aba
1197 2834 1423 2924 nemzetsdpbelr'

303 2945 429 3014 Saudo»
445 2948 599 3012 comesnelr
606 2948 673 3030 fini
689 2947 907 3030 Peterjtaival
924 2947 1071 3033 Limus-2·
1086 2945 1295 3011 birtokuleban
1312 2957 1422 3011 osztoz·

744 3056 874 3121 kodtak.
896 3055 991 3121 1282.

410 3271 565 3340 Omnibus
591 3271 708 3338 Christi
739 3271 891 3338 fidelibus
925 3280 991 3337 tam
1024 3271 1229 3354 presentibus
1259 3287 1354 3351 quum
1379 3267 1425 3332 su·

303 3381 383 3446 toris
407 3398 540 3466 presens
568 3381 721 3467 seriptum
737 3381 931 3466 inspeoturis
954 3377 1138 3464 Capitulum
1162 3377 1307 3446 Euelesie
1332 3375 1422 3458 Agri·

303 3490 392 3556 ensis
425 3489 563 3556 salutem
591 3490 626 3555 io
651 3487 791 3554 omnium
823 3487 996 3554 saluatore.
1019 3485 1067 3553 Ad
1092 3485 1315 3552 uniuersorum
1346 3485 1426 3550 noti-

302 3599 385 3663 ciam
417 3596 528 3664 barum
561 3599 647 3664 serie
678 3598 825 3663 uolumus
862 3595 1049 3682 peruenire:
1084 3591 1168 3678 quod
1201 3594 1365 3659 Demetrio
1393 3597 1425 3656 et

302 3705 488 3774 Alexandro
513 3707 589 3790 filijs
615 3706 750 3774 Comitis
769 3705 949 3772 Alexandri
976 3703 1016 3782 de
1039 3722 1157 3788 genera
1179 3701 1253 3767 Aba
1269 3721 1328 3787 pro
1344 3723 1379 3770 se
1397 3707 1429 3768 et

299 3836 356 3900 pro
372 3815 510 3883 statibus
526 3815 604 3900 suis,
619 3815 771 3882 videlieet
784 3814 939 3900 Magistro
955 3813 1112 3880 Ladizlao
1128 3809 1298 3897 Preposito
1324 3811 1423 3898 Tytu·

299 3923 404 4009 liensi,
435 3932 467 3990 et
491 3924 637 4008 Nyoolao
663 3926 705 3990 ab
732 3943 796 3990 vna
820 3929 931 4008 parte;
956 3921 1093 3998 Luoaob,
1118 3921 1228 4003 Petro,
1247 3919 1422 4004 Demetrio,

299 4031 464 4117 Stephano
481 4039 513 4099 et
528 4031 682 4099 Ladizlao
699 4031 774 4116 filiis
791 4031 878 4098 Petri
896 4049 937 4096 ex
952 4031 1056 4099 altera
1072 4047 1179 4095 eoram
1196 4027 1291 4094 nobis
1316 4047 1422 4113 perso-

299 4140 416 4206 naliter
440 4139 624 4207 oonstitutis
650 4147 683 4206 et
708 4137 1026 4226 comparentibns‚·in
1051 4135 1257 4222 possessione
1273 4135 1418 4222 ipsorum

299 4248 423 4335 Lipoob
449 4258 567 4314 voeata
591 4249 689 4316 talem
714 4247 907 4315 diuisionem
934 4244 1132 4314 ooneorditer
1151 4243 1235 4310 inter
1249 4263 1286 4310 se
1310 4243 1426 4311 fecisse

301 4358 483 4423 retulerunt
500 4357 576 4422 uiua
592 4378 693 4424 uooe:
717 4355 811 4433 Quod
827 4355 1050 4440 residentiam,
1068 4353 1183 4438 inqua
1208 4349 1330 4438 pariter
1355 4353 1429 4418 resi-

299 4467 429 4548 debant,
445 4465 508 4549 ipsi
524 4465 584 4547 filij
601 4464 687 4532 Petri
713 4484 749 4532 se
766 4466 981 4533 transferrent
1005 4462 1048 4528 ab
1076 4462 1190 4529 eadem
1216 4459 1431 4544 relinquendo

298 4573 375 4656 filijs
391 4572 570 4638 Alexandri
588 4571 739 4642 iratribus
756 4573 917 4659 ipsorum;
942 4569 1146 4658 procedendo
1171 4575 1282 4636 tanuen
1310 4567 1430 4634 diuisio

299 4679 401 4764 ipsius
418 4678 630 4761 possessionis
648 4680 706 4748 tali
724 4681 819 4748 modo
834 4685 895 4750 snb
912 4681 1006 4749 metis
1023 4686 1054 4745 et
1070 4677 1219 4744 terminis
1243 4675 1428 4762 infrascrip-
