3146 5166
866 277 933 344 546

821 367 981 378 ......——-—

335 473 496 540 dictarum
510 473 762 559 promissionum
779 480 812 540 et
837 471 1078 558 obligacionum
1103 487 1213 536 eorum
1239 465 1401 552 precibus,
1426 470 1454 530 et

336 579 489 648 mandato
505 582 539 646 in
555 581 712 666 predictis
729 583 977 667 quantitatibus,
993 583 1089 664 prout
1103 596 1204 662 supra
1221 575 1380 660 scriptum
1404 579 1456 654 est,

335 711 394 776 per
408 689 572 776 predictos
589 689 807 778 fideiussores,
824 710 889 756 non
905 688 983 774 iure,
1000 693 1033 754 et
1049 683 1200 752 omnibus
1216 683 1325 767 legum
1350 685 1385 747 et
1411 677 1458 746 de

336 801 497 862 cretosum
521 795 654 874 auxiliis
670 797 788 878 quibus
816 815 851 863 se
878 797 962 864 tueri
980 793 1032 861 rel
1048 791 1225 861 defendere
1239 787 1338 855 modo
1354 788 1459 871 aliquo
1542 877 1543 888 ἵ

336 909 479 990 possent.
507 903 632 970 Idcirco
658 903 737 970 dicti
754 905 878 990 Petrus,
894 904 1010 987 Lucas,
1035 901 1175 987 Zannes,
1192 895 1420 966 Martiuossius
1435 899 1460 958 et
1542 891 1543 970 ζ

336 1013 540 1095 Margarctus
556 1010 715 1095 solempni
740 1009 958 1096 stipulatione
982 1009 1204 1095 promiserunt
1226 995 1362 1072 domino
1386 1003 1461 1068 'leo-

337 1117 430 1184 dosio
446 1118 615 1202 stipulanti
633 1125 664 1184 et
699 1117 868 1202 recipienti
882 1125 950 1184 tam
966 1137 1025 1202 pro
1042 1136 1089 1202 sc,
1126 1134 1223 1198 quarn
1240 1133 1298 1199 pro
1314 1110 1458 1178 omnibus

339 1230 372 1292 et
401 1225 541 1308 singulis
573 1224 818 1294 fideiussoribus
834 1215 1056 1312 supradictis,
1106 1223 1196 1308 ipsos
1229 1229 1263 1287 et
1293 1217 1464 1302 quemlibet

339 1351 450 1399 eorum
467 1333 713 1420 omnitempore
738 1355 760 1401 a
784 1334 881 1402 dictis
905 1332 1183 1419 promissionibus,
1199 1325 1459 1396 fideiussionibus

256 1434 259 1443 ’
340 1445 374 1506 et
389 1439 660 1528 obligaoionibus,
685 1450 718 1509 et
730 1443 773 1509 ab
789 1421 939 1509 omnibns
956 1448 988 1508 et
1004 1438 1143 1527 singulis
1160 1435 1321 1523 dampnis,
1348 1453 1462 1520 expen-

339 1546 385 1614 sis
403 1555 434 1614 ct
450 1548 620 1636 interesse,
636 1555 668 1615 et
686 1570 797 1616 eorum
813 1557 846 1616 et
861 1548 1034 1616 cuiuslibet
1050 1566 1161 1613 eorum
1178 1543 1315 1610 heredes
1342 1561 1463 1608 conser-

340 1676 420 1722 uare
446 1657 656 1742 indempnes;
681 1657 865 1743 obligantes
892 1676 927 1723 se
952 1655 1168 1743 personaliter
1192 1660 1225 1719 ct
1248 1651 1361 1718 omnia
1385 1650 1466 1715 bona

341 1783 401 1831 sua
410 1767 580 1849 presenciae
589 1773 621 1832 et
632 1765 753 1852 futura,
765 1786 822 1852 pro
832 1766 1065 1832 obseruacione
1075 1762 1216 1830 omnium
1228 1767 1260 1826 et
1268 1759 1465 1843 singulorum

340 1871 558 1957 predictorum
576 1872 706 1940 domino
722 1873 906 1940 Theodosio
922 1871 1091 1958 stipulanti
1116 1869 1246 1936 nomine
1273 1887 1342 1952 suo,
1357 1873 1391 1932 ct
1414 1884 1463 1929 no·
1543 1907 1544 1956 1

342 1979 428 2044 mine
453 1979 593 2046 omnium
619 1987 652 2045 et
677 1979 877 2065 singulorum
902 1979 1119 2066 predictorum
1143 1975 1376 2043 fideiussorum
1400 1969 1466 2047 Qus

341 2085 451 2152 omnia
465 2087 676 2170 singulariter
707 2089 838 2173 singula
863 2095 895 2154 et
919 2086 1152 2155 uniuersaliter
1178 2083 1331 2152 uniuersa
1355 2078 1466 2166 prorni-

341 2199 454 2260 serunt
467 2193 546 2261 dicti
561 2195 684 2280 Petrus,
702 2196 818 2278 Lucas,
833 2197 972 2283 Zaunes,
982 2191 1209 2262 Martinossius
1219 2197 1254 2258 et
1261 2190 1463 2273 Margaretus

340 2300 555 2386 stipulacione
571 2301 730 2388 solempni
746 2302 835 2370 dicto
850 2302 1035 2370 'l‘lreodosio
1061 2297 1235 2386 stipulanti
1249 2305 1282 2364 et
1297 2291 1463 2380 recipienti

347 2410 478 2476 nomine
493 2430 561 2496 suo,
589 2417 622 2478 et
645 2411 778 2480 nomine
803 2412 945 2478 omnium
971 2417 1003 2476 et
1029 2408 1229 2498 singulorum
1254 2403 1467 2492 predictorum

341 2513 573 2601 fideiussorum,
588 2524 660 2586 rata
677 2525 709 2585 ct
723 2519 816 2586 firma
832 2517 953 2586 habere
969 2523 1002 2584 et
1026 2523 1148 2600 tenere,
1165 2513 1336 2582 attendere
1362 2517 1394 2578 ct
1416 2509 1467 2575 ob

341 2644 482 2709 seruarc,
499 2631 532 2692 et
548 2645 612 2692 non
638 2628 875 2714 contrauenirc,
902 2633 935 2694 et
959 2625 1080 2692 damna
1096 2629 1129 2692 et
1154 2641 1314 2710 expensas
1339 2619 1467 2686 relicere

347 2730 523 2820 indebitas,
541 2739 690 2820 etenira,
708 2735 769 2802 sub
785 2753 871 2820 pena
887 2743 919 2801 et
934 2733 1139 2818 obligacione
1169 2729 1311 2796 omnium
1342 2743 1467 2794 suorum

343 2840 501 2907 bonorum
518 2843 720 2926 presencium
738 2849 770 2907 et
785 2841 975 2931 futurorum,
992 2846 1025 2909 et
1039 2863 1098 2928 pro
1114 2845 1189 2906 rate
1219 2855 1332 2906 eorum
1357 2841 1391 2901 et
1415 2851 1465 2898 cu·
1544 2859 1545 2930 3

345 2945 477 3014 inslibet
491 2967 621 3015 eorum:
637 2949 755 3017 dantes
776 2957 808 3017 et
820 2948 1032 3018 concedentes
1048 2947 1152 3015 eciam
1166 2943 1352 3013 Theodosio
1370 2939 1465 3026 stipu·
1544 2933 1545 3024 j

343 3053 427 3120 lenti
443 3074 502 3122 suc
518 3057 648 3124 nomine
664 3065 696 3124 et
711 3056 843 3123 nomine
859 3055 1078 3143 predictorum
1104 3051 1341 3138 fideiussorum,
1368 3055 1462 3130 atque
1544 3085 1545 3122 z

343 3161 500 3250 volentes,
516 3163 601 3246 quod
617 3165 646 3232 si
662 3185 791 3250 percos
807 3165 860 3232 vel
876 3163 1018 3249 aliquem
1033 3163 1176 3247 ipsorum
1191 3159 1341 3227 fueritin
1357 3155 1463 3238 aliquo

343 3265 597 3357 contrafactum,
620 3271 796 3358 licentiam,
822 3271 1013 3354 libertatem,
1044 3269 1190 3355 bayliam
1217 3273 1250 3334 et
1273 3270 1462 3351 potestatem

343 3374 536 3442 auctoritate
544 3375 687 3465 propria,
699 3377 859 3465 capitulis,
868 3377 1008 3465 statutis,
1019 3373 1250 3443 ordinamentis
1270 3391 1328 3438 seu
1339 3387 1464 3437 consuc-

343 3479 510 3549 tudinibus
526 3481 666 3552 alicuius
692 3485 853 3570 Ciuitatis,
880 3484 990 3551 Oastri
1016 3481 1068 3551 vel
1082 3481 1146 3548 loci
1162 3502 1229 3548 non
1250 3479 1461 3560 obstantibus,

343 3590 432 3675 ipsos
448 3593 665 3676 personaliter
681 3593 843 3680 capiendi,
860 3591 1001 3659 ducendi
1017 3597 1048 3657 ct
1063 3588 1250 3674 detinendi;
1277 3607 1318 3654 ac
1344 3603 1465 3672 posses·

345 3697 470 3764 sionem
488 3705 519 3764 et
534 3704 679 3764 tenutam
695 3699 854 3766 dictorum
870 3699 1027 3765 bonorum
1038 3694 1192 3780 intrandi,
1218 3691 1390 3776 vendendi,
1416 3689 1462 3756 uel

343 3804 434 3888 apud
448 3825 484 3870 se
499 3803 584 3871 iusto
595 3805 703 3890 precio
714 3804 893 3890 detinendi,
905 3804 1010 3872 donec
1026 3804 1073 3870 eis
1086 3810 1117 3870 et
1127 3801 1262 3868 cuilibet
1273 3819 1383 3868 eorum
1393 3795 1460 3865 fide

344 3911 505 3978 iussorum
516 3917 690 3980 etsuorum
700 3913 856 3981 heredum
867 3913 1071 3999 depretactis
1087 3909 1324 3994 quantitatibus
1337 3913 1370 3975 et
1380 3905 1463 3971 dam-

350 4019 436 4103 puis,
448 4019 608 4105 expensis,
619 4027 652 4087 et
663 4020 830 4107 interesse,
841 4019 940 4086 luerit
950 4020 1096 4086 totaliter
1106 4017 1331 4099 satisfactum
1357 4011 1468 4096 quibus

346 4125 510 4213 capitulis,
527 4127 669 4211 statutis,
686 4128 920 4195 ordinamentis
936 4135 969 4195 ct
989 4122 1278 4195 consuetudinibus
1291 4127 1404 4208 sponte
1437 4121 1465 4182 et

344 4252 496 4318 expresse
512 4237 762 4320 renunciarunt;
779 4241 812 4302 et
826 4255 913 4322 pena
928 4237 1036 4303 soluta
1066 4232 1118 4301 vel
1134 4252 1208 4318 nou,
1235 4230 1314 4296 ratis
1337 4243 1462 4294 manen·

343 4339 431 4409 tibus
445 4341 593 4443 omnibus
610 4349 642 4410 et
657 4342 795 4428 singulis
810 4340 1017 4430 supradictis.

591 4485 713 4554 (Lucius,
725 4459 855 4541 Memoris
866 4487 984 4542 storiche
995 4487 1024 4541 di
1037 4487 1110 4541 'l'usu
1124 4487 1183 4539 120.
1197 4483 1230 4559 l.)

814 4628 1020 4654 W
