3080 5160
852 257 1007 360 Q

366 458 439 526 laus
462 454 636 544 assumpsit
661 454 693 520 in
709 456 800 522 omni
831 453 1024 522 necessitate
1034 471 1146 521 eorum
1162 473 1184 519 a
1198 453 1322 522 cunctis
1341 451 1474 520 indebite

366 565 465 634 eciam
491 567 665 634 molessare
690 561 873 632 nolentibus
898 561 1048 630 fiideliter
1062 565 1107 630 vti
1124 570 1286 649 protector
1301 559 1475 646 detentere,

364 681 533 758 protegere
550 677 582 740 et
599 691 763 758 proposse
778 670 878 757 tueri;
896 670 1106 737 nihilominus
1122 671 1217 736 illesa
1232 670 1297 736 imo
1314 677 1347 738 et
1360 689 1479 738 conser-

363 787 442 848 uata
466 780 575 866 Herga
601 788 633 848 et
661 780 881 866 proximorum
906 799 1036 847 suorum
1061 777 1248 845 Nobilitatis
1264 777 1429 845 libertate.
1442 773 1476 842 Vt

364 887 462 972 igitur
478 888 662 957 huiusmodi
681 887 900 956 ordinacionis
916 909 973 956 seu
989 886 1179 955 donacionis
1195 888 1296 954 series
1312 886 1412 954 robur
1428 886 1474 955 ob·

364 997 465 1065 timeat
481 1005 633 1084 perpetue
657 998 829 1082 firmitatis,
861 1002 893 1062 et
909 1015 1061 1082 processu
1077 1001 1256 1082 temporum
1272 1003 1414 1082 nequeat
1428 995 1477 1062 ali·

364 1105 503 1189 qualiter
512 1105 546 1173 in
556 1107 681 1174 irritum
693 1104 845 1189 reuocari,
857 1106 900 1173 ad
910 1105 1103 1173 instanciam
1113 1107 1256 1192 parcium
1267 1105 1477 1192 predictarum

365 1214 476 1284 literas
494 1221 621 1281 nostras
644 1212 747 1298 sigilli
762 1215 863 1282 nostri
888 1213 1063 1281 munimine
1078 1216 1244 1282 roboratas
1262 1213 1474 1281 concessimus

362 1320 406 1390 ad
435 1321 605 1390 cautelam.
636 1321 757 1390 Datum
788 1311 886 1391 teloio
917 1321 971 1390 die
1000 1331 1075 1410 post
1109 1321 1226 1412 festum
1257 1323 1351 1390 Beati
1365 1320 1474 1390 Jacohi

360 1430 509 1519 Apostoli
538 1453 623 1500 anno
654 1432 784 1502 Domini
815 1432 987 1501 millesimo
1017 1430 1238 1502 ducentesimo
1266 1430 1476 1517 octuagesimo

362 1540 470 1610 tercio.

361 1755 502 1830 (Egarruiri
520 1757 616 1813 Liszlo
626 1759 739 1813 dalmat·
753 1755 859 1814 horrit-
872 1760 902 1814 es
924 1758 1068 1831 totorsnlgi
1081 1759 1191 1814 biunak
1202 1759 1220 1814 J
1221 1764 1344 1813 amnicus
1356 1757 1475 1827 help-alge

361 1846 433 1902 irlnt
447 1851 576 1904 uret-nik
589 1850 678 1904 esban
690 1852 749 1904 kalt
764 1850 925 1905 iteletlsrsla
946 1851 1022 1916 utin,
1050 1853 1132 1920 mally
1144 1869 1162 1905 a
1175 1852 1281 1920 Blagay
1293 1851 1391 1920 gresch
1409 1850 1476 1904 ulule-

361 1939 430 1991 relai
451 1940 514 1994 hort
525 1957 542 1993 a
554 1942 664 1996 Komori
685 1942 710 1993 b.
725 1941 898 1995 Bedahorich
911 1941 1003 1998 esalld
1013 1939 1197 1996 larhlthniban
1207 1955 1282 2004 ram
1308 1939 1374 2008 gros
1388 1938 1472 1994 Talahi

475 2029 569 2084 staret
579 2029 812 2084 ohlerelmisolati
826 2031 1068 2100 gyujtsmtnystul
1078 2033 1152 2086 lritsli
1170 2032 1255 2084 Saabh
1268 2031 1392 2099 Kiroly.)

815 2345 879 2354 ...-
903 2349 914 2353 ..
935 2348 1022 2354 .,.-,..-.

881 2809 957 2878 264.

357 3025 388 3088 Α
413 3027 607 3094 kereszteuelc
633 3032 821 3116 ecaterpame'
845 3028 1076 3115 tonoeorjtnet
1090 3027 1372 3117 biaonysciplevele,
1391 3029 1471 3114 ltopp

364 3131 513 3220 Vuncaay
533 3133 653 3202 Tonsos
667 3140 697 3201 e‘s
717 3135 820 3201 Oricia
830 3140 987 3223 poese'pai
997 3144 1145 3222 proposi,
1161 3161 1177 3201 s
1192 3136 1350 3201 Lodomtr
1368 3145 1475 3202 eamer-

547 3244 640 3329 9omi
655 3245 744 3310 erret
760 3245 831 3310 host
846 3245 1037 3311 hintokcaere
1053 3245 1175 3310 tinient.
1195 3243 1292 3308 1283.

608 3461 636 3524 A
905 3463 931 3528 Β
1200 3461 1225 3527 O

464 3639 578 3706 Frater
587 3639 772 3706 Dominicus
783 3641 939 3726 Magister
955 3641 1137 3728 Hospitalis
1152 3647 1279 3709 ettotus
1290 3641 1477 3709 Conueutus

356 3742 587 3812 Crucil'erorum
612 3747 725 3814 Sancti
749 3747 845 3832 Regis
876 3747 1033 3834 Stephani
1058 3749 1099 3815 de
1124 3747 1296 3834 Strigonio,
1314 3747 1479 3814 uniuersis

355 3859 517 3938 presentes
541 3852 666 3922 litteras
682 3855 877 3942 inspecturis
904 3856 1042 3924 salutem
1060 3857 1093 3924 in
1108 3856 1261 3942 largitore
1285 3855 1411 3924 salutis.
1428 3853 1481 3920 Ad

352 3960 574 4030 uniuersorum
599 3962 751 4032 noticiam
775 3970 890 4034 tenore
911 3967 1115 4052 presencium
1131 3966 1276 4032 volumus
1293 3965 1481 4053 peruenire,

353 4066 438 4155 quod
454 4070 573 4137 nobilis
588 4071 637 4138 sir
660 4072 815 4158 Magister
831 4073 983 4161 Thomas,
999 4074 1086 4142 filius
1100 4075 1186 4142 Petri
1202 4075 1244 4142 de
1260 4095 1375 4160 genere
1389 4075 1480 4141 Ban-

351 4177 422 4265 eha,
432 4199 533 4264 nepos
549 4178 671 4246 domini
681 4181 837 4268 Stephani
853 4183 1046 4271 Oardinnhn,
1063 4183 1191 4250 nomine
1207 4203 1275 4270 suo,
1294 4190 1327 4248 et
1344 4183 1483 4251 discreti

353 4285 415 4353 viri
432 4285 559 4366 Vrbani,
575 4289 738 4376 Prepositi
754 4291 901 4360 Ecclesie
912 4291 1025 4360 Sancti
1040 4291 1126 4359 Petri
1144 4292 1185 4360 de
1200 4292 1311 4376 Panga
1327 4289 1400 4380 (igy
1416 4291 1482 4360 Po·

350 4414 430 4480 sega
446 4393 580 4485 helyett)
602 4396 710 4466 fratris
737 4400 788 4467 sni
804 4400 943 4488 nominc,
961 4409 994 4469 et
1009 4399 1143 4489 speciali
1157 4400 1310 4468 mandato
1327 4399 1480 4468 eiusdem

351 4502 527 4590 Prepositi‚
558 4526 665 4573 coram
688 4507 782 4576 nobis
813 4509 1026 4597 personaliter
1057 4512 1271 4598 constitutus,
1304 4507 1481 4578 coufessus

356 4615 426 4696 est,
449 4616 551 4678 terras
576 4619 607 4680 et
625 4617 843 4700 possessiones
869 4641 946 4689 snas
971 4641 1044 4688 cum
1062 4623 1156 4690 terris
1188 4619 1357 4708 aratorijs,
1380 4637 1482 4704 prac-
