3124 5158
621 337 933 465 Q„

138 562 342 654 presencium
356 563 505 632 volumus
519 562 708 648 peruenire;
730 557 818 644 qnod
833 559 951 630 Petrus
966 561 1086 644 Bonus
1102 562 1135 626 et
1149 557 1263 626 cenes

137 675 262 743 Kemen
286 672 346 759 lilij
369 669 505 739 Comitis
520 669 690 740 Benedicti
704 666 817 738 fideles
831 669 935 738 nostri
950 667 993 738 ad
1009 671 1153 740 nostram
1169 683 1260 738 aoce-

137 781 253 851 dentes
267 777 466 866 presenciam
481 777 577 846 nobis
594 777 780 865 significare
794 783 996 863 consuerunt,
1021 774 1106 863 quod
1120 775 1260 860 quedam

136 888 303 974 possessio
318 885 429 972 Geyul
445 891 570 969 uocata,
581 904 645 970 que
660 883 738 952 olim
754 885 996 971 progenitorum
1005 903 1135 952 snorum
1145 882 1260 970 inerat,

136 1001 181 1064 ab
196 995 279 1083 ipsis
293 1015 359 1064 non
375 992 575 1078 exigentibus
590 993 697 1079 culpis
713 992 791 1076 suis,
807 991 867 1060 sed
881 991 1107 1080 potencialiter
1116 990 1262 1060 indebite

134 1105 254 1173 inisset
278 1102 423 1170 alienata
448 1107 480 1168 et
494 1105 673 1188 occupata3
690 1106 837 1186 petentes
853 1121 874 1168 a
890 1101 983 1169 nobis
1000 1119 1071 1168 com
1087 1098 1260 1187 instancia,

134 1223 171 1282 vt
197 1213 304 1300 ipsam
331 1197 566 1299 possessionem
592 1208 699 1295 Gayul
724 1208 845 1278 eisdem
874 1208 1007 1277 reddere
1033 1216 1066 1278 et
1089 1209 1260 1278 restituere

134 1323 354 1408 dignaremur.
375 1318 495 1388 Verum
511 1317 589 1404 quia
604 1317 775 1402 unicuique
790 1320 823 1386 in
841 1339 901 1388 sua
916 1317 1047 1386 iusticia
1063 1317 1180 1386 deesse
1194 1338 1260 1386 non

132 1430 310 1514 debemns;
333 1426 482 1496 fidelibus
506 1425 627 1494 nostris
649 1425 800 1520 capitulo
816 1426 1023 1496 Obasmensis
1039 1425 1188 1494 Ecclesia
1202 1425 1259 1494 nd-

133 1537 214 1608 stris
227 1533 421 1604 dederamus
430 1535 547 1604 litteris
557 1534 591 1601 in
601 1533 814 1620 mundationi
825 1555 897 1602 cum
908 1535 1057 1604 Jobanne
1066 1535 1132 1602 filio
1143 1533 1260 1621 (ingye

132 1627 386 1714 bominenostro
404 1642 622 1712 testimonium
642 1641 782 1728 ipsorum
793 1644 959 1711 mitterent
976 1643 1184 1730 deodignum,
1206 1663 1259 1712 co-

133 1773 205 1822 ram
215 1771 278 1838 quo
287 1748 373 1818 idem
383 1749 478 1820 homo
488 1759 596 1818 noter
605 1749 785 1837 predictam
796 1751 1033 1838 possessionem
1040 1750 1149 1837 Guyul
1159 1770 1260 1818 reem·

132 1861 263 1929 bularet
278 1858 482 1946 presentibus
498 1857 728 1928 oommetaneis
744 1865 776 1926 et
792 1858 918 1943 vicinis,
935 1865 969 1926 et
987 1859 1173 1928 restitueret
1197 1859 1259 1927 eis·

131 1969 207 2036 dem
232 1970 261 2038 si
285 1987 352 2036 non
379 1967 470 2036 deret
494 1966 739 2052 contradictum,
764 1967 1022 2036 contradictores
1051 1987 1137 2052 vero,
1158 1966 1260 2054 siqui

131 2076 260 2162 fierent,
270 2075 313 2142 ad
328 2081 471 2144 nostram
487 2075 603 2143 citaret
617 2073 824 2162 presenciam
840 2074 883 2144 ad
900 2076 1070 2142 terminum
1087 2081 1259 2162 conpeten-

132 2191 210 2250 tem.
238 2183 304 2267 Qui
328 2183 533 2271 postmodum
558 2183 651 2251 nobis
676 2184 930 2270 rescripserunt,
956 2184 1044 2269 quod
1068 2183 1258 2254 conuocatis

132 2291 365 2360 commeteneis
391 2301 423 2360 et
449 2290 576 2376 ricinis,
603 2298 635 2358 et
659 2290 789 2358 nemine
801 2291 1051 2360 contradictore
1082 2301 1260 2378 apparente

132 2399 220 2468 idem
247 2399 342 2468 homo
372 2406 482 2467 noster
513 2397 690 2484 predictam
720 2398 961 2486 possessionem
993 2398 1103 2487 Gayul
1134 2399 1257 2466 eisdem

130 2511 227 2577 Petro
251 2507 341 2576 Bane
367 2513 401 2574 et
427 2506 544 2574 Gomiti
566 2507 689 2574 Kemen
705 2505 884 2576 statuisset.
901 2509 1020 2576 Cursus
1036 2515 1143 2576 autern
1159 2513 1259 2574 meta

130 2637 205 2686 rum
221 2623 376 2684 torresco
393 2615 609 2702 possessionis
634 2612 800 2702 sepedicto
817 2615 896 2684 talis
912 2623 970 2702 est,
987 2615 1070 2684 sicut
1086 2619 1119 2682 in
1134 2615 1259 2702 predio·

130 2726 176 2792 tis
200 2723 320 2792 litteris
345 2723 502 2792 contineri
527 2723 686 2792 vidimus:
712 2725 829 2810 Incipit
854 2725 941 2792 enim
966 2723 1072 2809 prima
1096 2730 1184 2794 meta
1203 2725 1258 2792 vbi

130 2830 309 2918 Mogoroch
328 2833 451 2921 potoka
474 2832 564 2900 cadit
584 2833 768 2928 induciam
785 2832 982 2920 Soplnncha,
999 2838 1031 2900 et
1045 2854 1103 2920 per
1120 2833 1257 2902 eundem

131 2939 311 3026 Mogorocb
327 2939 431 3009 tendit
446 2961 549 3028 supro
566 2959 668 3026 usque
683 2945 791 3026 capnt,
803 2947 837 3007 et
852 2941 1002 3010 ascendit
1016 2941 1061 3008 ad
1075 2961 1171 3009 unam
1187 2941 1256 3010 vol-

128 3049 196 3116 lem
222 3067 284 3131 qne
309 3059 444 3117 uocatur
466 3048 633 3132 Zuhodol;
660 3055 694 3115 et
717 3047 763 3114 ibi
778 3047 869 3116 cadit
884 3049 926 3117 ad
943 3070 1096 3135 magnam
1111 3049 1208 3136 viam,
1224 3055 1259 3118 et

127 3155 280 3226 aseendit
304 3155 340 3224 iu
363 3156 477 3226 eadem
502 3155 558 3225 nia
581 3175 639 3244 per
664 3155 826 3224 modicum
851 3163 1017 3243 spacium;
1044 3156 1165 3225 deinde
1190 3156 1258 3224 exit

128 3263 231 3346 uiam,
259 3271 292 3330 et
315 3265 422 3332 tendit
446 3261 490 3332 ad
504 3271 631 3352 purtem
647 3263 838 3333 orientalem
853 3263 938 3334 inter
953 3263 1071 3331 eduam
1086 3271 1118 3332 et
1132 3263 1256 3350 uncas,

126 3371 187 3440 rbi
212 3373 322 3456 tangit
345 3377 451 3440 metus
478 3372 524 3440 St
549 3373 663 3460 Βοιὼ,
689 3379 720 3441 et
735 3371 871 3442 tendens
887 3371 977 3440 oiroa
992 3379 1096 3440 metes
1112 3371 1258 3440 ciusdem

129 3479 178 3547 St.
190 3499 249 3567 per
263 3480 395 3566 longum
415 3479 562 3568 spacium
578 3481 726 3570 peruenit
741 3480 785 3548 ad
802 3481 950 3556 arborem
970 3490 1120 3550 vocatam
1137 3479 1210 3570 (lgy
1224 3479 1255 3569 l)

129 3591 164 3655 et
188 3586 268 3655 inde
292 3587 384 3656 vadit
400 3587 442 3654 ad
458 3609 611 3674 magnam
628 3588 726 3678 viem,
742 3591 797 3657 vbi
815 3591 921 3674 tangit
935 3597 1038 3658 metas
1055 3597 1140 3660 terre
1156 3591 1255 3675 Saul;

127 3693 252 3763 deinde
267 3694 408 3764 tendens
423 3697 458 3764 in
476 3696 590 3766 eadem
605 3697 659 3764 vio
684 3717 744 3783 per
760 3697 891 3783 longum
908 3699 1055 3791 spacium
1070 3698 1113 3766 ad
1130 3705 1256 3786 partem

127 3803 322 3871 orientalem
347 3803 495 3890 peruenit
519 3805 563 3873 ud
588 3807 721 3874 arbores
746 3825 808 3891 que
825 3809 1059 3898 meqicboraeto
1075 3813 1254 3892 uocantum

128 3909 251 3978 deinde
268 3911 335 3984 exit
349 3909 393 3980 de
406 3917 639 4004 mcpieborosto
655 3924 687 3984 et
703 3915 793 3982 cedit
808 3915 841 3982 in
858 3921 956 4002 caput
972 3915 1139 3987 cuiusdam
1153 3917 1255 4005 fluuij,

126 4019 186 4104 qui
211 4025 347 4088 uocatur
371 4021 642 4110 Megyepothoke,
671 4031 702 4090 et
726 4045 784 4110 por
809 4024 947 4092 eundem
973 4023 1106 4092 fluuium
1125 4024 1255 4093 descen·

125 4127 240 4196 dendo
264 4126 353 4197 cadit
377 4131 422 4197 ud
446 4131 580 4200 fluuium
608 4132 773 4201 Desinche
798 4133 963 4222 minorem,
980 4141 1014 4201 et
1037 4155 1095 4222 per
1120 4134 1256 4202 eundem

127 4231 359 4306 descendendo
384 4238 472 4308 cadit
496 4243 540 4309 ad
564 4239 697 4310 fluuium
723 4242 921 4331 Soplnncba,
945 4243 1000 4311 vbi
1028 4244 1134 4329 tangit
1153 4249 1257 4312 metas

126 4349 216 4410 terre
241 4343 331 4412 Petri
355 4346 413 4435 filij
440 4348 610 4420 Benedicti
633 4351 746 4419 Pnknr
772 4360 896 4440 vocate,
919 4358 951 4418 et
975 4351 1173 4420 descendens
1197 4373 1254 4439 per

127 4445 614 4545 eundemdnninm'Sopluncha
629 4461 779 4547 peruenit
797 4461 840 4528 ad
854 4461 994 4549 priorem
1009 4465 1137 4547 metam,
1147 4459 1256 4544 ibique

124 4559 331 4628 terminatur.
356 4563 424 4634 Nos
448 4564 570 4653 itaque,
592 4567 684 4636 cuius
699 4567 863 4656 proprium
881 4573 940 4655 est,
958 4567 1130 4653 minuique
1145 4566 1180 4633 in
1196 4588 1255 4635 suo

120 4665 201 4751 jure
216 4668 332 4739 deesse
346 4692 410 4742 non
425 4671 592 4764 debemus,
610 4682 645 4745 et
659 4675 845 4765 specialiter
861 4675 935 4763 bijr,
953 4695 1090 4763 quornm
1107 4695 1147 4744 ex
1162 4681 1254 4762 parte
