<?xml version="1.0" encoding="UTF-8"?>
<!DOCTYPE html PUBLIC "-//W3C//DTD XHTML 1.0 Transitional//EN"
    "http://www.w3.org/TR/xhtml1/DTD/xhtml1-transitional.dtd">
<html xmlns="http://www.w3.org/1999/xhtml" xml:lang="en" lang="en">
 <head>
  <title>
</title>
<meta http-equiv="Content-Type" content="text/html;charset=utf-8" />
  <meta name='ocr-system' content='tesseract 3.04.00' />
  <meta name='ocr-capabilities' content='ocr_page ocr_carea ocr_par ocr_line ocrx_word'/>
</head>
<body>
  <div class='ocr_page' id='page_1' title='image "./codexdiplomatic12wenzgoog_0563.png"; bbox 0 0 3146 5166; ppageno 0'>
   <div class='ocr_carea' id='block_1_1' title="bbox 524 199 774 346">
    <p class='ocr_par' dir='ltr' id='par_1_1' title="bbox 524 199 774 346">
     <span class='ocr_line' id='line_1_1' title="bbox 524 199 774 346; baseline 0 0"><span class='ocrx_word' id='word_1_1' title='bbox 524 199 529 204; x_wconf 75' lang='grc'>’</span> <span class='ocrx_word' id='word_1_2' title='bbox 614 246 774 346; x_wconf 55' lang='lat' dir='ltr'><strong>..uu</strong></span> 
     </span>
    </p>
   </div>
   <div class='ocr_carea' id='block_1_2' title="bbox 124 437 1282 2221">
    <p class='ocr_par' dir='ltr' id='par_1_2' title="bbox 124 437 1282 2221">
     <span class='ocr_line' id='line_1_2' title="bbox 127 437 1255 525; baseline 0.01 -28"><span class='ocrx_word' id='word_1_3' title='bbox 127 437 279 524; x_wconf 81' lang='lat' dir='ltr'><strong>utrorum,</strong></span> <span class='ocrx_word' id='word_1_4' title='bbox 298 437 416 521; x_wconf 87' lang='lat' dir='ltr'><strong>quibus</strong></span> <span class='ocrx_word' id='word_1_5' title='bbox 432 437 531 523; x_wconf 86' lang='lat' dir='ltr'><strong>ijdem</strong></span> <span class='ocrx_word' id='word_1_6' title='bbox 546 437 736 525; x_wconf 76' lang='lat' dir='ltr'><strong>Propositus</strong></span> <span class='ocrx_word' id='word_1_7' title='bbox 752 445 785 508; x_wconf 92' lang='lat' dir='ltr'><strong>et</strong></span> <span class='ocrx_word' id='word_1_8' title='bbox 800 437 955 506; x_wconf 79' lang='lat' dir='ltr'><strong>Canonioi</strong></span> <span class='ocrx_word' id='word_1_9' title='bbox 980 438 1127 508; x_wconf 81' lang='lat' dir='ltr'><strong>Eoolesie</strong></span> <span class='ocrx_word' id='word_1_10' title='bbox 1142 439 1255 508; x_wconf 82' lang='lat' dir='ltr'><strong>Suueti</strong></span> 
     </span>
     <span class='ocr_line' id='line_1_3' title="bbox 126 540 1254 634; baseline 0.011 -30"><span class='ocrx_word' id='word_1_11' title='bbox 126 540 250 610; x_wconf 77' lang='lat' dir='ltr'><strong>Thomu</strong></span> <span class='ocrx_word' id='word_1_12' title='bbox 265 545 381 627; x_wconf 87' lang='lat' dir='ltr'><strong>quouis</strong></span> <span class='ocrx_word' id='word_1_13' title='bbox 398 545 478 614; x_wconf 89' lang='lat' dir='ltr'><strong>iuris</strong></span> <span class='ocrx_word' id='word_1_14' title='bbox 493 546 600 615; x_wconf 89' lang='lat' dir='ltr'><strong>oolure</strong></span> <span class='ocrx_word' id='word_1_15' title='bbox 615 553 789 630; x_wconf 78' lang='lat' dir='ltr'><strong>uterentur,</strong></span> <span class='ocrx_word' id='word_1_16' title='bbox 812 566 991 634; x_wconf 74' lang='lat' dir='ltr'><strong>cassamus,</strong></span> <span class='ocrx_word' id='word_1_17' title='bbox 1008 566 1204 614; x_wconf 88' lang='lat' dir='ltr'><strong>enaeuamus</strong></span> <span class='ocrx_word' id='word_1_18' title='bbox 1220 557 1254 616; x_wconf 85' lang='lat' dir='ltr'><strong>et</strong></span> 
     </span>
     <span class='ocr_line' id='line_1_4' title="bbox 126 648 1282 749; baseline 0.006 -34"><span class='ocrx_word' id='word_1_19' title='bbox 126 650 161 715; x_wconf 94' lang='lat' dir='ltr'><strong>in</strong></span> <span class='ocrx_word' id='word_1_20' title='bbox 177 648 304 718; x_wconf 88' lang='lat' dir='ltr'><strong>irritum</strong></span> <span class='ocrx_word' id='word_1_21' title='bbox 320 673 535 739; x_wconf 79' lang='lat' dir='ltr'><strong>reuoesmus5</strong></span> <span class='ocrx_word' id='word_1_22' title='bbox 552 653 746 722; x_wconf 79' lang='lat' dir='ltr'><strong>austeritate</strong></span> <span class='ocrx_word' id='word_1_23' title='bbox 754 654 857 738; x_wconf 81' lang='lat' dir='ltr'><strong>Regia</strong></span> <span class='ocrx_word' id='word_1_24' title='bbox 866 654 998 722; x_wconf 88' lang='lat' dir='ltr'><strong>firmiter</strong></span> <span class='ocrx_word' id='word_1_25' title='bbox 1008 658 1198 742; x_wconf 69' lang='lat' dir='ltr'><strong>statuentes,</strong></span> <span class='ocrx_word' id='word_1_26' title='bbox 1219 661 1255 724; x_wconf 91' lang='lat' dir='ltr'><strong>ut</strong></span> <span class='ocrx_word' id='word_1_27' title='bbox 1280 745 1282 749; x_wconf 12' lang='lat' dir='ltr'>v</span> 
     </span>
     <span class='ocr_line' id='line_1_5' title="bbox 125 757 1254 845; baseline 0.004 -21"><span class='ocrx_word' id='word_1_28' title='bbox 125 757 234 824; x_wconf 80' lang='lat' dir='ltr'><strong>sicubi</strong></span> <span class='ocrx_word' id='word_1_29' title='bbox 254 759 400 828; x_wconf 86' lang='lat' dir='ltr'><strong>exhibita</strong></span> <span class='ocrx_word' id='word_1_30' title='bbox 415 767 447 827; x_wconf 83' lang='lat' dir='ltr'><strong>eo</strong></span> <span class='ocrx_word' id='word_1_31' title='bbox 463 761 498 828; x_wconf 91' lang='lat' dir='ltr'><strong>in</strong></span> <span class='ocrx_word' id='word_1_32' title='bbox 509 762 613 830; x_wconf 88' lang='lat' dir='ltr'><strong>luoem</strong></span> <span class='ocrx_word' id='word_1_33' title='bbox 624 761 783 845; x_wconf 84' lang='lat' dir='ltr'><strong>produuta</strong></span> <span class='ocrx_word' id='word_1_34' title='bbox 799 761 929 844; x_wconf 84' lang='lat' dir='ltr'><strong>luerint,</strong></span> <span class='ocrx_word' id='word_1_35' title='bbox 942 762 1064 830; x_wconf 84' lang='lat' dir='ltr'><strong>viribus</strong></span> <span class='ocrx_word' id='word_1_36' title='bbox 1074 768 1209 829; x_wconf 85' lang='lat' dir='ltr'><strong>eareant</strong></span> <span class='ocrx_word' id='word_1_37' title='bbox 1220 767 1254 828; x_wconf 90' lang='lat' dir='ltr'><strong>et</strong></span> 
     </span>
     <span class='ocr_line' id='line_1_6' title="bbox 127 863 1251 954; baseline 0.004 -26"><span class='ocrx_word' id='word_1_38' title='bbox 127 863 250 950; x_wconf 82' lang='lat' dir='ltr'><strong>uigore,</strong></span> <span class='ocrx_word' id='word_1_39' title='bbox 269 871 300 932; x_wconf 90' lang='lat' dir='ltr'><strong>et</strong></span> <span class='ocrx_word' id='word_1_40' title='bbox 315 867 439 935; x_wconf 80' lang='lat' dir='ltr'><strong>nullius</strong></span> <span class='ocrx_word' id='word_1_41' title='bbox 455 868 519 936; x_wconf 87' lang='lat' dir='ltr'><strong>sint</strong></span> <span class='ocrx_word' id='word_1_42' title='bbox 534 868 665 954; x_wconf 89' lang='lat' dir='ltr'><strong>penitus</strong></span> <span class='ocrx_word' id='word_1_43' title='bbox 681 869 863 953; x_wconf 80' lang='lat' dir='ltr'><strong>firmitatis3</strong></span> <span class='ocrx_word' id='word_1_44' title='bbox 880 869 1045 953; x_wconf 87' lang='lat' dir='ltr'><strong>Prepesito</strong></span> <span class='ocrx_word' id='word_1_45' title='bbox 1063 875 1095 936; x_wconf 88' lang='lat' dir='ltr'><strong>st</strong></span> <span class='ocrx_word' id='word_1_46' title='bbox 1112 867 1251 940; x_wconf 81' lang='lat' dir='ltr'><strong>Canoni-</strong></span> 
     </span>
     <span class='ocr_line' id='line_1_7' title="bbox 126 971 1254 1062; baseline 0.004 -26"><span class='ocrx_word' id='word_1_47' title='bbox 126 971 172 1037; x_wconf 88' lang='lat' dir='ltr'><strong>eis</strong></span> <span class='ocrx_word' id='word_1_48' title='bbox 189 971 336 1041; x_wconf 79' lang='lat' dir='ltr'><strong>Euolesie</strong></span> <span class='ocrx_word' id='word_1_49' title='bbox 355 976 482 1058; x_wconf 81' lang='lat' dir='ltr'><strong>prefate</strong></span> <span class='ocrx_word' id='word_1_50' title='bbox 498 976 669 1043; x_wconf 88' lang='lat' dir='ltr'><strong>sileueium</strong></span> <span class='ocrx_word' id='word_1_51' title='bbox 686 981 876 1062; x_wconf 86' lang='lat' dir='ltr'><strong>perpetuum</strong></span> <span class='ocrx_word' id='word_1_52' title='bbox 897 994 997 1061; x_wconf 87' lang='lat' dir='ltr'><strong>super</strong></span> <span class='ocrx_word' id='word_1_53' title='bbox 1013 974 1074 1042; x_wconf 90' lang='lat' dir='ltr'><strong>hoe</strong></span> <span class='ocrx_word' id='word_1_54' title='bbox 1089 975 1131 1042; x_wconf 90' lang='lat' dir='ltr'><strong>de</strong></span> <span class='ocrx_word' id='word_1_55' title='bbox 1146 983 1254 1044; x_wconf 89' lang='lat' dir='ltr'><strong>oetero</strong></span> 
     </span>
     <span class='ocr_line' id='line_1_8' title="bbox 127 1077 1250 1168; baseline 0.009 -28"><span class='ocrx_word' id='word_1_56' title='bbox 127 1077 329 1164; x_wconf 89' lang='lat' dir='ltr'><strong>inponentes.</strong></span> <span class='ocrx_word' id='word_1_57' title='bbox 347 1081 388 1147; x_wconf 92' lang='lat' dir='ltr'><strong>Vt</strong></span> <span class='ocrx_word' id='word_1_58' title='bbox 403 1082 502 1168; x_wconf 84' lang='lat' dir='ltr'><strong>igitur</strong></span> <span class='ocrx_word' id='word_1_59' title='bbox 519 1081 703 1149; x_wconf 88' lang='lat' dir='ltr'><strong>huiusmodi</strong></span> <span class='ocrx_word' id='word_1_60' title='bbox 718 1083 855 1150; x_wconf 85' lang='lat' dir='ltr'><strong>donueio</strong></span> <span class='ocrx_word' id='word_1_61' title='bbox 875 1101 934 1151; x_wconf 85' lang='lat' dir='ltr'><strong>seu</strong></span> <span class='ocrx_word' id='word_1_62' title='bbox 951 1080 1086 1150; x_wconf 85' lang='lat' dir='ltr'><strong>oollsoio</strong></span> <span class='ocrx_word' id='word_1_63' title='bbox 1113 1081 1250 1167; x_wconf 79' lang='lat' dir='ltr'><strong>prodisti</strong></span> 
     </span>
     <span class='ocr_line' id='line_1_9' title="bbox 124 1185 1255 1276; baseline 0.004 -26"><span class='ocrx_word' id='word_1_64' title='bbox 124 1185 238 1252; x_wconf 88' lang='lat' dir='ltr'><strong>tributi</strong></span> <span class='ocrx_word' id='word_1_65' title='bbox 249 1192 314 1254; x_wconf 90' lang='lat' dir='ltr'><strong>tam</strong></span> <span class='ocrx_word' id='word_1_66' title='bbox 327 1209 384 1274; x_wconf 90' lang='lat' dir='ltr'><strong>per</strong></span> <span class='ocrx_word' id='word_1_67' title='bbox 399 1190 505 1276; x_wconf 91' lang='lat' dir='ltr'><strong>ipsum</strong></span> <span class='ocrx_word' id='word_1_68' title='bbox 521 1190 685 1256; x_wconf 87' lang='lat' dir='ltr'><strong>dominum</strong></span> <span class='ocrx_word' id='word_1_69' title='bbox 696 1191 733 1256; x_wconf 90' lang='lat' dir='ltr'><strong>B.</strong></span> <span class='ocrx_word' id='word_1_70' title='bbox 746 1210 844 1258; x_wconf 90' lang='lat' dir='ltr'><strong>auum</strong></span> <span class='ocrx_word' id='word_1_71' title='bbox 854 1195 1007 1273; x_wconf 89' lang='lat' dir='ltr'><strong>nostrum,</strong></span> <span class='ocrx_word' id='word_1_72' title='bbox 1023 1208 1119 1274; x_wconf 84' lang='lat' dir='ltr'><strong>quam</strong></span> <span class='ocrx_word' id='word_1_73' title='bbox 1130 1209 1187 1274; x_wconf 91' lang='lat' dir='ltr'><strong>per</strong></span> <span class='ocrx_word' id='word_1_74' title='bbox 1199 1188 1255 1254; x_wconf 90' lang='lat' dir='ltr'><strong>do·</strong></span> 
     </span>
     <span class='ocr_line' id='line_1_10' title="bbox 127 1292 1252 1384; baseline 0.007 -28"><span class='ocrx_word' id='word_1_75' title='bbox 127 1292 251 1358; x_wconf 91' lang='lat' dir='ltr'><strong>minum</strong></span> <span class='ocrx_word' id='word_1_76' title='bbox 260 1294 306 1361; x_wconf 78' lang='lat' dir='ltr'><strong>St</strong></span> <span class='ocrx_word' id='word_1_77' title='bbox 319 1302 443 1380; x_wconf 85' lang='lat' dir='ltr'><strong>patrem</strong></span> <span class='ocrx_word' id='word_1_78' title='bbox 453 1304 599 1366; x_wconf 89' lang='lat' dir='ltr'><strong>nostrum</strong></span> <span class='ocrx_word' id='word_1_79' title='bbox 609 1297 825 1384; x_wconf 88' lang='lat' dir='ltr'><strong>karissimum,</strong></span> <span class='ocrx_word' id='word_1_80' title='bbox 837 1296 977 1366; x_wconf 83' lang='lat' dir='ltr'><strong>felieium</strong></span> <span class='ocrx_word' id='word_1_81' title='bbox 989 1295 1252 1366; x_wconf 85' lang='lat' dir='ltr'><strong>reeordaeiuuum</strong></span> 
     </span>
     <span class='ocr_line' id='line_1_11' title="bbox 126 1401 1257 1496; baseline 0.004 -30"><span class='ocrx_word' id='word_1_82' title='bbox 126 1401 262 1486; x_wconf 77' lang='lat' dir='ltr'><strong>Regum,</strong></span> <span class='ocrx_word' id='word_1_83' title='bbox 278 1407 310 1470; x_wconf 89' lang='lat' dir='ltr'><strong>et</strong></span> <span class='ocrx_word' id='word_1_84' title='bbox 326 1401 453 1470; x_wconf 85' lang='lat' dir='ltr'><strong>demum</strong></span> <span class='ocrx_word' id='word_1_85' title='bbox 470 1425 529 1490; x_wconf 90' lang='lat' dir='ltr'><strong>por</strong></span> <span class='ocrx_word' id='word_1_86' title='bbox 545 1425 602 1472; x_wconf 89' lang='lat' dir='ltr'><strong>nos</strong></span> <span class='ocrx_word' id='word_1_87' title='bbox 618 1406 765 1476; x_wconf 81' lang='lat' dir='ltr'><strong>Euolesie</strong></span> <span class='ocrx_word' id='word_1_88' title='bbox 795 1405 942 1496; x_wconf 81' lang='lat' dir='ltr'><strong>prediote</strong></span> <span class='ocrx_word' id='word_1_89' title='bbox 957 1404 1011 1491; x_wconf 90' lang='lat' dir='ltr'><strong>pie</strong></span> <span class='ocrx_word' id='word_1_90' title='bbox 1026 1412 1060 1472; x_wconf 91' lang='lat' dir='ltr'><strong>et</strong></span> <span class='ocrx_word' id='word_1_91' title='bbox 1082 1404 1257 1474; x_wconf 89' lang='lat' dir='ltr'><strong>salubriter</strong></span> 
     </span>
     <span class='ocr_line' id='line_1_12' title="bbox 126 1506 1257 1598; baseline 0.009 -28"><span class='ocrx_word' id='word_1_92' title='bbox 126 1506 217 1572; x_wconf 83' lang='lat' dir='ltr'><strong>laeta</strong></span> <span class='ocrx_word' id='word_1_93' title='bbox 233 1517 389 1594; x_wconf 87' lang='lat' dir='ltr'><strong>perpetuo</strong></span> <span class='ocrx_word' id='word_1_94' title='bbox 403 1511 517 1580; x_wconf 82' lang='lat' dir='ltr'><strong>valeat</strong></span> <span class='ocrx_word' id='word_1_95' title='bbox 529 1511 686 1596; x_wconf 76' lang='lat' dir='ltr'><strong>stabiliri5</strong></span> <span class='ocrx_word' id='word_1_96' title='bbox 703 1533 764 1580; x_wconf 91' lang='lat' dir='ltr'><strong>nee</strong></span> <span class='ocrx_word' id='word_1_97' title='bbox 774 1531 929 1598; x_wconf 84' lang='lat' dir='ltr'><strong>proeessu</strong></span> <span class='ocrx_word' id='word_1_98' title='bbox 939 1519 1121 1598; x_wconf 88' lang='lat' dir='ltr'><strong>temporum</strong></span> <span class='ocrx_word' id='word_1_99' title='bbox 1131 1512 1257 1597; x_wconf 84' lang='lat' dir='ltr'><strong>aliqua·</strong></span> 
     </span>
     <span class='ocr_line' id='line_1_13' title="bbox 125 1612 1255 1705; baseline 0.006 -27"><span class='ocrx_word' id='word_1_100' title='bbox 125 1612 203 1696; x_wconf 77' lang='lat' dir='ltr'><strong>liter</strong></span> <span class='ocrx_word' id='word_1_101' title='bbox 218 1616 322 1700; x_wconf 86' lang='lat' dir='ltr'><strong>possit</strong></span> <span class='ocrx_word' id='word_1_102' title='bbox 337 1618 391 1686; x_wconf 89' lang='lat' dir='ltr'><strong>uel</strong></span> <span class='ocrx_word' id='word_1_103' title='bbox 408 1618 528 1686; x_wconf 87' lang='lat' dir='ltr'><strong>debeat</strong></span> <span class='ocrx_word' id='word_1_104' title='bbox 542 1618 575 1684; x_wconf 93' lang='lat' dir='ltr'><strong>iu</strong></span> <span class='ocrx_word' id='word_1_105' title='bbox 592 1621 717 1688; x_wconf 88' lang='lat' dir='ltr'><strong>irritum</strong></span> <span class='ocrx_word' id='word_1_106' title='bbox 733 1618 890 1702; x_wconf 76' lang='lat' dir='ltr'><strong>reuocari,</strong></span> <span class='ocrx_word' id='word_1_107' title='bbox 906 1625 1071 1705; x_wconf 78' lang='lat' dir='ltr'><strong>presentes</strong></span> <span class='ocrx_word' id='word_1_108' title='bbox 1097 1619 1255 1688; x_wconf 86' lang='lat' dir='ltr'><strong>oouoessi·</strong></span> 
     </span>
     <span class='ocr_line' id='line_1_14' title="bbox 125 1721 1257 1812; baseline 0.007 -28"><span class='ocrx_word' id='word_1_109' title='bbox 125 1738 199 1786; x_wconf 91' lang='lat' dir='ltr'><strong>mus</strong></span> <span class='ocrx_word' id='word_1_110' title='bbox 215 1721 341 1792; x_wconf 85' lang='lat' dir='ltr'><strong>litteras</strong></span> <span class='ocrx_word' id='word_1_111' title='bbox 356 1725 522 1812; x_wconf 90' lang='lat' dir='ltr'><strong>duppliois</strong></span> <span class='ocrx_word' id='word_1_112' title='bbox 537 1725 640 1810; x_wconf 84' lang='lat' dir='ltr'><strong>sigilli</strong></span> <span class='ocrx_word' id='word_1_113' title='bbox 656 1727 758 1794; x_wconf 87' lang='lat' dir='ltr'><strong>nostri</strong></span> <span class='ocrx_word' id='word_1_114' title='bbox 778 1724 951 1796; x_wconf 82' lang='lat' dir='ltr'><strong>munimine</strong></span> <span class='ocrx_word' id='word_1_115' title='bbox 982 1727 1160 1794; x_wconf 86' lang='lat' dir='ltr'><strong>roboratas.</strong></span> <span class='ocrx_word' id='word_1_116' title='bbox 1192 1725 1257 1792; x_wconf 84' lang='lat' dir='ltr'><strong>Du·</strong></span> 
     </span>
     <span class='ocr_line' id='line_1_15' title="bbox 126 1831 1256 1919; baseline 0.007 -29"><span class='ocrx_word' id='word_1_117' title='bbox 126 1831 195 1892; x_wconf 90' lang='lat' dir='ltr'><strong>tum</strong></span> <span class='ocrx_word' id='word_1_118' title='bbox 211 1847 270 1912; x_wconf 90' lang='lat' dir='ltr'><strong>per</strong></span> <span class='ocrx_word' id='word_1_119' title='bbox 286 1850 402 1900; x_wconf 84' lang='lat' dir='ltr'><strong>manns</strong></span> <span class='ocrx_word' id='word_1_120' title='bbox 419 1833 615 1902; x_wconf 83' lang='lat' dir='ltr'><strong>uenerabilis</strong></span> <span class='ocrx_word' id='word_1_121' title='bbox 641 1833 745 1919; x_wconf 88' lang='lat' dir='ltr'><strong>patris</strong></span> <span class='ocrx_word' id='word_1_122' title='bbox 771 1831 922 1918; x_wconf 77' lang='lat' dir='ltr'><strong>Gregorij</strong></span> <span class='ocrx_word' id='word_1_123' title='bbox 948 1832 1010 1900; x_wconf 89' lang='lat' dir='ltr'><strong>Dei</strong></span> <span class='ocrx_word' id='word_1_124' title='bbox 1026 1833 1139 1915; x_wconf 80' lang='lat' dir='ltr'><strong>groela</strong></span> <span class='ocrx_word' id='word_1_125' title='bbox 1163 1831 1256 1918; x_wconf 82' lang='lat' dir='ltr'><strong>Epis-</strong></span> 
     </span>
     <span class='ocr_line' id='line_1_16' title="bbox 125 1933 1250 2025; baseline 0.005 -27"><span class='ocrx_word' id='word_1_126' title='bbox 125 1935 202 2018; x_wconf 91' lang='lat' dir='ltr'><strong>eopi</strong></span> <span class='ocrx_word' id='word_1_127' title='bbox 219 1933 463 2025; x_wconf 75' lang='lat' dir='ltr'><strong>chanadiensis,</strong></span> <span class='ocrx_word' id='word_1_128' title='bbox 481 1941 556 2010; x_wconf 88' lang='lat' dir='ltr'><strong>aule</strong></span> <span class='ocrx_word' id='word_1_129' title='bbox 571 1947 682 2008; x_wconf 87' lang='lat' dir='ltr'><strong>nostre</strong></span> <span class='ocrx_word' id='word_1_130' title='bbox 696 1941 775 2008; x_wconf 91' lang='lat' dir='ltr'><strong>Vioe</strong></span> <span class='ocrx_word' id='word_1_131' title='bbox 791 1939 987 2025; x_wconf 78' lang='lat' dir='ltr'><strong>Ganeellarij</strong></span> <span class='ocrx_word' id='word_1_132' title='bbox 999 1938 1110 2006; x_wconf 89' lang='lat' dir='ltr'><strong>dileoti</strong></span> <span class='ocrx_word' id='word_1_133' title='bbox 1127 1945 1158 2005; x_wconf 88' lang='lat' dir='ltr'><strong>et</strong></span> <span class='ocrx_word' id='word_1_134' title='bbox 1175 1937 1250 2004; x_wconf 83' lang='lat' dir='ltr'><strong>fide·</strong></span> 
     </span>
     <span class='ocr_line' id='line_1_17' title="bbox 125 2042 1255 2132; baseline 0 -24"><span class='ocrx_word' id='word_1_135' title='bbox 125 2042 173 2108; x_wconf 90' lang='lat' dir='ltr'><strong>lis</strong></span> <span class='ocrx_word' id='word_1_136' title='bbox 188 2042 292 2109; x_wconf 87' lang='lat' dir='ltr'><strong>nostri</strong></span> <span class='ocrx_word' id='word_1_137' title='bbox 306 2064 391 2110; x_wconf 89' lang='lat' dir='ltr'><strong>anuo</strong></span> <span class='ocrx_word' id='word_1_138' title='bbox 407 2047 537 2114; x_wconf 87' lang='lat' dir='ltr'><strong>Domini</strong></span> <span class='ocrx_word' id='word_1_139' title='bbox 553 2049 664 2116; x_wconf 70' lang='grc' dir='ltr'><strong>ΜὊΟο</strong></span> <span class='ocrx_word' id='word_1_140' title='bbox 680 2046 891 2131; x_wconf 75' lang='lat' dir='ltr'><strong>nonagesimo</strong></span> <span class='ocrx_word' id='word_1_141' title='bbox 900 2097 910 2132; x_wconf 92' lang='lat'><em>,</em></span> <span class='ocrx_word' id='word_1_142' title='bbox 928 2046 1034 2131; x_wconf 80' lang='lat' dir='ltr'><strong>Regni</strong></span> <span class='ocrx_word' id='word_1_143' title='bbox 1064 2049 1173 2112; x_wconf 89' lang='lat' dir='ltr'><strong>autem</strong></span> <span class='ocrx_word' id='word_1_144' title='bbox 1200 2063 1255 2110; x_wconf 92' lang='lat' dir='ltr'><strong>uu·</strong></span> 
     </span>
     <span class='ocr_line' id='line_1_18' title="bbox 128 2149 551 2221; baseline 0.012 -6"><span class='ocrx_word' id='word_1_145' title='bbox 128 2150 191 2215; x_wconf 83' lang='lat' dir='ltr'><strong>stri</strong></span> <span class='ocrx_word' id='word_1_146' title='bbox 209 2168 298 2216; x_wconf 85' lang='lat' dir='ltr'><strong>anno</strong></span> <span class='ocrx_word' id='word_1_147' title='bbox 314 2149 551 2221; x_wconf 81' lang='lat' dir='ltr'><strong>decimonono.</strong></span> 
     </span>
    </p>
   </div>
   <div class='ocr_carea' id='block_1_3' title="bbox 127 2343 1255 2505">
    <p class='ocr_par' dir='ltr' id='par_1_3' title="bbox 127 2343 1255 2505">
     <span class='ocr_line' id='line_1_19' title="bbox 127 2343 1255 2417; baseline -0.001 -20"><span class='ocrx_word' id='word_1_148' title='bbox 127 2346 271 2411; x_wconf 77' lang='lat' dir='ltr'><strong>(Eredetie</strong></span> <span class='ocrx_word' id='word_1_149' title='bbox 285 2343 451 2416; x_wconf 69' lang='lat' dir='ltr'><strong>blirhirlyln</strong></span> <span class='ocrx_word' id='word_1_150' title='bbox 465 2347 636 2416; x_wconf 75' lang='lat' dir='ltr'><strong>singu-sttuite</strong></span> <span class='ocrx_word' id='word_1_151' title='bbox 649 2348 881 2416; x_wconf 71' lang='lat' dir='ltr'><strong>selyemusinorun</strong></span> <span class='ocrx_word' id='word_1_152' title='bbox 906 2349 991 2417; x_wconf 76' lang='lat' dir='ltr'><strong>ltlggli</strong></span> <span class='ocrx_word' id='word_1_153' title='bbox 1016 2345 1110 2415; x_wconf 67' lang='lat' dir='ltr'><strong>pessit</strong></span> <span class='ocrx_word' id='word_1_154' title='bbox 1134 2347 1212 2408; x_wconf 66' lang='lat' dir='ltr'><strong>elam,</strong></span> <span class='ocrx_word' id='word_1_155' title='bbox 1238 2361 1255 2396; x_wconf 82' lang='lat' dir='ltr'><strong>e</strong></span> 
     </span>
     <span class='ocr_line' id='line_1_20' title="bbox 446 2436 941 2505; baseline 0.004 -17"><span class='ocrx_word' id='word_1_156' title='bbox 446 2438 528 2490; x_wconf 85' lang='lat' dir='ltr'><strong>budai</strong></span> <span class='ocrx_word' id='word_1_157' title='bbox 541 2439 592 2490; x_wconf 84' lang='lat' dir='ltr'><strong>lrir.</strong></span> <span class='ocrx_word' id='word_1_158' title='bbox 607 2441 730 2492; x_wconf 78' lang='lat' dir='ltr'><strong>lamanai</strong></span> <span class='ocrx_word' id='word_1_159' title='bbox 749 2436 941 2505; x_wconf 64' lang='lat' dir='ltr'><strong>leveltlrban.)</strong></span> 
     </span>
    </p>
   </div>
   <div class='ocr_carea' id='block_1_4' title="bbox 593 2729 804 2743">
    <p class='ocr_par' dir='ltr' id='par_1_4' title="bbox 593 2729 804 2743">
     <span class='ocr_line' id='line_1_21' title="bbox 593 2729 804 2743; baseline 0 -1"><span class='ocrx_word' id='word_1_160' title='bbox 593 2729 804 2743; x_wconf 60' lang='lat' dir='ltr'><strong>m</strong></span> 
     </span>
    </p>
   </div>
   <div class='ocr_carea' id='block_1_5' title="bbox 662 3261 740 3327">
    <p class='ocr_par' dir='ltr' id='par_1_5' title="bbox 662 3261 740 3327">
     <span class='ocr_line' id='line_1_22' title="bbox 662 3261 740 3327; baseline 0 0"><span class='ocrx_word' id='word_1_161' title='bbox 662 3261 740 3327; x_wconf 76' lang='lat'><strong>376.</strong></span> 
     </span>
    </p>
   </div>
   <div class='ocr_carea' id='block_1_6' title="bbox 121 3454 1259 3650">
    <p class='ocr_par' dir='ltr' id='par_1_6' title="bbox 121 3454 1259 3650">
     <span class='ocr_line' id='line_1_23' title="bbox 121 3454 1259 3544; baseline -0.003 -23"><span class='ocrx_word' id='word_1_162' title='bbox 121 3457 185 3523; x_wconf 89' lang='lat' dir='ltr'><strong>IV.</strong></span> <span class='ocrx_word' id='word_1_163' title='bbox 203 3454 321 3522; x_wconf 70' lang='lat' dir='ltr'><strong>Laeuo</strong></span> <span class='ocrx_word' id='word_1_164' title='bbox 334 3455 447 3543; x_wconf 66' lang='lat' dir='ltr'><strong>stratu</strong></span> <span class='ocrx_word' id='word_1_165' title='bbox 454 3456 644 3543; x_wconf 79' lang='lat' dir='ltr'><strong>feuuturtjo</strong></span> <span class='ocrx_word' id='word_1_166' title='bbox 660 3481 682 3522; x_wconf 89' lang='lat' dir='ltr'><strong>u</strong></span> <span class='ocrx_word' id='word_1_167' title='bbox 698 3458 892 3544; x_wconf 71' lang='lat' dir='ltr'><strong>uyoileso‘qeti</strong></span> <span class='ocrx_word' id='word_1_168' title='bbox 916 3454 1141 3540; x_wconf 76' lang='lat' dir='ltr'><strong>apdoeueoirdu</strong></span> <span class='ocrx_word' id='word_1_169' title='bbox 1155 3456 1259 3542; x_wconf 75' lang='lat' dir='ltr'><strong>nopsi-</strong></span> 
     </span>
     <span class='ocr_line' id='line_1_24' title="bbox 357 3564 1032 3650; baseline -0.001 -22"><span class='ocrx_word' id='word_1_170' title='bbox 357 3565 416 3629; x_wconf 83' lang='lat' dir='ltr'><strong>uelt</strong></span> <span class='ocrx_word' id='word_1_171' title='bbox 431 3565 659 3650; x_wconf 67' lang='lat' dir='ltr'><strong>toroouyloeaesi</strong></span> <span class='ocrx_word' id='word_1_172' title='bbox 673 3565 914 3650; x_wconf 75' lang='lat' dir='ltr'><strong>suabudadpao&#39;t.</strong></span> <span class='ocrx_word' id='word_1_173' title='bbox 932 3564 1032 3630; x_wconf 84' lang='lat'><em>1290.</em></span> 
     </span>
    </p>
   </div>
   <div class='ocr_carea' id='block_1_7' title="bbox 120 3754 1263 4596">
    <p class='ocr_par' dir='ltr' id='par_1_7' title="bbox 120 3754 1263 4596">
     <span class='ocr_line' id='line_1_25' title="bbox 239 3754 1261 3844; baseline -0.003 -20"><span class='ocrx_word' id='word_1_174' title='bbox 239 3757 415 3824; x_wconf 84' lang='lat' dir='ltr'><strong>Ludiulaus</strong></span> <span class='ocrx_word' id='word_1_175' title='bbox 431 3758 495 3825; x_wconf 92' lang='lat' dir='ltr'><strong>Dei</strong></span> <span class='ocrx_word' id='word_1_176' title='bbox 519 3757 635 3843; x_wconf 84' lang='lat' dir='ltr'><strong>gruoia</strong></span> <span class='ocrx_word' id='word_1_177' title='bbox 650 3760 719 3826; x_wconf 87' lang='lat' dir='ltr'><strong>Rex</strong></span> <span class='ocrx_word' id='word_1_178' title='bbox 744 3757 913 3844; x_wconf 79' lang='lat' dir='ltr'><strong>Hungarie</strong></span> <span class='ocrx_word' id='word_1_179' title='bbox 938 3755 1090 3825; x_wconf 80' lang='lat' dir='ltr'><strong>fidelibus</strong></span> <span class='ocrx_word' id='word_1_180' title='bbox 1108 3754 1177 3822; x_wconf 89' lang='lat' dir='ltr'><strong>suis</strong></span> <span class='ocrx_word' id='word_1_181' title='bbox 1192 3755 1261 3821; x_wconf 89' lang='lat' dir='ltr'><strong>vni·</strong></span> 
     </span>
     <span class='ocr_line' id='line_1_26' title="bbox 124 3862 1263 3953; baseline -0.003 -21"><span class='ocrx_word' id='word_1_182' title='bbox 124 3864 240 3933; x_wconf 87' lang='lat' dir='ltr'><strong>uersis</strong></span> <span class='ocrx_word' id='word_1_183' title='bbox 256 3862 425 3934; x_wconf 79' lang='lat' dir='ltr'><strong>Juolioibus</strong></span> <span class='ocrx_word' id='word_1_184' title='bbox 442 3865 475 3931; x_wconf 91' lang='lat' dir='ltr'><strong>iu</strong></span> <span class='ocrx_word' id='word_1_185' title='bbox 492 3885 552 3934; x_wconf 89' lang='lat' dir='ltr'><strong>suo</strong></span> <span class='ocrx_word' id='word_1_186' title='bbox 567 3865 680 3952; x_wconf 82' lang='lat' dir='ltr'><strong>Regno</strong></span> <span class='ocrx_word' id='word_1_187' title='bbox 694 3887 754 3953; x_wconf 91' lang='lat' dir='ltr'><strong>pro</strong></span> <span class='ocrx_word' id='word_1_188' title='bbox 775 3871 918 3953; x_wconf 87' lang='lat' dir='ltr'><strong>tempore</strong></span> <span class='ocrx_word' id='word_1_189' title='bbox 935 3863 1127 3951; x_wconf 85' lang='lat' dir='ltr'><strong>constitutis,</strong></span> <span class='ocrx_word' id='word_1_190' title='bbox 1144 3863 1263 3946; x_wconf 85' lang='lat' dir='ltr'><strong>quibus</strong></span> 
     </span>
     <span class='ocr_line' id='line_1_27' title="bbox 122 3969 1262 4061; baseline -0.002 -20"><span class='ocrx_word' id='word_1_191' title='bbox 122 3979 303 4061; x_wconf 85' lang='lat' dir='ltr'><strong>presentes</strong></span> <span class='ocrx_word' id='word_1_192' title='bbox 328 3970 560 4057; x_wconf 82' lang='lat' dir='ltr'><strong>ostenduntur,</strong></span> <span class='ocrx_word' id='word_1_193' title='bbox 592 3974 731 4041; x_wconf 88' lang='lat' dir='ltr'><strong>salutem</strong></span> <span class='ocrx_word' id='word_1_194' title='bbox 756 3981 788 4040; x_wconf 87' lang='lat' dir='ltr'><strong>et</strong></span> <span class='ocrx_word' id='word_1_195' title='bbox 812 3973 969 4059; x_wconf 75' lang='lat' dir='ltr'><strong>grauiam.</strong></span> <span class='ocrx_word' id='word_1_196' title='bbox 1002 3971 1082 4040; x_wconf 76' lang='lat' dir='ltr'><strong>Cum</strong></span> <span class='ocrx_word' id='word_1_197' title='bbox 1112 3969 1262 4040; x_wconf 83' lang='lat' dir='ltr'><strong>lleolesia</strong></span> 
     </span>
     <span class='ocr_line' id='line_1_28' title="bbox 120 4075 1259 4167; baseline -0.001 -20"><span class='ocrx_word' id='word_1_198' title='bbox 120 4081 232 4147; x_wconf 87' lang='lat' dir='ltr'><strong>Beato</strong></span> <span class='ocrx_word' id='word_1_199' title='bbox 250 4078 392 4164; x_wconf 82' lang='lat' dir='ltr'><strong>Virginis</strong></span> <span class='ocrx_word' id='word_1_200' title='bbox 409 4078 451 4148; x_wconf 88' lang='lat' dir='ltr'><strong>ds</strong></span> <span class='ocrx_word' id='word_1_201' title='bbox 467 4081 581 4149; x_wconf 78' lang='lat' dir='ltr'><strong>Insula</strong></span> <span class='ocrx_word' id='word_1_202' title='bbox 596 4101 617 4148; x_wconf 87' lang='lat' dir='ltr'><strong>u</strong></span> <span class='ocrx_word' id='word_1_203' title='bbox 632 4085 777 4167; x_wconf 87' lang='lat' dir='ltr'><strong>tempore</strong></span> <span class='ocrx_word' id='word_1_204' title='bbox 802 4099 860 4148; x_wconf 90' lang='lat' dir='ltr'><strong>sue</strong></span> <span class='ocrx_word' id='word_1_205' title='bbox 885 4078 1089 4147; x_wconf 79' lang='lat' dir='ltr'><strong>fundacionis</strong></span> <span class='ocrx_word' id='word_1_206' title='bbox 1105 4077 1196 4145; x_wconf 85' lang='lat' dir='ltr'><strong>iuxta</strong></span> <span class='ocrx_word' id='word_1_207' title='bbox 1214 4075 1259 4146; x_wconf 90' lang='lat' dir='ltr'><strong>in·</strong></span> 
     </span>
     <span class='ocr_line' id='line_1_29' title="bbox 121 4185 1258 4277; baseline -0.007 -19"><span class='ocrx_word' id='word_1_208' title='bbox 121 4187 245 4258; x_wconf 85' lang='lat' dir='ltr'><strong>stituta</strong></span> <span class='ocrx_word' id='word_1_209' title='bbox 262 4186 386 4256; x_wconf 86' lang='lat' dir='ltr'><strong>domini</strong></span> <span class='ocrx_word' id='word_1_210' title='bbox 400 4187 478 4258; x_wconf 80' lang='lat' dir='ltr'><strong>Belo</strong></span> <span class='ocrx_word' id='word_1_211' title='bbox 489 4187 662 4277; x_wconf 87' lang='lat' dir='ltr'><strong>aninuslri,</strong></span> <span class='ocrx_word' id='word_1_212' title='bbox 680 4197 711 4256; x_wconf 91' lang='lat' dir='ltr'><strong>et</strong></span> <span class='ocrx_word' id='word_1_213' title='bbox 722 4186 844 4256; x_wconf 84' lang='lat' dir='ltr'><strong>domiui</strong></span> <span class='ocrx_word' id='word_1_214' title='bbox 854 4185 1013 4272; x_wconf 72' lang='lat' dir='ltr'><strong>Stephani</strong></span> <span class='ocrx_word' id='word_1_215' title='bbox 1028 4185 1131 4271; x_wconf 85' lang='lat' dir='ltr'><strong>putris</strong></span> <span class='ocrx_word' id='word_1_216' title='bbox 1144 4185 1258 4268; x_wconf 88' lang='lat' dir='ltr'><strong>nestri,</strong></span> 
     </span>
     <span class='ocr_line' id='line_1_30' title="bbox 123 4291 1261 4380; baseline -0.004 -18"><span class='ocrx_word' id='word_1_217' title='bbox 123 4295 276 4363; x_wconf 76' lang='lat' dir='ltr'><strong>felicium</strong></span> <span class='ocrx_word' id='word_1_218' title='bbox 292 4293 556 4363; x_wconf 72' lang='lat' dir='ltr'><strong>recordationum</strong></span> <span class='ocrx_word' id='word_1_219' title='bbox 567 4295 732 4380; x_wconf 74' lang='lat' dir='ltr'><strong>quondum</strong></span> <span class='ocrx_word' id='word_1_220' title='bbox 747 4294 923 4362; x_wconf 91' lang='lat' dir='ltr'><strong>illustrium</strong></span> <span class='ocrx_word' id='word_1_221' title='bbox 939 4295 1064 4379; x_wconf 78' lang='lat' dir='ltr'><strong>Regum</strong></span> <span class='ocrx_word' id='word_1_222' title='bbox 1081 4291 1261 4377; x_wconf 80' lang='lat' dir='ltr'><strong>Huugarie,</strong></span> 
     </span>
     <span class='ocr_line' id='line_1_31' title="bbox 120 4395 1257 4490; baseline -0.006 -22"><span class='ocrx_word' id='word_1_223' title='bbox 120 4401 189 4469; x_wconf 87' lang='lat' dir='ltr'><strong>tali</strong></span> <span class='ocrx_word' id='word_1_224' title='bbox 205 4402 428 4487; x_wconf 82' lang='lat' dir='ltr'><strong>gratularetur</strong></span> <span class='ocrx_word' id='word_1_225' title='bbox 443 4400 596 4471; x_wconf 86' lang='lat' dir='ltr'><strong>libertate</strong></span> <span class='ocrx_word' id='word_1_226' title='bbox 605 4455 615 4490; x_wconf 91' lang='lat'><em>,</em></span> <span class='ocrx_word' id='word_1_227' title='bbox 641 4401 727 4486; x_wconf 90' lang='lat' dir='ltr'><strong>quod</strong></span> <span class='ocrx_word' id='word_1_228' title='bbox 744 4401 880 4488; x_wconf 87' lang='lat' dir='ltr'><strong>populos</strong></span> <span class='ocrx_word' id='word_1_229' title='bbox 897 4419 955 4469; x_wconf 90' lang='lat' dir='ltr'><strong>seu</strong></span> <span class='ocrx_word' id='word_1_230' title='bbox 970 4399 1159 4483; x_wconf 76' lang='lat' dir='ltr'><strong>iobagiones</strong></span> <span class='ocrx_word' id='word_1_231' title='bbox 1175 4395 1257 4462; x_wconf 91' lang='lat' dir='ltr'><strong>eius-</strong></span> 
     </span>
     <span class='ocr_line' id='line_1_32' title="bbox 121 4501 1258 4596; baseline -0.002 -20"><span class='ocrx_word' id='word_1_232' title='bbox 121 4509 213 4596; x_wconf 89' lang='lat' dir='ltr'><strong>dem,</strong></span> <span class='ocrx_word' id='word_1_233' title='bbox 230 4509 266 4578; x_wconf 89' lang='lat' dir='ltr'><strong>in</strong></span> <span class='ocrx_word' id='word_1_234' title='bbox 276 4507 391 4594; x_wconf 87' lang='lat' dir='ltr'><strong>quouis</strong></span> <span class='ocrx_word' id='word_1_235' title='bbox 404 4509 565 4580; x_wconf 81' lang='lat' dir='ltr'><strong>comitatu</strong></span> <span class='ocrx_word' id='word_1_236' title='bbox 576 4509 760 4592; x_wconf 82' lang='lat' dir='ltr'><strong>existentes,</strong></span> <span class='ocrx_word' id='word_1_237' title='bbox 771 4529 868 4596; x_wconf 88' lang='lat' dir='ltr'><strong>super</strong></span> <span class='ocrx_word' id='word_1_238' title='bbox 880 4508 1023 4594; x_wconf 88' lang='lat' dir='ltr'><strong>quolibet</strong></span> <span class='ocrx_word' id='word_1_239' title='bbox 1039 4503 1177 4574; x_wconf 84' lang='lat' dir='ltr'><strong>artioulo</strong></span> <span class='ocrx_word' id='word_1_240' title='bbox 1189 4501 1258 4574; x_wconf 81' lang='lat' dir='ltr'><strong>uul-</strong></span> 
     </span>
    </p>
   </div>
   <div class='ocr_carea' id='block_1_8' title="bbox 0 0 1578 5166">
    <p class='ocr_par' dir='ltr' id='par_1_8' title="bbox 0 0 1578 5166">
     <span class='ocr_line' id='line_1_33' title="bbox 0 0 1578 5166; baseline 0 1"><span class='ocrx_word' id='word_1_241' title='bbox 0 0 1578 5166; x_wconf 95' lang='lat' dir='ltr'><strong> </strong></span> 
     </span>
    </p>
   </div>
  </div>
 </body>
</html>
