3124 5158
881 285 945 362 238

348 487 453 542 Kuswk
465 488 591 543 ciliciolis
614 497 641 543 ct
663 467 825 558 procurator
844 489 1033 558 religiosarum
1045 491 1214 543 dominarum
1228 489 1451 542 sanctimonialium

348 581 465 634 Claustri
488 584 573 635 Beate
595 584 716 648 Virginis
739 583 772 633 dc
794 582 887 634 Insula
909 582 1052 648 Luporum,
1072 584 1133 632 vine
1151 587 1186 632 *st
1204 583 1310 632 nomine
1323 581 1451 632 earundem

472 672 640 724 dominarum
659 669 804 736 suarum“;
824 688 841 723 a
854 673 936 724 budai
950 672 1002 724 hir.
1017 673 1140 722 kamarai
1153 669 1341 738 revertimus.)

870 1385 944 1455 162.

323 1601 326 1608 '
345 1587 405 1656 IV.
423 1585 538 1654 dezld
554 1587 663 1672 kirriiy
689 1585 756 1652 rath
783 1589 930 1653 tormovai
954 1585 1185 1671 odrjobdcigyot
1209 1587 1320 1650 nemesi
1343 1559 1479 1651 diluere

804 1696 886 1760 etmel.
913 1697 1010 1762 1279.

402 1907 426 1975 ᾖ
454 1889 665 1980 (L)Adizlaus
689 1889 752 1958 Dei
774 1890 888 1974 gracia
910 1891 1095 1977 Hungarie,
1119 1890 1304 1977 Dalmaeie,
1324 1880 1451 1972 Gro'aeie,

344 2001 467 2080 Rama,
493 1998 624 2085 Seruio,
649 1999 808 2086 Gallicie,
832 1998 1041 2083 Lodomerie,
1071 1997 1229 2065 Ortmanie
1254 1998 1452 2082 Bulgarirque

346 2107 414 2174 Rex
431 2107 579 2174 omnibus
608 2105 728 2174 Christi
753 2105 905 2174 fidelihus
931 2107 1134 2192 presentibus
1153 2105 1275 2190 pariter
1300 2112 1330 2171 et
1353 2102 1452 2171 fuimis

343 2223 524 2302 presentem
540 2217 692 2301 paginam
712 2216 907 2300 inspecturis
931 2216 1071 2281 salutem
1091 2215 1123 2280 in
1140 2217 1282 2282 omnium
1299 2213 1453 2282 saluatora

346 2325 447 2406 Regia
463 2323 677 2407 benignitatis
694 2323 897 2409 immensiter,
918 2323 995 2390 licet
1009 2325 1080 2390 alta
1095 2323 1329 2409 contempletur
1343 2339 1452 2386 summo
1538 2335 1539 2394 3

345 2431 482 2498 consilio
500 2431 723 2516 procidendo,
756 2431 894 2498 humilia
920 2439 1028 2500 tamen
1049 2431 1206 2517 prospicit
1222 2451 1243 2496 a
1258 2431 1327 2498 suia
1341 2425 1451 2494 honeri·

344 2541 403 2604 bus
422 2537 672 2605 misericorditer
690 2538 914 2626 subleuando;
939 2539 1074 2605 utilitati
1099 2539 1220 2623 quippe
1238 2535 1407 2622 reipublice
1421 2553 1452 2599 eo

345 2645 518 2714 decennius
544 2648 742 2734 consulitur,
776 2667 839 2730 quo
863 2645 1022 2714 nobilium
1047 2665 1198 2714 numerus
1222 2649 1255 2710 et
1277 2646 1453 2711 bellatorum

343 2753 430 2818 acies
447 2773 487 2819 ex
504 2753 725 2839 superadditis
753 2763 786 2821 et
805 2753 969 2821 adiunctis
986 2755 1102 2820 erescit
1117 2753 1280 2822 continuis
1296 2751 1453 2819 incremen-

343 2861 396 2926 tis.
421 2860 559 2928 Proinde
576 2862 619 2927 ad
635 2861 857 2929 uniuersorum
868 2861 1023 2928 noticiam
1039 2869 1151 2929 tenore
1167 2857 1453 2947 presencinmrolu·
1537 2945 1538 2950 Ἰ

341 2989 413 3035 mus
430 2969 625 3053 peruenire:
665 2967 849 3052 quodcum
873 2967 1015 3035 Michael
1040 2969 1126 3036 filins
1151 2968 1284 3054 Fyoch,
1308 2976 1338 3035 et
1357 2966 1454 3032 Turua
1537 3003 1538 3029 i

342 3076 428 3143 tilius
445 3077 550 3161 Zepus
566 3075 608 3142 de
623 3075 704 3142 villa
721 3073 940 3162 Heygmugny
950 3125 959 3160 ,
986 3075 1027 3143 de
1042 3075 1271 3160 jobagionibus
1292 3074 1396 3144 Castri
1409 3091 1455 3136 no·

343 3183 403 3248 stri
420 3183 462 3249 de
477 3184 629 3250 'Pornova
646 3183 784 3267 oriundi,
808 3183 946 3268 primum
972 3183 1104 3250 domino
1120 3183 1199 3251 Bele
1214 3202 1277 3249 ano
1294 3189 1409 3264 nostro,
1430 3185 1455 3244 et

345 3289 474 3355 domino
491 3288 658 3373 Stephano
675 3291 762 3374 patri
779 3299 890 3358 nostro
906 3290 1100 3374 karissimis,
1120 3290 1308 3356 illustribus
1324 3287 1456 3371 Regibus

344 3397 511 3478 Hungarie
536 3395 665 3482 piarum
682 3396 966 3485 recordaciooum',
990 3406 1023 3464 et
1041 3398 1172 3464 demum
1200 3397 1292 3464 nobis
1309 3395 1417 3464 fideles
1431 3400 1457 3459 ct

340 3503 523 3570 laudabiles
554 3503 787 3588 impendissent
812 3505 1009 3588 famulatus,
1034 3526 1092 3589 pro
1119 3504 1234 3589 quibus
1250 3505 1350 3589 ijdem
1365 3501 1457 3584 Regio
1536 3503 1537 3506 ’

339 3611 604 3680 remuneracione
614 3612 758 3681 decorari
769 3615 884 3680 merito
901 3613 1108 3682 debuissent:
1126 3615 1193 3681 Nos
1209 3612 1327 3696 quibus
1345 3614 1456 3678 incum-

340 3721 388 3788 bit
404 3719 510 3786 metiri
537 3719 652 3786 merita
676 3721 900 3807 singulorum,
933 3727 964 3788 et
989 3720 1097 3806 dignis
1125 3741 1184 3807 pro
1200 3719 1323 3786 meritis
1339 3736 1459 3801 respon-

340 3829 437 3912 dere,
462 3828 753 3895 commendabilem
770 3827 962 3897 fidelitatem
979 3837 1012 3896 et
1027 3829 1196 3896 meritoria
1215 3826 1460 3911 obsequiaipso-

340 3955 412 4002 rum
434 3933 604 4002 Michaelis
619 3941 652 4002 et
666 3937 779 4004 Turne
797 3935 831 4002 iu
849 3937 1038 4004 memoriam
1057 3945 1268 4022 reuocantes,
1293 3943 1328 4003 ut
1352 3934 1411 4019 alij
1428 3953 1460 4000 eo

340 4043 411 4112 viso
428 4044 472 4110 ad
488 4041 656 4111 fidelitatis
673 4063 771 4130 opera
787 4044 958 4112 ardencius
977 4045 1174 4130 innitentur;
1198 4044 1330 4113 eosdem
1346 4042 1460 4108 Micha-

342 4151 424 4219 elem
453 4159 486 4219 et
511 4152 633 4238 Turna,
648 4173 688 4219 ac
703 4153 845 4239 ipsorum
863 4153 998 4222 heredes
1016 4153 1234 4239 heredumque
1253 4173 1385 4220 suorum
1399 4171 1462 4218 sue·

341 4279 498 4347 cessores,
515 4281 536 4325 a
546 4259 762 4344 jobagionatu
779 4261 856 4328 dicti
868 4261 973 4330 Castri
985 4283 1057 4330 cum
1067 4270 1155 4330 terra
1165 4263 1308 4348 ipsorum
1324 4261 1461 4347 Hygmu·

339 4385 406 4452 guy
436 4373 553 4435 vocata
568 4365 697 4436 eosdem
723 4370 794 4436 iure
818 4369 1015 4438 hereditario
1040 4369 1260 4455 contingenti,
1285 4367 1462 4450 eximendo,

339 4471 373 4538 in
390 4491 568 4559 nnmerum,
583 4481 690 4545 cetum
708 4484 740 4545 ct
756 4475 931 4560 collegium
946 4478 1119 4565 Regalinm
1135 4476 1352 4546 seruiencium
1377 4474 1463 4542 duxi·

341 4599 412 4648 mus
428 4581 680 4652 transferendos.
703 4585 742 4652 In
766 4585 859 4652 cuius
880 4585 1133 4656 reimemoriam
1149 4593 1404 4674 perpetuamque
1419 4587 1462 4652 iir-
