3124 5158
611 923 689 991 192;

93 1121 147 1187 IV.
172 1121 288 1190 Mezze
312 1124 489 1211 birdlyoab
515 1120 615 1212 Gbery
640 1132 721 1189 neoti
737 1123 844 1211 fdldot
860 1123 1015 1210 tdryyozd
1029 1121 1208 1208 odonrdopa

302 1231 445 1297 Demeter
465 1232 553 1298 berei
562 1232 703 1320 fdispdm
717 1235 876 1296 aedmdra.
900 1230 996 1298 1280.
1083 1301 1088 1316 .

198 1427 370 1495 Latinam
393 1428 456 1496 Dei
477 1429 591 1514 graoia
612 1429 795 1514 Hungarie‚
824 1427 1008 1514 Dalmaoie,
1033 1423 1207 1510 Orowaeie,

93 1535 195 1600 Rome
204 1583 215 1616 ,
240 1536 370 1623 Seruie,
394 1537 551 1625 Galliam,
575 1536 782 1622 Lodomerie,
812 1534 966 1603 Gomauie
995 1532 1208 1618 Bulgarieque

96 1641 164 1709 Rex
191 1643 351 1712 uniuersis
368 1641 488 1712 Christi
502 1645 654 1713 fidelibus
677 1643 880 1730 presentibus
897 1641 1017 1730 pariter
1041 1649 1073 1709 et
1096 1639 1210 1708 futuris

92 1758 258 1836 presentes
274 1752 401 1822 litteras
416 1752 610 1838 inspeoturis
626 1753 766 1822 salutem
781 1752 814 1818 in
834 1773 882 1841 eo,
902 1755 956 1839 qui
973 1751 1114 1837 Regibus
1129 1754 1210 1817 eter-

92 1880 167 1926 nam
194 1858 253 1928 dat
276 1861 424 1930 salutem.
448 1861 500 1928 Ad
525 1863 746 1930 uniuersorum
771 1861 924 1929 notioiam
954 1869 1063 1930 tenore
1081 1879 1209 1948 presen-

91 1969 177 2034 oinm
193 1969 340 2038 volumus
355 1971 535 2056 peruenire,
558 1971 645 2056 quod
672 1971 854 2038 Demetrius
869 1970 956 2038 filius
971 1967 1081 2038 Hunth
1097 1967 1210 2036 (lomes

92 2075 274 2145 Borsiensis
289 2077 393 2145 tidelis
409 2086 538 2164 noster,
570 2076 731 2164 quandum
756 2083 875 2146 terram
900 2077 1207 2146 eondioionariorum

92 2191 273 2254 nostrornm
298 2186 406 2272 Obery
430 2194 579 2255 uooatam
605 2188 639 2253 in
659 2185 818 2254 (domitatu
832 2185 992 2254 Huntensi
1008 2187 1208 2270 existentem,

93 2293 210 2380 petiuit
224 2293 352 2364 anobis
368 2293 429 2360 sibi
444 2293 533 2381 dari,
559 2294 696 2362 dioendo
721 2294 857 2362 eandem
881 2314 1018 2362 uaouam
1038 2300 1069 2360 et
1084 2293 1207 2361 habita·

92 2402 219 2488 ¹toribus
244 2401 440 2470 destitutam.
480 2404 599 2469 Verum
625 2403 702 2488 qnia
732 2402 774 2470 de
803 2401 963 2486 qualitate
987 2403 1091 2490 ipsius
1115 2409 1207 2486 terre,

95 2517 203 2576 utrum
218 2511 380 2578 uaeuusit
395 2531 531 2597 neone,
570 2516 627 2577 aut
651 2509 695 2576 ad
719 2516 863 2578 nostram
881 2510 1041 2597 pertineat
1059 2510 1209 2578 oollaoio-

96 2637 176 2706 nem,
200 2617 295 2684 nobis
310 2618 432 2686 ueritas
447 2639 511 2686 non
527 2617 711 2702 oonstebat3
736 2617 885 2687 fidelibus
909 2619 1028 2688 nostris
1043 2618 1209 2706 Proposito

95 2731 128 2792 et
142 2723 322 2792 Conuentui
348 2726 388 2792 de
412 2727 501 2812 Saag
515 2727 635 2794 nostris
651 2725 765 2794 litteris
781 2725 973 2794 dederemus
989 2727 1023 2795 in
1039 2728 1210 2814 mandatis,

94 2839 130 2898 ut
145 2834 309 2910 mitterent
324 2833 484 2902 hominem
500 2836 642 2923 ipsorum
657 2832 855 2919 fidedignum
870 2857 928 2922 pro
945 2834 1128 2903 testimonio
1138 2856 1210 2903 oum

95 2942 236 3028 Ananya
250 2940 380 3010 homine
395 2951 523 3028 nostro,
552 2963 658 3010 eorum
683 2963 747 3027 quo
767 2942 853 3010 idem
872 2942 966 3010 homo
982 2948 1093 3011 noster
1106 2943 1211 3030 predi-

95 3055 181 3115 etam
197 3037 327 3134 terrain,
344 3052 529 3120 oonuooatis
545 3051 771 3118 oommetaneis
787 3051 934 3118 omnibus
950 3058 982 3119 et
996 3051 1112 3120 uieinis
1120 3053 1212 3119 iuxta

91 3163 220 3228 ueteres
250 3165 353 3226 metas
370 3158 602 3226 inambulando
633 3164 791 3226 statueret
814 3158 878 3245 ipsi
902 3158 1065 3227 Demetrio
1095 3157 1211 3227 (inmiti

92 3266 338 3354 possidendam,
357 3266 385 3335 si
400 3288 464 3336 non
480 3269 572 3336 fieret
588 3267 840 3352 contradictum
866 3266 1211 3355 eontradiotoreruem,

92 3373 195 3458 siqui
210 3375 342 3458 fierent,
372 3377 417 3443 ad
442 3385 583 3444 nostram
609 3376 723 3444 eitaret
746 3377 945 3462 presenciam
977 3378 1019 3444 ad
1043 3376 1212 3445 terminulu

65 3479 71 3490 '
95 3489 341 3571 oompetentem,
365 3491 398 3551 et
412 3485 544 3569 postheo
560 3484 730 3552 terminum
745 3483 954 3570 assignatum,
977 3485 1109 3554 nomina
1133 3485 1210 3552 eita-

93 3597 219 3678 torum,
254 3598 288 3658 et
311 3589 412 3660 toeius
436 3589 514 3658 laeti
535 3593 651 3659 seriem
670 3591 747 3659 dieti
763 3594 948 3678 Prepesitus
974 3599 1005 3660 et
1029 3590 1211 3661 Gonuentus

96 3705 207 3766 nostre
222 3699 364 3766 fideliter
377 3701 591 3768 rescriberent
606 3701 790 3790 Mayestoti.
823 3700 884 3780 Qui
912 3701 1039 3769 demum
1054 3702 1148 3769 nobis
1163 3719 1212 3767 re·

94 3807 296 3892 seripserunt
315 3809 350 3874 in
365 3809 426 3876 heo
440 3811 557 3876 uerba:

205 3915 488 3983 Exoellentissimo
512 3917 649 3983 Domino
668 3937 726 3984 suo
742 3917 893 3985 Ladizlao
919 3918 980 3985 stb.
1005 3914 1213 4005 (kdretlrezilr

96 4040 121 4087 a
138 4023 227 4106 stghi
244 4025 454 4091 konventnelr
463 4026 636 4110 jelenttee‚
659 4027 741 4093 mint
759 4027 857 4093 alato
872 4046 893 4093 o
908 4029 983 4095 206.
999 4046 1043 4092 su.
1059 4024 1105 4115 a.)

205 4132 273 4198 Nos
299 4133 399 4217 igitur
423 4131 638 4200 oonsideratis
662 4131 874 4201 fidelitatibus
904 4140 936 4200 et
965 4132 1109 4219 semioijs
1136 4132 1214 4200 dieti

95 4239 254 4326 Demetrij
273 4239 419 4330 comitis,
443 4259 506 4324 que
525 4246 558 4308 et
576 4261 656 4325 quas
672 4240 757 4308 idem
772 4241 866 4308 nobis
882 4242 915 4307 in
931 4238 1067 4309 diuersis
1084 4241 1215 4327 expedi·

95 4344 244 4415 eionibus
260 4348 366 4432 Regni
381 4349 486 4415 nostri
502 4348 645 4416 exhibuit
660 4349 869 4417 landabiliter
894 4356 926 4417 et
950 4349 1081 4436 deuote,
1104 4339 1137 4416 et
1162 4369 1214 4416 ex·

95 4453 210 4522 bibere
225 4455 342 4543 poterit
357 4457 391 4522 in
406 4456 566 4543 iuturum;
597 4457 851 4541 prenominatam
866 4464 983 4524 terram
1000 4455 1106 4545 cnery
1120 4477 1213 4524 uooa·

95 4569 170 4630 tam
198 4583 268 4631 oum
297 4564 446 4634 omnibus
476 4552 670 4635 utilitatibus
701 4565 766 4634 suis
798 4568 859 4634 sub
890 4565 1030 4649 antiquis
1061 4564 1156 4633 metis
1184 4570 1216 4631 et

95 4672 253 4759 terminis,
279 4675 393 4758 quibus
419 4671 530 4742 eadem
556 4693 614 4758 per
631 4673 755 4760 priores
771 4693 846 4742 suos
861 4693 1062 4760 possessores
1076 4675 1218 4741 limitato

151 4807 245 4849 neuun.
261 4811 342 4847 nuno.
359 4810 427 4848 rursu.
442 4821 485 4832 -
502 4812 612 4862 nrrnorr.
648 4805 683 4849 tu.
1020 4786 1060 4852 18
