3146 5166
114 1154 177 1221 IV.
196 1155 315 1221 Lctrald
329 1152 507 1240 loiroilynalc
522 1153 713 1235 briayctazotu'
728 1153 898 1238 capcdc'lyc
915 1175 936 1215 a
951 1152 1058 1218 Bdczc
1067 1151 1166 1238 solyd
1176 1154 1248 1218 occl-

182 1263 377 1348 tc'kfoldjdre
393 1263 486 1326 acccc
502 1261 662 1346 Bopomc'r
678 1281 777 1324 comes
796 1264 957 1324 szdmdrc.
975 1237 1026 1323 lio
1040 1259 1159 1337 nc'llrcstl.

228 1457 296 1524 Nos
311 1457 488 1524 Ladizlaus
503 1456 566 1522 Dei
581 1455 694 1540 gracia
713 1457 784 1522 Rex
810 1453 978 1539 Huugarie
994 1455 1151 1523 memorie
1166 1477 1250 1524 com·

114 1564 317 1634 mendantes
343 1563 566 1648 significamus
596 1569 709 1632 tenore
740 1564 943 1648 presencium
964 1564 1147 1632 uniuersis:
1164 1565 1250 1649 quod

117 1694 181 1742 noa
199 1674 245 1740 ad
260 1671 456 1740 instanciam
473 1678 505 1738 ct
524 1672 729 1757 peticionem,
761 1692 801 1738 ac
817 1678 951 1758 propter
981 1673 1145 1742 meritoria
1160 1675 1251 1740 facta

117 1779 258 1850 (inmitis
273 1779 457 1865 Bogomcrij
475 1777 584 1846 tidelis
599 1778 700 1846 nostri
723 1777 943 1846 concessimus
961 1778 1076 1868 cidem,
1090 1789 1125 1848 ut
1140 1781 1250 1848 nullus

115 1889 149 1956 in
166 1895 258 1954 terra
273 1905 334 1953 sua
358 1885 454 1952 matis
487 1886 584 1954 certis
601 1885 767 1972 distincta,
800 1893 834 1954 et
849 1886 1035 1971 specialiter
1066 1888 1099 1954 in
1117 1907 1203 1971 aqua
1217 1895 1251 1956 et

114 1997 222 2065 fluuio
238 1996 348 2063 Bocha
363 2001 491 2080 vocato,
508 2013 622 2060 aurum
640 2011 775 2078 querere
800 1993 854 2060 vel
878 1995 1001 2079 lauare,
1016 1996 1070 2062 vel
1085 1996 1176 2062 aliud
1191 1996 1249 2062 ali-

115 2103 210 2187 quod
226 2122 307 2188 opua
324 2119 476 2169 exercere
491 2101 611 2168 audeat
628 2101 681 2169 vel
696 2107 880 2188 presumat,
916 2101 980 2169 nisi
1004 2123 1045 2168 ex
1064 2099 1203 2170 licencia
1217 2109 1250 2168 et

113 2212 288 2278 voluntate
304 2207 438 2277 Comitis
453 2208 635 2294 Bogomcrij
654 2209 820 2279 antedicti.
851 2211 1125 2294 Transgressorer
1151 2209 1247 2276 buius

115 2317 271 2386 mandati
285 2317 399 2402 nostri,
414 2317 443 2384 si
469 2318 524 2400 qui
549 2315 687 2401 fuerint,
711 2323 863 2404 poterunt
879 2339 942 2385 non
958 2318 1109 2385 inmerito
1124 2338 1182 2403 per
1199 2318 1246 2401 ip-

112 2447 188 2494 sum
206 2424 364 2492 Comitem
381 2425 604 2508 Bogomerium
624 2427 807 2512 aggrauari.
831 2417 954 2494 Datum
971 2422 1062 2492 Bude
1078 2424 1178 2490 tercio
1194 2425 1248 2493 die

113 2541 308 2601 octauarum
324 2533 438 2600 Jacobi
453 2534 614 2619 Apostoli.

119 2749 155 2815 (Δ
169 2751 276 2816 suepcsi
289 2747 476 2816 kdptalanuak
497 2752 608 2802 litt-ki
621 2747 778 2812 ltiratribol,
791 2766 809 2803 a
821 2751 901 2803 Saent
914 2746 1013 2816 Ivduyi
1032 2747 1124 2802 caaltd
1136 2748 1249 2804 lerdltt·

253 2877 260 2882 .
318 2836 411 2892 ruthae.
424 2841 456 2892 V.
470 2845 494 2892 ὅ.
509 2838 590 2907 chdr
609 2841 676 2894 eod.
690 2842 762 2907 Dipl.
776 2841 808 2892 V.
832 2841 860 2891 k.
873 2842 898 2891 3.
912 2857 931 2898 r,
946 2841 1008 2894 511.
1021 2839 1052 2908 1.)

647 3658 722 3726 404.

103 3857 174 3922 ·1V.
192 3855 311 3921 dezld
324 3857 505 3940 kircilynck
519 3856 651 3940 Dr’apul
667 3859 698 3922 c'a
708 3859 810 3943 Lepon
826 3859 1016 3944 helpoo'pclcct
1032 3863 1186 3946 triupyczo'
1201 3861 1249 3925 ilc·

115 3969 221 4033 tatdsc'
231 3987 401 4052 paraccac
416 3988 455 4028 aa
470 3967 660 4050 eeztcrpcmc'
669 3967 887 4053 ko'ptctcnluoz
904 3969 1051 4032 Demeter
1066 3967 1248 4034 Dotatoctr

366 4073 419 4156 fic
435 4075 466 4138 cs
481 4075 625 4138 tcatctret'
640 4076 804 4138 azcimdcc.
822 4051 872 4138 lio
888 4075 1001 4139 adllca'tl.

226 4265 402 4335 Ladizlaus
419 4267 481 4334 Dei
501 4267 616 4350 gracia
630 4269 700 4335 Rex
716 4268 883 4352 Huugarie
898 4267 1051 4336 fidelibus
1071 4270 1138 4336 suis
1154 4271 1248 4355 (lapi-

116 4373 187 4440 tulc
203 4374 417 4459 strigoniensi
433 4376 572 4443 salutem
589 4383 622 4443 ct
636 4377 793 4463 graciam.
805 4377 972 4445 Fidelitati
988 4383 1094 4444 vestre
1110 4377 1246 4443 mauda-

113 4499 187 4548 mus
202 4479 430 4568 precipiendo,
462 4482 636 4566 quodcum
654 4479 777 4550 Oomite
802 4484 930 4551 Thema
959 4485 1001 4551 dc
1017 4481 1243 4570 Sccnthlreral,

116 4586 249 4656 homine
265 4590 307 4656 ad
327 4589 387 4656 hoc
403 4609 461 4675 per
478 4611 538 4660 nos
555 4597 587 4658 et
601 4612 660 4678 per
671 4591 864 4678 Gregorium
881 4593 1008 4660 Beuum
1023 4591 1171 4660 Judiccm
1187 4590 1247 4660 Cu·
