3126 5150
676 297 725 383 'ns

133 515 285 582 omnibus
302 513 498 580 utilitatibus
514 519 546 580 et
561 512 773 599 pertinencijs
788 511 866 598 suis,
891 519 986 597 prout
1003 509 1153 580 (lustrum
1168 513 1273 578 tenuit

135 631 169 689 et
183 621 342 709 possedit,
367 641 408 688 ex
432 627 523 688 certa
538 621 683 688 sciencia
710 620 886 688 abeodem
904 616 1086 705 eximendo,
1114 615 1270 704 dedimus,

138 729 341 814 donauimus,
358 727 554 796 contulimus
571 734 605 796 et
621 728 853 814 concessimus,
870 729 953 796 sicut
969 736 1002 795 et
1018 727 1104 794 idem
1121 725 1271 794 dominus

137 844 231 924 pater
247 844 358 904 noster
374 833 568 919 contulerat,
593 835 658 920 ipsi
673 836 831 920 Magistro
849 833 959 903 Ochuz
988 843 1021 902 et
1036 854 1095 920 per
1111 855 1185 901 eum
1201 835 1272 902 suis

110 931 311 1012 'heredibus
336 940 557 1027 heredumque
583 944 826 1010 successoribus
855 943 923 1010 iure
952 951 1110 1030 perpetuo
1135 941 1271 1028 pacifice

137 1049 378 1138 possidendam.
412 1050 512 1117 Cuius
538 1051 642 1120 eciam
671 1057 757 1119 mete
784 1072 841 1119 seu
867 1051 1103 1136 limitaeiones,
1129 1051 1211 1116 sicut
1235 1049 1270 1114 in

138 1159 275 1244 predicti
303 1157 488 1226 Conuentus
514 1157 633 1226 litteris
660 1165 771 1244 patet,
798 1159 859 1224 hoc
887 1159 998 1224 ordine
1024 1158 1269 1242 distinguntur:

138 1265 247 1332 Prime
261 1273 346 1332 mete
371 1264 532 1352 incipiunt
557 1265 728 1333 ameridie
752 1265 844 1332 iuxta
867 1273 970 1334 metas
986 1266 1073 1350 Wyd
1088 1266 1146 1350 filij
1165 1265 1271 1330 Ruma

143 1383 176 1442 et
190 1375 268 1440 ville
284 1373 369 1458 Vng,
392 1371 449 1440 ubi
474 1379 552 1440 sunt
566 1381 703 1456 quatuor
728 1379 814 1442 mete
833 1373 1021 1458 angulares,
1047 1373 1111 1440 due
1129 1373 1163 1438 in
1179 1373 1271 1439 arbo·

140 1484 228 1548 ribus
244 1483 352 1568 nulfo,
374 1481 477 1548 tercia
492 1487 617 1563 terrea,
641 1486 674 1546 et
700 1487 818 1564 quarta
841 1501 930 1547 noua
954 1481 988 1545 in
1004 1485 1119 1548 arbore
1144 1479 1272 1564 chersa,-

136 1590 224 1658 unde
239 1588 405 1672 egreditur
430 1586 474 1654 ad
489 1589 674 1674 aquilonem
689 1607 748 1675 per
764 1595 869 1654 terras
886 1587 1052 1672 arabiles,
1076 1595 1108 1652 et
1124 1584 1270 1653 incidens

142 1699 176 1763 in
192 1695 390 1781 uirgultum,
416 1701 448 1761 et
473 1698 621 1781 peruenit
647 1693 788 1762 adduas
812 1700 916 1761 metas
941 1695 975 1760 in
1001 1695 1169 1763 arboribus
1184 1693 1271 1782 talfa

139 1805 281 1890 positas,
317 1821 380 1886 que
406 1808 559 1890 separant
584 1805 689 1889 ipsam
714 1809 833 1869 terram
863 1821 884 1867 a
908 1809 996 1868 terra
1021 1801 1097 1885 Vng
1122 1806 1164 1868 ab
1189 1801 1270 1866 occi-

142 1910 255 1995 dente,
280 1910 367 1976 vnde
383 1909 476 1976 uadit
501 1909 653 1976 similiter
678 1909 723 1976 ad
738 1908 924 1993 aquilonem
945 1909 1040 1976 iuxta
1056 1905 1191 1974 eundem
1208 1910 1270 1972 vir-

139 2019 283 2103 gultum,
310 2024 343 2084 et
367 2017 401 2081 iu
427 2018 549 2101 angulo
576 2017 722 2084 eiusdem
739 2015 873 2100 virgulti
902 2022 978 2083 sunt
998 2013 1061 2082 due
1085 2021 1179 2098 mete,
1204 2033 1270 2080 vna

137 2128 171 2193 in
189 2128 305 2192 arbore
331 2125 429 2211 uulsa
453 2123 520 2190 alia
544 2131 672 2209 terrea3
697 2123 772 2189 inde
797 2125 902 2191 tendit
927 2143 984 2208 per
1003 2129 1107 2189 terras
1127 2121 1270 2189 arabiles

136 2233 290 2302 similiter
315 2231 359 2298 ad
384 2229 573 2314 aquilonem
601 2231 644 2297 ad
670 2227 832 2315 quandam
858 2238 981 2296 terram
1000 2242 1152 2295 erezaueu
1176 2247 1270 2295 voca·

137 2349 223 2426 mm,
249 2347 282 2404 et
297 2339 344 2405 ibi
360 2343 573 2406 commetatur
598 2339 692 2405 terris
717 2337 858 2404 filiorum
874 2338 999 2404 Vrbani
1015 2337 1057 2403 de
1073 2337 1148 2418 Kal,
1174 2341 1207 2400 et
1223 2335 1270 2400 ibi

137 2449 232 2514 iuxta
246 2447 335 2514 viam
352 2453 429 2513 sunt
454 2452 593 2529 quatuor
608 2452 713 2532 mete,
740 2451 806 2512 tres
829 2446 865 2511 in
881 2444 1054 2513 arboribus
1071 2442 1167 2528 nulfo,
1190 2461 1269 2525 qua·

137 2575 207 2620 rum
225 2575 290 2620 vna
317 2561 368 2620 est
383 2573 490 2638 noua,
516 2561 548 2619 ct
573 2561 690 2638 quarta
714 2559 839 2638 terrea,
865 2553 920 2620 vbi
947 2558 1118 2638 separatur
1144 2557 1271 2616 aterra

137 2661 230 2746 Vng3
263 2661 350 2728 vnde
375 2661 469 2728 iuxta
496 2661 634 2728 eandem
658 2663 779 2728 siluam
804 2662 912 2746 vergit
940 2660 983 2728 ad
1008 2660 1212 2743 aquilonem,
1239 2665 1270 2723 et

137 2769 289 2853 peruenit
311 2767 354 2833 ad
369 2775 434 2834 tres
450 2775 555 2834 metas
572 2769 767 2852 angulares,
791 2788 928 2852 quarum
945 2789 1009 2834 vna
1034 2766 1131 2832 estin
1149 2765 1270 2831 arbore

135 2876 234 2962 calfo,
259 2875 323 2941 due
349 2873 383 2940 in
408 2873 579 2940 arboribus
605 2879 685 2958 clun,
709 2895 775 2941 una
799 2874 936 2959 antiqua
963 2873 1031 2940 alia
1056 2893 1159 2956 noua;
1183 2871 1270 2939 unde

135 3003 195 3066 per
212 2971 302 3050 viam
327 2981 468 3048 flectitur
492 2982 735 3068 adorientem,
762 2984 912 3068 peruenit
937 2983 971 3048 in
987 2981 1102 3048 eadem
1127 2982 1213 3046 silua
1229 2978 1272 3046 ad

137 3089 220 3156 duas
237 3093 353 3172 metas,
376 3110 442 3156 vna
455 3090 490 3155 in
507 3091 622 3156 arbore
639 3087 737 3178 tuffo,
761 3093 830 3156 alia
844 3097 970 3173 terrea;
995 3085 1079 3156 vnde
1095 3087 1270 3154 reflectitur

137 3215 195 3280 per
210 3199 300 3262 viam
328 3195 361 3260 in
377 3203 487 3263 monte
502 3197 547 3262 ad
564 3195 764 3280 aquilonem,
788 3197 940 3282 peruenit
956 3193 999 3262 ad
1016 3193 1097 3260 duas
1114 3198 1219 3259 metas
1235 3194 1269 3258 in

135 3304 224 3390 luffa
249 3302 373 3387 positas
400 3305 486 3370 inter
511 3301 643 3388 vineas,
668 3303 789 3370 abinde
814 3302 982 3368 deseendit
1007 3299 1047 3366 de
1072 3300 1144 3385 ipso
1163 3307 1270 3365 monte

136 3409 181 3475 ad
198 3409 364 3493 quandam
380 3409 500 3476 uallem
527 3409 571 3474 ad
588 3407 722 3476 orientis
739 3415 863 3496 partem
890 3408 931 3474 ad
948 3407 1029 3474 duas
1044 3415 1166 3490 metas,
1193 3427 1269 3492 qua-

134 3537 208 3583 rum
224 3538 291 3583 vna
307 3521 358 3582 est
374 3515 408 3581 in
423 3515 517 3603 piro,
542 3517 608 3584 alia
625 3523 753 3601 terrea,
778 3517 832 3583 vbi
858 3523 1029 3602 separatur
1046 3515 1175 3582 aterris
1191 3514 1270 3580 fllio-

138 3643 207 3688 mm
224 3623 385 3708 Vrbanus,
410 3631 443 3690 et
468 3643 489 3688 a
506 3625 603 3691 terris
619 3625 721 3692 Donk
746 3632 779 3692 et
794 3625 978 3692 Salomonis
1003 3623 1045 3689 dc
1060 3625 1144 3708 Kal,
1171 3629 1203 3689 et
1219 3643 1269 3688 co·

135 3735 310 3814 gnatorum
326 3749 458 3797 suorum
476 3729 516 3798 de
533 3729 671 3816 eadem,
696 3729 752 3798 vbi
768 3732 871 3797 eciam
889 3739 937 3798 est
961 3732 1063 3797 tercia
1082 3736 1170 3796 meta
1185 3749 1271 3794 noua

135 3837 170 3902 in
187 3837 361 3921 nuellan03
385 3838 470 3904 vnde
498 3837 647 3906 ascendit
672 3841 790 3906 iterum
816 3839 860 3906 ad
884 3845 1045 3922 montem,
1063 3844 1095 3902 et
1120 3838 1272 3922 peruenit

135 3943 181 4008 ad
198 3943 282 4010 duas
307 3951 412 4012 metas
429 3947 463 4012 in
480 3948 567 4033 usqu
582 3947 725 4032 positas,
750 3945 868 4014 abhinc
885 3946 989 4014 tendit
1004 3944 1099 4028 qnasi
1119 3944 1163 4010 ad
1178 3945 1270 4026 aqui-

136 4051 258 4137 lonem,
285 4058 318 4118 et
333 4051 484 4136 peruenit
500 4051 543 4116 ad
560 4057 698 4136 quatuor
714 4059 818 4120 metas
834 4055 1025 4139 angulares,
1051 4071 1189 4136 quarum
1204 4057 1271 4118 tres

137 4158 277 4224 suntin
304 4159 475 4226 arboribus
508 4161 617 4247 tulfu,
642 4165 674 4226 et
700 4168 819 4244 quarta
845 4169 969 4245 terrea;
1003 4161 1059 4227 ubi
1085 4158 1271 4242 relinquens

134 4273 258 4330 terram
274 4265 339 4330 Kal
364 4273 396 4331 et
420 4273 524 4334 terras
540 4267 733 4350 Salomonis,
761 4273 974 4335 commetatur
989 4265 1086 4336 terris
1102 4263 1212 4354 Egidij
1230 4267 1272 4337 de

135 4371 255 4456 Boyk3
281 4371 402 4437 abinde
428 4373 521 4439 iuxta
535 4361 639 4441 terras
656 4373 767 4460 Egidij
785 4375 878 4442 vadit
903 4375 947 4442 ad
971 4375 1127 4442 orientem
1143 4372 1178 4438 in
1193 4391 1271 4456 quo-

136 4479 218 4545 dum
235 4478 389 4562 virgulto,
411 4479 507 4544 iuxta
522 4479 609 4547 viam
634 4481 802 4566 antiquam
818 4487 892 4549 sunt
907 4479 971 4548 due
987 4487 1081 4562 mete,
1107 4498 1174 4544 uua
1188 4482 1271 4548 anti·

132 4603 206 4667 qua
235 4584 271 4648 in
297 4585 413 4652 arbore
438 4587 536 4672 tolfa,
559 4587 627 4653 alia
650 4605 737 4655 noua
762 4594 886 4674 terrea3
920 4587 1040 4655 deindo
1063 4585 1201 4654 flectitur
1227 4585 1272 4652 ad
