3146 5166
835 323 992 426 ,ὁρ-ᾳ-

349 525 521 593 bitrantes.
537 521 760 609 Eapropterte
775 521 931 588 Ordinem
946 522 1097 588 Fratrum
1113 522 1273 588 llinorum
1289 518 1467 607 professum,

350 631 390 700 de
407 631 542 698 fratrum
556 635 740 697 nostrorum
757 628 895 695 consilio
910 677 921 714 ,
938 627 1044 695 eidem
1070 628 1216 694 Euelesio
1233 628 1270 706 in
1285 627 1468 714 Episoopuu

350 739 548 826 prefecimus
564 745 596 804 et
609 744 785 823 pastorem,
808 733 896 822 (tibi)
912 755 1022 801 euram
1050 742 1083 802 et
1098 733 1415 802 administrationem
1428 735 1466 820 ip·
1549 799 1550 818 ,

351 847 420 914 sius
435 843 607 928 veglensis
633 841 779 909 Ecclesia
805 842 1021 928 spiritualiter
1047 847 1079 908 et
1095 842 1322 926 temporaliter
1348 841 1468 910 conmit-
1549 839 1550 926 ᾖ

351 952 468 1036 tendo;
484 951 577 1017 firma
593 949 634 1018 de
658 957 690 1016 te
716 957 872 1035 oonoepta
888 949 1029 1034 fiducia,
1055 949 1142 1032 quod
1158 949 1322 1034 dirigente
1340 950 1469 1016 Domino

353 1077 411 1141 per
427 1065 519 1125 aetus
529 1065 601 1124 tuos
612 1057 692 1124 inibi
704 1058 809 1123 uultus
818 1057 957 1124 Divinus
968 1057 1148 1142 augebitur,
1158 1062 1192 1123 et
1208 1055 1323 1122 eadem
1335 1056 1471 1124 Eeolosla

350 1185 411 1250 per
426 1172 480 1234 tua
497 1165 794 1250 eiroumspeetionis
823 1163 1017 1232 industriam
1043 1166 1078 1232 in
1104 1165 1332 1249 spiritualibus
1356 1172 1390 1233 et
1404 1173 1471 1232 ten·
1549 1157 1550 1190 ³

351 1271 518 1357 poralibus
534 1291 689 1359 prospere
706 1270 872 1358 dirigetur,
890 1279 921 1340 et
937 1271 1092 1361 salubria,
1103 1271 1202 1339 dante
1210 1273 1363 1356 Domino,
1380 1271 1469 1338 susei·

350 1377 419 1463 piet
434 1379 643 1446 incrementa.
669 1379 865 1446 Reverenter
880 1377 978 1463 igitur
993 1377 1124 1463 suseipe
1154 1379 1265 1463 iugum
1282 1377 1429 1466 Domini,
1443 1385 1471 1442 et

351 1483 445 1553 suavi
462 1486 530 1554 aius
547 1487 637 1554 oneri
652 1484 818 1554 humiliter
835 1485 920 1552 eolla
935 1475 1047 1572 flente,
1075 1505 1271 1570 manumque
1286 1487 1418 1552 mittens
1434 1483 1471 1550 ad
1549 1497 1550 1574 ξ

352 1589 452 1658 tortia
466 1591 569 1676 ipsius
584 1592 756 1678 Veglensis
775 1593 922 1660 Euelesie
948 1591 1264 1660 administrationem
1281 1593 1400 1677 exequi
1415 1599 1471 1660 stu·
1549 1605 1550 1686 p

352 1694 433 1764 deas
450 1695 631 1784 diligenter,
649 1706 681 1765 et
697 1699 807 1782 gregis
831 1700 890 1765 tibi
906 1700 941 1764 in
958 1720 998 1766 ea
1013 1699 1178 1767 commissi
1209 1699 1393 1767 custodiam
1408 1719 1470 1783 pro·

352 1803 502 1887 sequaris
517 1803 654 1872 sollicite
671 1823 711 1870 ae
725 1804 912 1890 prudenter,
929 1813 964 1872 ut
988 1806 1150 1872 laudabili
1166 1803 1206 1872 de
1222 1805 1345 1891 ipsein
1363 1806 1417 1872 die
1431 1807 1474 1870 iu·
1549 1809 1550 1832 l

354 1910 429 1976 dieii
446 1911 575 1978 reddita
593 1913 722 1979 ratione
731 1965 741 2000 ,
773 1933 839 1979 una
871 1933 944 1981 aum
961 1914 1010 1980 eis
1026 1914 1129 1980 eterni
1153 1915 1259 2000 patris
1274 1933 1421 1999 regnum,
1437 1913 1473 1978 ab
1549 1949 1550 1998 3

355 2016 482 2102 origine
498 2017 610 2086 mundi
626 2025 834 2105 preparatum
851 2021 978 2102 eleotis,
996 2021 1153 2088 merearis
1168 2019 1328 2106 accipere,
1343 2041 1384 2088 ae
1401 2019 1473 2084 dile·
1549 2009 1550 2066 ff

353 2135 405 2192 ota
423 2125 553 2191 Domini
572 2127 785 2194 tabernacula
795 2125 972 2212 possidere.
983 2128 1105 2195 Datum
1116 2129 1216 2195 Rome
1225 2126 1313 2214 apud
1326 2127 1474 2195 Sanotam
1549 2175 1550 2194 r

352 2233 492 2300 uanam
508 2233 662 2301 uanam
688 2234 777 2302 vur.
794 2233 868 2302 suus
898 2235 1028 2322 utari,
1045 2235 1256 2303 Ponufioatus
1272 2236 1473 2303 nouerant

352 2339 463 2407 aaran
1549 2343 1550 2404 l

458 2447 498 2512 In
513 2465 542 2513 e.
560 2466 601 2511 m.
619 2446 771 2530 Capitulo
792 2447 938 2515 lloolesie
953 2446 1147 2534 veglensis,
1174 2447 1268 2516 Olera
1299 2455 1333 2516 et
1358 2445 1476 2534 populo

352 2553 503 2621 Civitatis
518 2559 551 2620 et
566 2553 716 2623 Diooosis
732 2553 914 2638 Veglensis.

352 2767 486 2832 (Tbeiner,
499 2767 600 2822 Vetera
612 2768 789 2821 Monumenta
801 2767 944 2822 slavorum
952 2768 1172 2821 Meridlonalium
1185 2769 1325 2822 historiam
1338 2769 1474 2821 illustran-

780 2859 821 2909 aa
832 2859 855 2909 1.
867 2858 924 2909 nes.
939 2859 997 2913 10⁷.
1019 2857 1049 2926 ι.)

817 3161 1027 3172 u—-a—-n

352 3941 401 4006 Aa
415 3945 598 4029 esstarpama‘
613 3941 839 4031 kdptuiauauk
848 3943 1125 4030 biaoaysdpleuele,
1137 3943 1221 4028 bopy
1231 3941 1479 4028 Hanttpaanaa

351 4049 581 4137 namnetadgheti
596 4051 1026 4136 Lampe-re,b1tttsaoauflo,
1041 4047 1483 4115 Boot-bealeudrtszbirtokdt

351 4155 467 4226 Milton
482 4155 601 4224 Armia
609 4159 728 4242 fidenis
742 4160 990 4243 selmeeeddoyua'
1013 4157 1207 4246 polpdraalr.
1233 4156 1350 4222 eludto.
1378 4155 1481 4222 1290.

460 4369 630 4438 Uniuersis
648 4377 814 4456 presentes
830 4369 959 4440 litteras
985 4371 1179 4456 inspecturis
1206 4368 1392 4454 Capitulum
1420 4367 1483 4432 Ee-

343 4475 452 4541 ‘elesie
469 4475 702 4560 strigoniensis
719 4479 858 4558 salutem
874 4479 908 4546 in
924 4477 1065 4547 Domino
1082 4478 1322 4563 sempiternam.
1339 4471 1389 4543 dd
1403 4473 1481 4540 rni-

355 4598 520 4645 uersurum
557 4582 708 4650 notitiam
743 4591 853 4650 tenore
889 4584 1092 4670 presencium
1118 4584 1266 4650 volumus
1294 4581 1482 4668 peruenire,
