3138 5164
616 343 778 444 ffl—
880 311 884 316 ,

120 541 363 628 Stiigoniensis
379 539 531 607 Ecclesie
545 546 703 625 perpetuo
725 537 794 608 iure
819 547 851 607 et
874 539 1132 608 irrenorabiliter
1157 541 1261 628 possi·

120 651 273 718 dendam
292 647 593 716 ethabendam.1n
618 647 713 715 cuius
737 647 932 715 donacionis
958 647 1178 716 testimoninm
1202 667 1259 715 no·

123 765 227 826 strum
244 753 453 841 priuilegium
469 774 542 822 eum
557 752 713 840 pendenti
728 761 837 823 nostro
864 755 975 841 sigillo
1000 753 1106 824 eidem
1133 754 1258 840 Strigo·

122 862 234 932 nicusi
251 861 405 948 Capitulo
421 861 466 928 ad
488 860 682 946 peticionem
699 861 845 930 eiusdem
861 859 983 930 domini
1009 861 1158 930 Ladinlai
1188 862 1263 928 Pre-

119 969 225 1057 positi
240 967 391 1036 duximus
406 965 657 1035 concedendum.
672 967 793 1038 Datum
808 989 867 1055 per
891 989 1007 1037 manns
1032 968 1156 1036 domini
1183 967 1260 1034 Far·

122 1077 214 1160 kasij
242 1074 388 1143 Lectoris
412 1073 559 1142 Ecclesia
573 1081 701 1161 nostre;
716 1096 802 1143 anuo
819 1075 860 1144 ab
875 1075 1111 1144 Incnmacione
1126 1073 1260 1144 Domini

122 1183 248 1250 ΜΦ
264 1181 485 1266 octoagesimo
504 1185 632 1268 octauo,
648 1183 787 1269 septimo
803 1181 968 1252 kalendae
984 1183 1077 1268 Maij.

214 1377 265 1444 (Aa
279 1379 380 1430 credeti
392 1375 459 1432 utin
471 1379 569 1433 Knaua
581 1376 701 1444 Ndndon
717 1381 832 1446 Mago-er
845 1379 911 1432 Sion
920 1382 973 1432 111.
987 1380 1044 1432 ket.
1059 1380 1120 1432 895.
1133 1379 1163 1446 l.)

590 1673 804 1693 ψ

662 2189 738 2258 850.

127 2389 161 2456 A
171 2390 326 2477 pozctqcc‘
339 2390 566 2473 lcdptuloauuk
581 2389 860 2475 bizouysciplcocle,
886 2391 968 2473 bcpy
995 2387 1132 2475 Gcrpcly
1158 2411 1257 2456 comet

130 2497 315 2584 Zoyddoak
322 2497 376 2578 fia
398 2497 575 2562 Yclscucb-e'
585 2496 787 2561 birtolcrdczdt
805 2497 928 2583 Zoyda,
945 2497 1078 2583 Mutyce
1094 2518 1193 2564 comeo
1200 2497 1263 2579 fici

540 2605 604 2669 calc
620 2605 738 2670 eladio.
754 2605 852 2670 1288.

480 2804 509 2864 A
694 2799 722 2863 B
906 2797 931 2864 (l

241 2995 429 3078 Capitulum
439 2993 584 3061 Ecclesie
600 2995 696 3061 Beati
711 2993 800 3082 Petri
816 2991 858 3060 de
868 2995 996 3077 Posoga
1008 2994 1157 3061 omnibus
1168 2989 1259 3060 chri-
1328 3059 1333 3069 ,

129 3106 176 3173 sti
190 3102 342 3169 fidelibus
359 3109 425 3168 tam
444 3102 650 3187 presentibus
666 3121 763 3184 quam
780 3099 898 3169 futuris
916 3101 1054 3168 salutem
1071 3101 1105 3165 in
1121 3101 1260 3169 Domino

130 3213 379 3298 sempiternam.
395 3208 448 3273 Ad
466 3210 692 3277 uniuersorum
713 3209 867 3275 noticiam
878 3209 993 3274 harum
1004 3207 1087 3274 serie
1111 3209 1260 3274 volumus

129 3320 315 3407 peruenire,
331 3317 417 3400 quod
433 3315 591 3400 Gregorio
609 3315 734 3382 Gemite
751 3315 816 3382 filio
846 3313 958 3402 Zoyda
984 3315 1024 3380 ab
1056 3335 1122 3380 vna
1153 3321 1256 3400 parte,

129 3425 248 3512 Zayda
264 3425 329 3490 tilio
347 3423 481 3489 Comitis
497 3422 618 3489 Muthie
634 3443 745 3490 coram
761 3424 855 3490 nobis
872 3421 1087 3508 personaliter
1104 3421 1259 3490 constitu·

130 3538 202 3616 tus;
219 3531 307 3597 idem
324 3529 440 3596 (lomes
457 3529 496 3597 d.
512 3529 682 3597 confessus
699 3536 749 3598 est
764 3531 841 3597 viua
868 3550 957 3616 voce,
976 3528 1063 3614 quod
1089 3527 1254 3611 quandam

129 3639 326 3724 particulam
342 3643 427 3702 terre
442 3656 502 3704 sue
517 3637 678 3704 Yelseuch
694 3645 855 3722 uocatam,
871 3637 965 3704 iuxta
989 3643 1108 3726 terram
1124 3634 1258 3703 Comitis

130 3743 263 3810 Nicolci
279 3743 320 3808 ab
336 3745 459 3810 oriente
485 3743 700 3828 adiacentem,
732 3765 791 3829 pro
824 3742 933 3810 debito
963 3751 1034 3809 octo
1066 3763 1258 3829 marcarum,

129 3850 249 3934 quibus
266 3849 454 3932 supradicto
470 3849 583 3936 Zoyde
602 3852 781 3938 tenebatur,
807 3850 914 3917 eidem
930 3849 1041 3935 Zoyde
1063 3849 1265 3916 vendidisset

129 3963 290 4044 perpetuo
316 3955 570 4042 possidendam
588 3957 840 4043 assumpmendo
857 3957 994 4024 eundem
1010 3963 1123 4026 tencre
1138 3957 1172 4024 in
1188 3958 1264 4043 ipsa

130 4073 229 4151 terra,
247 4071 315 4130 tam
326 4083 348 4130 a
359 4081 405 4151 se,
423 4084 520 4148 quam
538 4065 648 4152 afilijs
664 4067 752 4152 suis3
770 4065 817 4134 ita
832 4065 920 4159 qnod
934 4065 1266 4150 quicunqueeundem

127 4170 279 4258 Zoydam
294 4171 425 4240 racione
441 4173 545 4256 ipsius
559 4177 645 4240 terre
661 4173 819 4260 impetere
834 4173 986 4261 voluerit,
1003 4171 1100 4260 ydem
1126 4168 1164 4236 (i.
1190 4191 1264 4239 cnm

130 4280 211 4365 filijs
227 4277 296 4344 suis
313 4277 476 4346 tenebitur
494 4276 646 4366 expedire
663 4278 804 4365 proprijs
836 4278 1003 4346 laboribus
1035 4285 1067 4347 et
1097 4278 1262 4364 expensis.

126 4385 168 4451 Si
183 4403 265 4452 uero
280 4383 436 4468 expedire
450 4405 515 4452 non
531 4393 648 4471 posset,
666 4385 707 4454 de
722 4391 812 4453 terra
827 4405 890 4454 sua
905 4384 1105 4453 hereditaria
1137 4383 1171 4450 in
1198 4384 1265 4454 alio

132 4493 216 4578 loeo,
231 4491 286 4560 vbi
303 4491 417 4578 Zoyda
433 4494 583 4581 volucrit,
600 4501 720 4561 terram
736 4494 819 4561 tanti
834 4495 957 4562 valoris
981 4499 1016 4561 et
1032 4497 1122 4559 tante
1146 4491 1265 4562 utilite·

124 4599 173 4666 tis
189 4603 338 4666 statuere
354 4598 488 4668 debebit
502 4620 563 4687 pro
579 4600 706 4668 cadem.
723 4599 822 4669 Ocius
839 4605 937 4682 terre,
947 4595 1127 4669 sicutidem
1144 4594 1262 4670 (lomes
