3124 5158
599 276 766 376 *ang

113 477 203 558 patre
219 477 332 539 nostro
348 470 495 555 ingresso
511 469 599 538 viam
616 472 723 537 carnis
739 468 900 555 uniuersa,
925 467 1028 552 Regni
1044 467 1237 552 gubernacu·

112 579 178 645 lum
195 585 227 644 et
243 579 342 662 Regis
359 578 474 645 solium
492 577 602 664 adepti
618 577 794 645 fuissemus
810 577 882 643 iure
898 583 930 642 et
946 573 1058 643 ordine
1074 577 1243 661 geniture;

114 687 192 769 quia
208 686 314 751 dictus
340 685 455 752 Comes
471 684 602 772 Matbey
628 685 661 750 in
683 684 778 750 domo
795 691 906 770 nostra
922 681 1043 766 iugiter
1057 682 1246 750 famulando

113 813 153 858 ex
171 791 312 858 diuersis
329 793 457 860 actibus
474 791 550 878 suis,
573 799 605 860 et
622 791 869 878 conspicuorum
887 790 1097 857 seruiciorum
1114 810 1244 857 suorum

113 901 288 982 generibus
315 899 541 985 multipliciter
559 921 668 967 coram
686 899 787 968 oculis
803 905 912 967 nostre
928 899 1111 965 Maiestatis
1127 897 1245 964 meruit
1350 891 1367 919 '

114 1008 343 1094 commendari,
361 1013 393 1074 et
409 1009 448 1074 ob
465 1007 656 1076 fidelitatem
674 1009 796 1076 Corone
812 1007 914 1091 Regie
930 1005 1071 1072 debitam
1090 1024 1126 1072 se
1138 1005 1242 1072 diuer-

113 1115 158 1182 sis
175 1115 307 1183 fortune
324 1117 454 1186 casibus
470 1119 657 1186 submittere
682 1138 846 1202 nunquam
867 1117 1070 1201 sormidauit,
1095 1116 1242 1183 nolunta-

112 1231 177 1288 tem
196 1229 229 1288 et
244 1231 433 1310 preceptum
450 1231 594 1292 nostrum
610 1226 772 1310 sagaciter
797 1225 831 1291 in
856 1223 1003 1292 omnibns
1028 1225 1100 1292 loco
1120 1229 1152 1290 et
1168 1230 1245 1290 tern-

115 1330 247 1415 poribus
280 1331 446 1416 oportunis
471 1333 590 1400 efectui
616 1329 832 1418 mancipando
846 1382 855 1415 ‚
889 1353 928 1399 eo
958 1333 1062 1398 eciam
1090 1337 1244 1416 tempore,

115 1457 188 1504 cum
213 1441 360 1524 Regnum
385 1445 530 1507 nostrum
547 1460 604 1526 per
619 1441 740 1508 bellum
756 1439 943 1507 intestinum
970 1445 1002 1506 ct
1027 1439 1245 1507 extrinsecum

116 1545 262 1630 puericie
278 1553 389 1613 nostre
404 1547 604 1632 temporibus
629 1549 699 1615 fere
714 1548 756 1614 ad
773 1546 1030 1614 exinanicionem
1046 1547 1176 1614 uirtutis
1192 1565 1246 1611 ex-

115 1657 216 1719 treme
234 1651 419 1739 deuenerat,
445 1652 531 1720 idem
558 1652 673 1722 Comes
689 1654 822 1737 llathey
837 1653 871 1720 in
887 1652 1111 1738 legacionibus
1128 1652 1246 1718 nostris

117 1757 352 1844 multiplicibus
368 1759 572 1848 insudando,
597 1762 631 1828 in
657 1763 804 1829 omnibus
829 1767 861 1827 et
885 1783 942 1848 per
964 1759 1073 1827 omnia
1087 1781 1146 1845 pro
1163 1779 1245 1827 com·

118 1866 215 1934 modo
231 1867 336 1950 Regni
352 1867 456 1936 nostri
472 1868 678 1954 inuigilandc
697 1876 839 1938 nostram
856 1869 953 1938 eiecit
968 1869 1187 1951 voluntatem
1212 1867 1247 1932 in

118 1976 458 2058 recompensacionem
484 1978 586 2063 ipsius
611 1977 747 2046 Comitis
773 1978 906 2064 Mathey
925 1977 1132 2045 seruiciorum
1153 1975 1247 2042 nobis

117 2102 189 2148 cum
207 2082 385 2168 diligencia
401 2105 524 2152 summe
543 2083 708 2154 fidelitatis
723 2087 930 2172 inpensorum
941 2135 949 2170 ,
972 2093 1007 2152 ut
1032 2085 1180 2171 superius
1197 2089 1248 2149 est
1297 2077 1312 2090 ”

118 2211 318 2278 expressum,
344 2198 455 2275 etque
471 2192 564 2259 nobis
580 2193 757 2279 inpendere
776 2194 894 2278 poterit
910 2194 944 2258 in
960 2191 1122 2258 futurum:
1141 2191 1246 2274 ipsum

119 2298 279 2364 Comitem
295 2297 438 2386 Mathey,
457 2305 490 2366 et
505 2320 561 2385 per
578 2320 650 2366 eum
667 2302 807 2380 Zumbot
819 2299 952 2366 fratrem
968 2321 1059 2368 snum
1078 2299 1246 2386 uterinum,

119 2406 330 2491 Farcasium‚
354 2407 465 2494 Boosz,
492 2408 640 2494 Gyrcult,
667 2409 895 2496 Augustinum‚
921 2407 1050 2494 Heylns¹
1073 2407 1248 2492 etllemyn

121 2521 276 2598 cognatos
294 2532 371 2580 suos
389 2513 580 2595 antedictos,
607 2513 647 2582 de
663 2515 850 2582 condicione
866 2514 1107 2582 tanarnicorum
1125 2521 1250 2581 nostro-

121 2642 190 2688 rum
208 2643 280 2688 cum
298 2622 394 2689 terris
410 2622 554 2707 ipsorum
569 2622 603 2688 in
619 2623 702 2690 uilla
717 2623 840 2707 Tymar
856 2623 1079 2703 existentibus,
1100 2621 1250 2689 duximus

121 2750 162 2796 cx
189 2730 387 2798 liberalitate
413 2731 517 2814 Regia
542 2729 753 2798 exhimendos
769 2739 835 2797 tam
851 2752 931 2817 pure
947 2738 977 2797 et
992 2729 1192 2817 simpliciter,
1216 2736 1252 2796 ut

121 2837 162 2903 dc
178 2843 285 2906 cetero
303 2839 388 2906 idem
405 2839 519 2906 Comes
536 2839 687 2926 Mathey,
713 2840 832 2924 frater,
859 2846 890 2906 et
915 2839 1046 2924 cognati
1067 2839 1118 2908 sui
1134 2858 1251 2905 memo·
1303 2871 1307 2877 ·

119 2948 194 3033 rati,
214 2955 370 3014 eteorum
388 2947 533 3037 heredes,
554 2945 771 3031 heredumque
787 2967 916 3014 snorum
932 2967 1139 3016 successores
1155 2964 1252 3032 super

121 3053 218 3120 terris
235 3053 378 3138 ipsorum
404 3056 436 3120 in
456 3056 538 3122 nilla
556 3057 678 3141 'l'ymar
694 3054 908 3122 existentibus
924 3057 982 3123 illa
997 3063 1029 3122 ct
1044 3054 1158 3122 eadem
1175 3071 1252 3140 gan-

118 3159 221 3229 dcant
235 3161 406 3247 libertate,
446 3183 511 3248 qua
536 3164 634 3232 ceteri
660 3165 784 3231 nobiles
805 3164 911 3247 Regni
927 3163 1028 3230 nostri
1046 3161 1251 3246 perfruuntur

119 3269 182 3334 sub
198 3269 318 3348 uexillo
334 3271 437 3354 Regio
454 3271 641 3338 militantes.
666 3273 705 3338 ln
731 3273 822 3338 cuius
849 3273 897 3337 rei
917 3268 1102 3338 memoriam
1118 3268 1252 3334 firmita-

118 3383 250 3461 temque
280 3385 469 3465 perpetuam
494 3386 661 3465 presentes
686 3379 904 3446 concessimus
929 3377 1058 3444 litteras
1085 3375 1250 3462 dupplicis

120 3483 226 3570 sigilli
244 3485 346 3552 nostri
361 3486 537 3553 munimine
553 3489 710 3554 robertus.
751 3489 872 3553 Datum
898 3505 955 3572 per·
980 3504 1094 3552 manus
1120 3482 1252 3552 discreti

118 3591 186 3659 viri
200 3591 349 3675 Magistri
364 3591 585 3661 Bartholomei
604 3593 682 3661 aule
700 3599 810 3660 nostre
836 3591 1123 3676 Vico-(lancellarij
1142 3587 1253 3658 dilecti

22 3715 27 3723 ’
119 3707 153 3766 et
170 3699 277 3767 fidelis
293 3700 395 3767 nostri
412 3721 499 3768 anno
519 3701 651 3770 Domini
675 3703 721 3769 lll⁰
738 3700 803 3768 00⁰
819 3701 970 3784 LXXX⁰‚
994 3701 1069 3766 ΧΨ
1091 3698 1252 3767 kalendas

119 3805 335 3893 Septembris,
350 3795 530 3876 indiccione
546 3816 674 3906 octaua,
690 3809 795 3894 Regni
805 3815 912 3877 autem
922 3807 1023 3874 nostri
1034 3826 1119 3872 anno
1129 3813 1253 3872 octauo.

118 3987 260 4052 (Eredetis
279 3986 463 4054 blirhsirtydn‚
483 4003 500 4040 a
522 3991 675 4042 vbrbs-attld
694 3987 920 4056 selyemzsindron
939 3990 1049 4054 lilggtttt
1066 3981 1159 4052 pecsdt
1178 3983 1251 4035 elre-

379 4083 455 4143 ezerr,
474 4095 491 4130 a
510 4079 592 4131 budui
611 4081 661 4131 kir.
675 4079 798 4132 kamarai
810 4074 1002 4142 lertlttrbnn.)

585 4345 797 4358 nan—-n--ah
