3126 5150
546 341 702 436 ,ec-

60 538 173 624 riensi,
196 535 305 602 Paulo
330 535 423 602 Buno
450 531 490 600 de
516 533 673 600 Securino
691 531 816 598 Gemite
840 532 882 598 de
906 532 1066 618 Dobakn,
1091 533 1195 616 llloys

62 645 176 714 Comite
192 641 397 728 simigiensi,
420 641 574 710 lohanne
591 639 717 708 comite
733 639 959 726 supruniensi,
983 636 1112 706 Dedolo
1127 638 1186 706 Go-

61 755 130 822 mite
153 749 367 836 anadlensi,
402 756 434 818 et
461 749 536 836 elijs
561 768 658 832 quum
690 747 837 834 pluribus
862 747 1077 814 Comitatibus
1103 745 1188 833 (lgy)

61 859 155 944 Regni
172 857 364 928 tenentibus
380 865 412 925 et
426 858 576 926 bonores.

64 1041 193 1099 (Eredetie
207 1035 394 1105 bdrltu'rrtydn,
416 1053 433 1088 a
455 1037 617 1089 barna-zdld
639 1034 868 1122 oelyemzsindrorr
888 1035 996 1100 tuggon
1007 1034 1102 1100 peccet
1115 1035 1189 1085 elre-

68 1137 145 1190 szett,
166 1144 181 1179 s
205 1129 293 1180 budei
317 1129 368 1178 kir.
391 1128 515 1179 inmersi
536 1123 715 1179 levtlldrbun.
735 1123 887 1176 Tdredelret
909 1124 1003 1174 lriadla
1025 1123 1105 1188 Fejdr
1127 1124 1190 1175 Cod.

417 1217 491 1283 Dipl.
513 1218 547 1268 V.
560 1217 617 1267 kdt.
640 1219 665 1266 2.
679 1232 700 1265 r.
727 1215 786 1264 117.
801 1211 830 1276 l.)

515 1481 731 1496 μ*

602 1839 652 1906 16.

63 2042 114 2107 IV.
131 2043 247 2108 [11¹⁸de
262 2042 440 2127 kir·dlyoolc
455 2039 597 2104 Medokeo
607 2089 617 2120 ,
642 2037 867 2126 Lipto'ifo'ldet
892 2043 1047 2126 tdrpyozd
1063 2040 1203 2108 adorno·

159 2175 225 2236 oya
246 2149 405 2238 Tyccoe'e
426 2147 579 2230 Tioadcr,
599 2145 717 2214 isitium
724 2147 790 2230 fici
804 2151 960 2213 szdmcirc.
986 2152 1084 2216 1273.

165 2361 346 2430 Ladizlcus
376 2361 440 2428 Dei
470 2362 584 2446 gracia
615 2361 803 2448 Hungarie‚
830 2362 1018 2445 Damocle,
1043 2361 1189 2446 Groneie,

63 2473 179 2559 Reme,
203 2471 339 2554 Seruie,
364 2469 524 2554 Gallicie,
548 2469 758 2555 Lodomerie,
783 2469 948 2554 Cumanie,
974 2468 1193 2554 Bulgarieque

62 2582 128 2645 Rex
144 2579 299 2647 omnibus
317 2575 438 2644 Christi
464 2574 614 2645 fidelibus
639 2597 773 2662 presens
798 2578 957 2662 scriptum
982 2576 1193 2661 inspecturis,

64 2686 200 2752 salutem
226 2687 261 2751 in
277 2684 419 2752 omnium
445 2683 619 2752 calcatore.
652 2683 754 2770 Regio
770 2681 983 2750 celsitudinis
999 2684 1107 2752 extitit
1126 2683 1192 2752 olli-

65 2795 153 2878 oium,
169 2793 325 2879 precibus
341 2790 599 2859 condescendere
619 2791 847 2878 subiectorum,
874 2796 909 2857 ut
926 2789 1002 2855 dum
1018 2793 1104 2858 uotis
1120 2813 1193 2876 pro-

64 2900 194 2985 spicitur
211 2899 397 2984 eorundem,
408 2899 641 2968 famolancium
657 2919 811 2968 numerus
827 2905 975 2984 augetur.
992 2897 1134 2966 Proinde
1150 2900 1193 2966 nd

63 3009 286 3075 uniuersorum
311 3014 381 3073 tam
399 3007 622 3094 presencium,
649 3027 747 3092 quam
767 3007 949 3074 futurorum
965 3006 1120 3073 noticiam
1136 3009 1193 3074 he-

64 3137 129 3181 mm
155 3115 242 3182 serie
276 3115 458 3182 litterarum
494 3117 645 3183 uolumus
674 3115 864 3202 peruenire;
897 3114 984 3197 quod
1009 3115 1136 3198 Tywen
1162 3122 1194 3182 et

63 3221 266 3290 Theodorius
291 3223 352 3306 filij
369 3222 489 3288 Villam
506 3222 548 3288 de
564 3221 668 3307 Olozy
695 3221 738 3289 nd
753 3227 897 3290 nostram
914 3221 1127 3308 personaliter
1142 3240 1194 3286 uc-

64 3327 213 3397 cedentes
230 3329 445 3414 presenciam,
470 3330 634 3413 quondam
659 3331 853 3416 perticulam
878 3337 964 3398 terre
988 3329 1022 3396 in
1038 3328 1193 3397 Medelres

64 3433 100 3503 de
114 3437 224 3523 Lypto
241 3434 437 3502 existentem
453 3435 613 3504 instanter
629 3438 730 3521 peciit
745 3457 766 3503 a
782 3438 876 3506 nobis
892 3439 953 3506 sibi
971 3437 1051 3505 dari.
1076 3437 1194 3506 Verum

64 3544 137 3624 quin
153 3545 197 3610 de
212 3543 328 3612 ecdem
349 3551 439 3611 terra
455 3545 578 3611 neritus
598 3545 691 3612 nobis
708 3565 773 3611 non
788 3553 925 3630 constet,
950 3567 1010 3614 nec
1026 3545 1196 3634 certitudo,

65 3659 93 3716 et
122 3657 233 3717 utrum
264 3659 375 3720 nostre
406 3652 579 3720 collacioni
604 3655 648 3720 sit
666 3653 830 3738 pertinens
862 3671 923 3720 nee
953 3674 1012 3738 ne,
1044 3653 1196 3722 fidelibus

64 3757 182 3826 nostris
209 3758 381 3844 Preposito
407 3765 439 3828 et
463 3761 644 3828 donnentui
671 3758 711 3827 de
735 3760 843 3828 Turch
868 3759 1048 3829 direximus
1072 3760 1196 3845 scripta

64 3873 183 3950 nostra,
203 3866 261 3950 qui
277 3866 372 3935 nobis
387 3867 621 3952 rescripserunt
637 3868 672 3934 in
689 3868 773 3934 hunc
789 3868 920 3936 modum
938 3894 946 3934 :

170 3975 458 4042 Excellentissimo
483 3976 623 4043 Domino
647 3977 793 4062 ipsorum
818 3977 977 4044 Ladizlac
1001 3976 1063 4044 Dei
1082 3977 1197 4062 grecia

65 4079 184 4148 illustri
213 4081 295 4166 Regi
311 4083 488 4168 Hungarie,
524 4084 659 4152 Juenka
684 4083 896 4152 miseracione
912 4083 1034 4152 Diuinn
1049 4087 1196 4170 Prepesi-

63 4195 111 4254 tus
126 4195 160 4256 et
178 4187 368 4257 Conuentus
385 4191 531 4258 Ecclesie
555 4193 656 4258 Beate
672 4192 818 4277 Uirginis
844 4191 886 4260 de
902 4191 1010 4262 'l'urch
1026 4175 1197 4262 ordciones

61 4296 92 4360 in
117 4295 252 4362 Christo
276 4296 406 4366 debitae
432 4318 472 4366 ac
497 4299 645 4368 denotas.
681 4299 822 4368 Litteras
846 4302 963 4369 Uestre
988 4301 1198 4370 celsitudinis

62 4399 186 4469 honore
204 4421 267 4485 quo
283 4403 393 4472 decuit
409 4407 592 4494 recepimus
608 4408 642 4474 in
659 4409 719 4476 hec
734 4411 834 4478 uerba
851 4435 858 4474 :

169 4509 350 4580 Ledizleus
366 4514 429 4583 Dei
453 4515 567 4600 grecie
582 4515 651 4583 Rex
665 4517 835 4600 Hungarie
859 4515 1010 4585 fidelibus
1036 4517 1104 4584 suis
1120 4517 1196 4585 Pre-

62 4619 169 4702 posito
188 4625 223 4684 et
239 4619 421 4688 Conuentui
447 4621 487 4690 de
502 4619 609 4690 'lorch
632 4623 773 4693 sulutem
790 4633 822 4692 et
838 4623 995 4709 graciam.
1019 4624 1205 4711 Noueritis,
