3140 5150
798 237 954 337 *rc-4-

313 441 364 508 bis
381 435 531 506 studeant
546 433 666 500 referre
682 433 759 498 vina
773 451 861 498 voce.
886 432 1002 515 Itaque
1027 429 1126 517 ijdem
1151 430 1228 517 socij
1254 434 1355 500 nostri
1371 434 1434 500 Sta·

311 549 438 635 phanus
454 543 712 610 Archidiaconus
728 546 760 606 et
775 539 930 624 Magister
947 540 1077 625 Mykov,
1102 541 1219 622 quibus
1238 540 1271 606 in
1290 542 1432 608 omnibus

311 665 343 723 et
359 675 417 741 per
433 653 541 720 omnia
566 647 768 735 confidimus,
793 649 835 714 ad
861 669 920 715 nos
948 647 1119 716 redeuntes
1136 648 1230 716 nobis
1247 649 1282 715 in
1298 669 1434 736 persona

311 765 490 832 retulerunt
505 763 582 828 uiua
606 778 703 844 voce;
729 757 815 843 quod
846 757 1011 843 predictus
1036 757 1224 826 Hemerions
1254 757 1342 824 filius
1369 756 1434 823 Sta·
1560 783 1561 792 ι

310 871 410 957 phani
425 868 508 936 Bani
524 885 633 932 coram
649 863 778 932 Abbate
796 870 828 930 et
844 865 1014 931 Conuentu
1024 864 1244 950 Waradyensi
1262 865 1297 931 in
1308 863 1434 950 propria

308 998 448 1065 persona
464 970 688 1060 comparando,
705 972 836 1038 totalem
847 973 1085 1058 possessionem
1101 993 1193 1040 suam
1206 971 1434 1041 hereditariam
1477 983 1482 998 '

308 1089 492 1154 Kurumzov
507 1087 655 1149 uocatam
676 1080 707 1146 in
725 1081 887 1147 Comitatu
913 1077 953 1148 de
978 1082 1107 1148 Barana
1126 1081 1328 1168 existentem,
1361 1103 1432 1151 eon·

306 1195 429 1278 tignam
454 1191 643 1261 etvioinam
676 1189 933 1273 possessionibus
965 1191 1263 1273 prenominatorum
1296 1189 1432 1257 filiorum
1560 1281 1561 1285 Ἰ

309 1301 441 1368 Comitis
457 1298 577 1384 Klethy
592 1319 612 1364 a
627 1304 721 1383 parte
736 1297 1001 1385 septemtrionali,
1026 1297 1221 1364 occidentali
1236 1305 1269 1365 et
1285 1300 1429 1368 meridio-

305 1409 374 1474 nali
390 1405 625 1492 adiacentibus,
649 1405 689 1470 de
704 1411 797 1491 parte
815 1425 889 1472 vero
915 1404 1065 1472 orientali
1090 1406 1185 1472 terris
1210 1406 1431 1475 Ecclesiarnm

306 1516 346 1582 de
362 1515 485 1602 Baeba,
510 1514 550 1580 de
568 1511 745 1598 (lykathor,
770 1511 926 1600 Thythyl,
951 1513 1148 1600 Zebeguyna
1172 1519 1206 1582 et
1233 1511 1273 1580 de
1303 1515 1427 1602 Waohy

303 1624 537 1708 sicin-antibus,
561 1641 633 1687 oum
664 1621 814 1688 omnibus
845 1621 1037 1688 utilitatibus
1068 1622 1137 1688 suis
1163 1627 1195 1687 et
1218 1623 1427 1710 pertinencijs

302 1731 471 1816 uniuersis,
493 1727 692 1796 uendidisset
717 1747 796 1814 pure
820 1728 974 1814 predictis
1000 1729 1117 1796 Comiti
1148 1729 1327 1816 Ladynlao,
1361 1731 1425 1796 Ma-

302 1839 404 1924 gistro
424 1837 590 1923 Phylpus,
618 1843 650 1904 et
675 1837 831 1919 Gregorio
857 1837 933 1904 liliis
961 1837 1094 1904 Comitis
1120 1837 1247 1923 (lhethy
1274 1837 1364 1927 (lgy)
1389 1861 1426 1906 ae

302 1946 376 2013 filiis
392 1931 529 2013 filiorum
546 1964 677 2012 suorum
697 1965 755 2031 pro
781 1953 909 2012 centurn
934 1947 1052 2013 marcis
1078 1944 1133 2012 fini
1157 1946 1284 2030 argenti
1309 1945 1424 2012 ibidem

301 2052 389 2138 prius
405 2053 583 2120 numeratis
610 2059 642 2119 et
669 2053 805 2139 receptis
830 2052 872 2120 ab
888 2051 1020 2138 eisdem,
1044 2052 1298 2122 irreuocabiliter
1313 2062 1345 2121 et
1360 2055 1425 2122 iure

300 2167 459 2245 perpetuo
489 2161 733 2245 possidendam.
758 2160 950 2244 Quicunque
975 2168 1083 2228 autem
1110 2168 1141 2229 st
1168 2161 1423 2245 quandocunque
1491 2247 1494 2253 ι

304 2267 393 2352 ipsos
409 2268 566 2334 Comitem
582 2268 792 2355 Ladyzlaum,
817 2269 1007 2352 Magistrum
1024 2269 1170 2356 Phylpus
1186 2277 1218 2335 et
1235 2269 1422 2352 Gregorium

300 2371 432 2440 racione
463 2373 549 2441 dicte
574 2375 788 2460 possessionis
813 2377 999 2445 Kurumzov
1023 2377 1194 2444 molestare
1225 2375 1419 2461 intenderet;

300 2476 386 2546 idem
402 2481 609 2569 Hemerykus
633 2489 665 2548 at
683 2483 734 2548 sui
750 2503 953 2552 successores
979 2487 1067 2570 ipsos
1092 2483 1175 2551 lilios
1201 2484 1338 2550 Comitis
1351 2483 1419 2552 Ole-

297 2585 356 2671 tby
371 2587 529 2654 tenebitur
547 2588 698 2674 expedire
715 2595 746 2656 et
762 2610 820 2674 per
845 2591 955 2658 omnia
979 2590 1149 2675 defensare
1174 2591 1317 2678 propriJs
1333 2593 1418 2659 labo·

297 2693 386 2760 ribus
415 2701 447 2762 at
472 2697 631 2781 expensis.
656 2698 695 2762 Et
722 2699 978 2784 quandocunque
1007 2697 1077 2783 ipse
1106 2698 1305 2785 Hemerycns
1335 2700 1420 2767 filins

192 2891 195 2898 Ι
294 2801 453 2886 Stephani
468 2804 551 2870 Bani
566 2804 781 2890 personaliter
811 2806 844 2872 is
868 2815 981 2874 nostra
1008 2806 1178 2892 presencia
1194 2808 1421 2892 comparuerit,

294 2907 444 2980 dabimus
461 2913 589 2979 litteras
614 2920 744 2980 nostras
769 2914 990 3000 priuilegiales
1015 2914 1192 2982 secundum
1216 2919 1422 3001 presencium

294 3013 472 3086 litterarum
487 3018 544 3105 filij
549 3039 564 3085 s
581 3017 717 3087 comitis
734 3019 851 3108 Olethy
867 3023 1049 3090 antedictis.
1072 3023 1192 3090 Datum
1209 3043 1295 3090 anno
1311 3024 1423 3106 gracie

292 3123 337 3188 Μο
341 3122 405 3190 00⁰
406 3126 511 3192 LXX⁰
527 3128 653 3212 sextos
645 3129 893 3212 rnquintaleria
909 3135 985 3197 ante
1004 3129 1244 3198 festumSancti
1261 3131 1422 3216 Mykolai.

398 3234 519 3300 Kaout:
488 3234 645 3320 lSuper
661 3241 749 3302 terra
765 3235 951 3305 Kurmuzov
965 3243 1084 3304 uocata
1093 3258 1221 3322 ,quam
1238 3238 1294 3321 filij
1314 3239 1426 3306 Comi·

289 3337 331 3403 tis
347 3338 462 3425 Olethy
478 3343 520 3408 ab
536 3343 715 3430 Hemeryoo
732 3364 790 3429 pro
807 3351 932 3412 centum
949 3346 1067 3413 marcis
1084 3353 1319 3430 compararunt.

192 3521 193 3524 ’
289 3515 352 3582 (Ειιι
355 3519 425 3569 dotia
444 3520 493 3570 bd
494 3515 622 3587 halrtyan
640 3521 764 3576 akrdl
765 3524 794 3575 bl
807 3525 895 3575 oda
878 3541 959 3590 nmyo
933 3531 1000 3576 molt
1013 3523 1152 3592 trpaeset
1165 3525 1255 3578 eluas
1257 3531 1304 3588 att,
1330 3543 1348 3578 ι
1375 3529 1430 3579 bu-

611 3612 656 3662 dai
687 3613 738 3663 kin
761 3611 884 3665 kamaraci
903 3612 1093 3680 levdlttrbun.)
