3118 5158
815 329 975 428 ...iff-

331 526 451 610 disset,
477 531 509 592 et
533 543 592 610 per
617 523 773 590 Comitem
798 522 963 590 Abraham
990 520 1032 589 de
1046 522 1179 608 Byzinio
1204 523 1305 590 stetui
1331 521 1453 589 fecisset
1528 594 1532 598 ,

330 634 365 700 in
390 633 473 700 filios
499 632 639 699 filiorum
669 637 823 715 perpetuo
850 630 1093 717 possidendam.
1120 633 1182 696 stb.
1220 632 1341 698 Datum
1368 631 1453 697 Bude

330 739 583 825 quadragesimo
613 737 667 804 die
699 744 886 805 octabarum
917 737 993 807 sesti
1025 739 1118 806 Beati
1150 739 1282 824 Georgij
1315 737 1452 805 martiris

332 869 418 914 anno
434 847 565 914 Domini
581 845 755 913 millesimo
771 843 1090 930 quadringentesimo
1106 845 1285 913 vndecimo.

332 1027 468 1094 (Eredetie
488 1021 704 1090 biirhirtyin,e
726 1021 874 1090 kirtilyrrek
894 1022 973 1078 initui
987 1027 1039 1076 oda
1058 1033 1181 1092 nyomott
1193 1025 1313 1093 pecsbtjs
1335 1025 1419 1090 alatt3
1439 1041 1453 1076 ι

645 1115 732 1166 budal
752 1116 804 1166 lrir.
823 1115 945 1166 kameral
965 1111 1155 1181 leriltirban.)

829 1775 831 1780 ·
867 1738 923 1807 tr.

334 1939 374 2002 X.
400 1935 534 2022 Gerqely
552 1942 646 2024 pcipe
680 1936 713 2003 V.
738 1937 849 2002 Istccin
873 1939 905 2002 es
930 1935 987 2002 IV.
1009 1935 1124 2000 Lente
1146 1935 1364 2021 kirdiyokaok
1383 1936 1457 2022 Epo!

333 2047 486 2132 euprepes
512 2047 666 2130 teir-pyctae
689 2047 886 2130 odorncioycit
911 2067 951 2108 az
975 2045 1156 2128 eszterpomi
1179 2046 1298 2129 epybdz
1313 2048 1456 2108 ezdrrdra

594 2153 842 2254 beiybenbcpyjo
858 2155 889 2218 eo
904 2155 1086 2238 owqerbsr'ti.
1111 2153 1207 2218 1274.

442 2347 621 2431 Gregorius
652 2347 833 2432 Episcopus
872 2365 985 2414 seruus
1024 2367 1189 2414 seruorum
1220 2345 1300 2425 Dei,
1332 2345 1458 2414 dilectis

334 2455 411 2540 filijs
427 2454 577 2538 Capitulo
593 2452 739 2520 Ecclesie
756 2453 991 2536 strigoniensis
1016 2455 1152 2521 salntem
1179 2461 1212 2520 et
1237 2453 1457 2540 Apostolicam

335 2561 601 2630 benedictionem.
626 2559 706 2629 Oum
732 2561 861 2629 anobis
883 2563 1012 2648 petitur,
1038 2563 1124 2646 quod
1150 2563 1270 2629 iustum
1287 2570 1337 2630 est
1362 2561 1459 2629 etho

335 2676 473 2750 nestum,
498 2674 565 2733 tam
590 2668 682 2752 uigor
707 2669 876 2752 equitatis,
902 2689 1000 2754 quam
1027 2669 1104 2734 ordo
1130 2668 1231 2752 exigit
1256 2671 1403 2758 rationis,
1427 2677 1459 2735 nt

336 2777 368 2842 in
395 2797 453 2860 per
477 2773 729 2842 sollicitudinem
760 2775 857 2860 officij
890 2777 992 2844 nostri
1023 2776 1064 2844 ad
1092 2776 1237 2843 debitum
1267 2778 1461 2863 perducatur

335 2883 494 2951 effectum.
518 2881 678 2950 Exhibita
702 2883 860 2966 siquidem
886 2885 978 2951 nobis
994 2890 1104 2951 uestra
1128 2884 1245 2968 peticio
1265 2887 1459 2968 continebat,

305 3037 309 3044 -
335 2989 421 3075 quod
445 2990 532 3057 clare
557 2990 711 3057 memorie
726 2989 912 3076 Stephanus
940 2993 1009 3058 Rex
1025 2991 1167 3075 Vngsrie
1192 2991 1303 3059 sillam
1324 2993 1366 3060 de
1381 2991 1461 3077 Epel

335 3103 369 3168 in
384 3101 547 3168 comitatu
572 3099 787 3182 Strigoniensi
812 3101 1013 3186 existentem,
1037 3100 1080 3165 sd
1096 3100 1217 3182 Regem
1237 3099 1344 3184 ipsum
1363 3098 1462 3164 libere

336 3210 560 3295 pertinentem,
588 3229 661 3274 cum
677 3209 824 3275 omnibus
841 3208 965 3277 iuribus
989 3215 1021 3274 et
1042 3207 1253 3294 pertinencijs
1269 3208 1347 3291 suis,
1370 3206 1463 3272 uobis

336 3325 368 3383 et
383 3315 598 3399 Strigoniensi
619 3315 767 3382 Ecclesie
792 3337 853 3401 pro
879 3313 1019 3402 remedio
1045 3315 1152 3381 anime
1178 3314 1289 3381 inclite
1315 3311 1463 3380 recorda·

336 3425 440 3490 cionis
466 3425 545 3490 Bele
569 3424 669 3507 Regis
688 3424 850 3508 Vngarie,
884 3423 990 3508 patris
1016 3423 1093 3490 dicti
1118 3421 1285 3510 Stephani,
1310 3421 1407 3488 duxit
1431 3421 1463 3486 in

336 3537 525 3616 perpetuam
542 3531 751 3596 elemosinam
766 3528 1020 3617 concedendam,
1033 3537 1066 3598 et
1081 3531 1268 3598 carissimus
1284 3530 1318 3595 in
1335 3529 1466 3595 Christo

336 3638 424 3703 tilius
449 3641 559 3704 noster
582 3633 758 3702 Ladinlaus
782 3638 852 3704 Rex
876 3637 1020 3721 Vngarie
1044 3638 1196 3724 Illustrls,
1223 3635 1466 3706 concessionem

336 3739 520 3810 huiusmodi
544 3748 650 3808 rotam
676 3743 817 3827 babens,
853 3763 924 3810 eam
956 3745 1154 3810 liberalitate
1179 3743 1283 3826 Regia
1307 3763 1349 3808 ex
1377 3751 1469 3808 certa

338 3850 476 3918 scientia
513 3851 728 3935 approbabit,
762 3858 857 3936 prout
882 3851 915 3916 in
941 3853 1129 3935 patentibus
1153 3849 1269 3916 litteris
1292 3849 1371 3915 inde
1397 3869 1468 3914 eon·

337 3961 440 4042 sectis,
466 3961 608 4044 ipsorum
625 3957 782 4044 Stephani
808 3965 840 4025 et
856 3959 1002 4026 Ladinlai
1024 3959 1144 4044 sigillis
1164 3957 1308 4042 munitis,
1333 3957 1469 4039 plenius

337 4068 455 4133 dicitur
478 4065 647 4132 contineri.
680 4067 749 4133 Nos
773 4065 885 4151 itaque
910 4070 1028 4134 uestris
1054 4064 1351 4152 supplicationibus
1378 4065 1469 4131 incli-

337 4175 426 4258 nati,
450 4173 538 4256 qood
562 4193 660 4258 snper
685 4172 746 4240 boc
771 4172 824 4258 pie
849 4191 888 4238 ec
913 4173 1050 4259 procide
1074 4173 1197 4238 factum
1221 4179 1280 4258 est,
1307 4177 1420 4237 ratum
1441 4177 1472 4237 et

337 4287 465 4366 metum
482 4280 659 4364 babentes,
683 4279 716 4345 id
741 4279 934 4346 auctoritate
958 4279 1148 4365 Apostolioa
1175 4279 1473 4364 confirmamus,-et

337 4389 496 4476 presentis
521 4387 634 4471 scripti
659 4387 836 4473 patrocinio
862 4387 1106 4454 communimus.
1130 4387 1221 4454 Nulli
1241 4405 1319 4470 ergo
1335 4387 1473 4452 omnino

338 4496 506 4562 hominum
532 4497 633 4564 liceet
647 4495 732 4560 banc
758 4494 910 4580 paginam
928 4502 1057 4561 nonstre
1082 4493 1333 4560 confirmationis
1357 4493 1473 4560 infrin-

337 4625 430 4691 gere,
464 4605 515 4670 uel
543 4605 570 4668 ei
598 4623 680 4669 ausu
709 4603 882 4670 temerario
907 4603 1077 4669 contraire.
1113 4603 1147 4669 Si
1174 4601 1246 4685 quis
1273 4607 1387 4668 autem
1415 4601 1476 4668 boe
