3138 5164
821 285 975 384 jus-

321 480 433 562 itaque
449 476 661 562 attendentes,
677 474 764 560 quod
779 493 881 541 causa
906 474 1089 544 huiusmodi
1112 476 1155 543 dc
1178 475 1356 542 maioribus
1384 494 1454 540 cau-

316 585 370 652 sis
386 585 507 669 existit,
526 602 662 665 quarum
678 582 873 648 examinatio
890 589 922 650 et
934 582 1055 650 decisio
1071 582 1113 650 ad
1128 583 1310 648 &manum
1325 582 1452 647 Pontifi-

322 711 393 757 cem
409 690 551 756 noscitur
565 688 752 775 specialiter
768 689 940 774 pertinere,
956 708 997 756 ac
1012 709 1071 775 per
1086 689 1146 756 hoc
1161 689 1306 755 volentes
1322 707 1450 754 causam

325 797 429 882 ipsam
445 795 577 864 tractari
593 795 682 878 apud
698 793 817 862 Sodem
836 795 1070 881 Apostolicam,
1096 803 1128 860 et
1142 797 1207 861 fine
1222 795 1380 861 canonico
1395 801 1453 860 ter·

312 902 461 988 minari,
495 901 680 968 discretioni
711 907 817 967 vestre
833 920 890 986 per
914 901 1102 986 Apostolioa
1132 903 1254 985 scripta
1280 920 1450 984 monemus,

325 1009 477 1092 quatinus
493 1027 559 1093 uos,
575 1009 626 1072 vel
641 1006 705 1073 duo
722 1013 779 1072 aut
795 1027 879 1076 unus
890 1014 1042 1095 vestrum,
1053 1027 1112 1092 per
1126 1027 1195 1092 vos,
1211 1008 1264 1074 vel
1280 1029 1340 1092 per
1357 1009 1449 1074 alium

326 1135 382 1183 seu
399 1115 491 1199 alios,
507 1121 573 1182 tarn
590 1113 719 1180 eosdem
736 1115 927 1197 Gregorium
937 1121 970 1180 et
979 1114 1196 1201 Leonardum,
1205 1134 1304 1199 quam
1321 1115 1450 1180 clericos

325 1221 450 1306 prefate
466 1220 544 1286 ville
559 1220 787 1303 Traguriensis
804 1221 975 1304 predictos,
991 1228 1024 1286 et
1040 1220 1202 1304 quoslibet
1228 1221 1312 1286 alios
1328 1221 1453 1303 quisue

328 1327 522 1394 crediderint
546 1328 722 1410 interesse,
740 1347 780 1392 ex
795 1335 889 1412 parte
914 1335 1023 1394 nostra
1047 1327 1264 1413 peremptorie
1288 1325 1390 1390 citare
1405 1344 1453 1390 cu·

327 1435 416 1520 retis,
433 1441 468 1500 ut
484 1433 570 1499 infra
586 1453 643 1500 sex
659 1433 817 1499 mensium
827 1435 968 1520 spatium
976 1439 1051 1520 post
1062 1433 1247 1499 citationem
1265 1430 1452 1512 huiusmodi,
1547 1443 1548 1458 ¹

323 1561 447 1628 perse,
464 1539 516 1606 vel
532 1559 590 1625 per
606 1544 828 1624 procuratores
844 1539 998 1624 ydoneos,
1016 1559 1087 1608 cunr
1106 1538 1253 1606 omnibus
1270 1537 1366 1622 actis,
1384 1535 1452 1602 iuri·

327 1650 388 1715 bus
404 1654 436 1713 ct
452 1646 659 1714 munimentis
685 1647 752 1712 suis
772 1646 892 1712 dictam
925 1667 1056 1714 causam
1086 1643 1359 1730 contingentibus,
1375 1643 1451 1729 Apo·

328 1756 442 1824 stolice
458 1773 493 1821 se
510 1753 694 1838 conspectui
713 1760 935 1838 representent
944 1805 954 1838 ,
985 1753 1100 1820 facturi
1126 1763 1158 1819 et
1183 1753 1344 1837 recepturi
1361 1767 1452 1836 super

329 1862 506 1948 premissis,
522 1860 607 1944 quod
623 1859 701 1926 ordo
717 1859 887 1926 dictaverit
917 1861 1062 1928 rationis.
1079 1862 1175 1927 Diem
1200 1880 1278 1926 vero
1294 1857 1452 1924 citationis

330 1975 362 2036 et
378 1967 522 2052 formam,
540 1974 572 2032 et
586 1966 739 2051 quicquid
754 1967 831 2033 inde
841 1967 993 2052 feceritis,
1011 1967 1105 2034 nobis
1120 1987 1179 2053 per
1196 1972 1323 2034 uestras
1331 1965 1453 2031 litteras

330 2075 444 2141 harum
460 2075 575 2142 seriem
591 2075 790 2142 continentes
806 2073 944 2140 fideliter
961 2073 1126 2142 intimetis.
1144 2076 1265 2140 Datum
1280 2073 1383 2138 Reate
1398 2069 1452 2134 Vl.

330 2181 492 2248 kalendas
508 2179 665 2266 Octobris,
683 2181 895 2248 Pontificatus
911 2181 1011 2248 nostri
1027 2201 1113 2246 anno
1129 2159 1246 2264 primo.'

204 2413 205 2417 ,
324 2356 467 2426 (Thciner,
481 2359 581 2408 Vetera
600 2357 773 2408 Monumenta
783 2356 926 2408 Slavorum
937 2356 1155 2406 Meridionalium
1169 2356 1308 2408 historiam
1322 2355 1455 2404 illustran-

437 2450 476 2498 tia
489 2449 511 2500 1.
527 2449 582 2498 ket.
598 2441 657 2498 105.
672 2447 702 2509 1.;
718 2447 824 2508 LuciuS,
839 2449 968 2497 Memoris
981 2445 1098 2496 otor-ieho
1111 2447 1138 2496 di
1151 2447 1225 2496 Trou
1242 2447 1302 2495 124.
1319 2445 1348 2509 1.)

852 3181 928 3248 342.

332 3363 389 3428 IV.
406 3365 525 3430 Mittor
537 3368 632 3447 φάρει
649 3385 671 3423 ιι
686 3365 826 3446 royczai
842 3362 957 3425 dracket
974 3361 1151 3446 nacoliam,
1169 3363 1252 3446 irony
1269 3362 1383 3426 Podco
1400 3366 1452 3424 co'-
1547 3385 1548 3448 ζ

332 3493 385 3534 ros
401 3473 568 3555 hctdscith
583 3489 666 3532 arra
682 3467 805 3532 cadica
814 3514 824 3546 ,
849 3469 954 3551 miltdp
973 3490 1012 3530 ca
1037 3471 1139 3533 ottoni
1154 3470 1307 3534 ductores
1323 3477 1455 3532 statuto·

663 3575 771 3638 molent
785 3583 1012 3660 meqszanresre.
1030 3574 1127 3636 1288.

401 3835 403 3840 Δ
440 3751 591 3816 Nicolaus
607 3747 787 3834 Episcopus
803 3767 915 3814 servus
931 3767 1098 3815 servorum
1113 3749 1177 3816 Dei
1202 3747 1380 3815 venerabili
1396 3747 1454 3812 fra·

333 3858 374 3923 tri
391 3905 399 3920 .
417 3905 424 3922 .
443 3905 451 3922 .
468 3855 719 3942 Archiepiscopo
736 3854 903 3938 Ragusino
928 3853 1067 3922 salutem
1083 3862 1116 3922 ct
1131 3855 1351 3938 Apostolicam
1366 3857 1455 3921 bene·
1547 3871 1548 3902 1

333 3961 514 4030 dictionem.
546 3963 653 4030 Movet
683 3963 825 4030 animum
850 3967 1054 4046 mentemque
1086 3961 1260 4049 sollicitat,
1292 3961 1456 4028 commissa

333 4068 427 4138 nobis
458 4089 479 4134 a
508 4069 646 4134 Domino
677 4087 772 4154 super
804 4068 983 4136 custodiam
1015 4070 1125 4152 gregis
1150 4069 1201 4136 sui
1233 4089 1311 4134 cura
1342 4066 1454 4134 sollici·
1547 4099 1548 4140 r

223 4211 232 4218 -
332 4175 453 4242 tudinis
483 4173 657 4259 generalis,
693 4181 727 4238 ut
757 4173 798 4240 de
815 4174 1003 4244 dilectorum
1029 4174 1167 4241 filiorum
1187 4215 1208 4240 ·.
1226 4221 1234 4239 .
1251 4221 1259 4238 .
1277 4171 1457 4254 Potestatis

333 4281 557 4368 Antianorum,
582 4279 848 4348 Conciliaricrum
881 4289 913 4347 ct
929 4281 1116 4348 Communis
1148 4281 1390 4368 Paduanorum,
1418 4297 1457 4342 ac
1547 4359 1548 4362 Ἴ

335 4385 483 4454 divitatis
516 4383 657 4472 ipsorum
684 4390 801 4454 statum
843 4406 998 4474 prospero
1029 4405 1158 4473 semper
1188 4383 1364 4452 refovendo
1393 4402 1458 4450 suc·
1547 4439 1548 4468 ,

332 4507 449 4573 ccssu,
480 4493 582 4577 patris
613 4511 700 4559 more
732 4491 874 4558 benivoli
900 4493 1012 4560 sedulo
1045 4493 1244 4578 cogitantes,
1260 4511 1316 4559 ecs
1332 4510 1459 4576 quorum
1547 4515 1548 4520 ¹
