3138 5164
673 887 750 954 336.

133 1065 198 1130 Ν.
215 1062 335 1129 roseto
359 1064 538 1145 ueraryaae
566 1065 659 1128 zera
677 1073 759 1128 aeuo
777 1065 885 1152 ferse
901 1023 1056 1154 termo
1080 1067 1266 1154 aamaaya

223 1171 374 1254 Zemple'n
390 1174 555 1253 odrmepye
572 1169 640 1234 roob
657 1172 876 1258 oerobbdyyo
891 1177 1054 1241 szdrrrdra.
1073 1173 1171 1239 1278.

244 1345 419 1411 Ladinlaus
445 1345 508 1411 Dei
549 1345 661 1429 graeia
687 1347 862 1430 [iungaris
904 1348 1082 1434 Dalmaoie,
1115 1346 1266 1432 Oroseie,

128 1455 246 1536 Rome,
257 1449 381 1529 Seruio,
399 1451 547 1537 Gallicis,
565 1451 767 1538 Lodomerie‚
786 1453 942 1522 Oumauio
957 1453 1175 1540 Buigarieque
1191 1455 1261 1522 Rex

124 1559 283 1626 omnibus
298 1555 419 1622 christi
436 1553 585 1623 fidelibus
602 1565 782 1642 presentem
798 1559 952 1653 paginam
968 1560 1261 1647 inspeoturissalu·

130 1673 198 1734 tem
212 1665 249 1731 in
264 1661 405 1730 omnium
423 1663 597 1728 saluatore.
627 1665 680 1730 Ad
711 1664 931 1730 uniuersorum
961 1666 1115 1732 notioiam
1146 1673 1258 1734 tenore

129 1769 333 1858 presenoium
349 1769 498 1834 uolumus
514 1771 705 1854 peruenire;
723 1771 809 1853 quod
825 1771 940 1838 Comes
956 1771 1141 1840 Demetrius
1169 1773 1255 1841 iilius

129 1877 262 1944 Andree
272 1875 313 1942 de
329 1894 449 1959 genere
464 1875 555 1942 Rusd
571 1873 614 1940 ad
630 1878 1190 1962 nostramaooedenspreseueisma
1206 1897 1263 1946 uo-

125 1983 180 2050 'bis
197 1983 434 2050 instantissimo
450 1979 665 2066 supplicando
681 1984 870 2069 postulauit
895 1991 931 2050 ut
946 1984 1109 2068 quandam
1135 1991 1256 2051 terram
1310 2069 1313 2077 Ι

121 2089 222 2156 Zuda
236 2096 398 2173 vocatam,
415 2088 520 2154 Gastri
537 2089 639 2157 nostri
655 2087 698 2153 de
712 2090 857 2175 Zemleu‚
875 2109 938 2174 quo
953 2089 1061 2156 eidem
1078 2111 1136 2176 per
1151 2090 1253 2156 domi·-

91 2269 95 2277 ,
123 2217 207 2264 num
222 2197 344 2280 Regem
359 2193 561 2278 Stephanum
586 2201 711 2280 patrem
738 2203 884 2262 nostrum
908 2196 1118 2264 karissimum
1134 2197 1256 2264 ooliata

125 2302 234 2369 fuerat
248 2321 321 2368 oum
339 2301 514 2386 priuilegio
527 2318 586 2366 suo
609 2299 803 2384 roborando,
827 2309 859 2368 et
882 2321 942 2387 per
964 2321 1024 2368 nos
1048 2299 1254 2388 postmodum

124 2409 230 2494 ipsius
246 2406 413 2474 karissimi
428 2408 531 2490 patris
546 2405 649 2473 nostri
665 2407 803 2474 donacio
818 2410 1017 2494 confirmata,
1040 2406 1209 2475 Lukaehio
1224 2413 1258 2474 et

126 2517 215 2582 Ezen
243 2513 322 2599 fliijs
355 2513 491 2581 Andron
509 2509 742 2580 dimidietatem
774 2513 876 2597 ipsius
907 2520 1011 2597 terre;
1042 2514 1119 2581 item
1150 2515 1251 2581 aliem

119 2621 360 2690 dimidietatem
374 2620 514 2687 iohanni
527 2619 589 2706 (et)
612 2619 765 2702 Miehoeli
780 2621 854 2706 fiiijs
886 2621 1058 2708 Keoohem,
1092 2627 1123 2688 et
1155 2621 1251 2688 Luka

122 2728 266 2812 patrueli
283 2724 478 2811 eorumdem,
495 2725 712 2794 seruientibus
729 2726 808 2812 suis,
822 2729 901 2794 dore
918 2734 951 2794 et
967 2729 1114 2794 oonierre
1129 2725 1171 2792 de
1196 2729 1250 2795 be

122 2833 284 2918 nignitate
299 2833 401 2916 Regis
416 2833 636 2916 dignaremur.
654 2835 720 2900 Nos
735 2835 834 2917 igitur
858 2834 1074 2901 consideratis
1098 2835 1247 2919 seruioijs

122 2948 156 3005 et
170 2939 380 3008 fidelitatibus
395 2939 593 3023 prefatorum
612 2941 751 3006 tiliorum
784 2939 912 3008 Andros
937 2947 970 3008 et
993 2940 1165 3026 Keeehem,
1190 2961 1254 3024 que

118 3043 223 3128 ijdem
241 3065 312 3110 eum
328 3045 414 3111 omui
426 3043 552 3111 feruore
564 3043 734 3110 fidelitatis
749 3045 783 3109 in
806 3045 955 3110 omuibus
981 3047 1248 3130 expedieiouibus

122 3151 229 3234 Regni
242 3149 355 3232 nostri,
372 3171 408 3216 se
423 3151 560 3217 diuersis
575 3151 702 3216 fortune
718 3151 849 3217 oasibus
864 3151 1091 3236 submittendo,
1108 3151 1247 3217 fideliter

118 3255 349 3339 inpenderunt,
365 3252 525 3338 prefatam
542 3264 660 3320 terram
675 3254 778 3336 nuda,
802 3275 874 3320 oum
891 3255 1039 3320 omnibus
1064 3255 1246 3326 vtiltatibus

120 3369 155 3427 et
170 3359 382 3446 pertinenoijs
402 3359 480 3446 suis,
497 3362 685 3427 memoretis
702 3359 886 3447 nonanto„
898 3362 996 3446 Eion,
1013 3360 1166 3448 iohanni,
1191 3363 1250 3429 idi·

117 3468 228 3534 ohaeli
244 3466 381 3532 etLuka
395 3468 466 3534 iure
482 3475 648 3552 perpetuo,
666 3477 698 3534 et
715 3469 747 3532 in
764 3467 919 3534 heredum
934 3468 1080 3552 herodes,
1096 3467 1247 3537 duximus

120 3573 359 3657 conferendam,
374 3575 434 3640 sub
449 3571 571 3640 eisdem
589 3575 682 3640 metis
698 3581 731 3639 ot
746 3575 912 3657 terminis,
927 3576 1045 3658 quibus
1071 3595 1128 3660 per
1145 3574 1247 3642 Gouri-

119 3690 184 3746 tem
201 3678 399 3745 Demetrium
414 3678 574 3764 prefatum
590 3679 728 3744 limitata
745 3679 850 3745 iuerat
866 3689 898 3745 et
913 3700 1074 3764 possessa.
1092 3680 1129 3747 In
1152 3681 1247 3747 ouius

94 3786 166 3851 -rei
191 3785 379 3850 memoriam
405 3793 658 3870 perpetuamque
683 3786 867 3852 firmitatem
895 3794 1063 3870 presentes
1089 3789 1247 3854 oouoessi-

118 3913 189 3960 mus
205 3893 331 3958 litteras
347 3893 508 3978 dupplieis
524 3893 623 3978 sigilli
648 3894 749 3960 nostri
764 3894 942 3959 munimine
967 3895 1150 3961 roboratas.
1175 3893 1243 3959 Da-

7 4059 8 4062 ,
116 4009 185 4065 tum
201 4015 259 4084 per
275 4020 389 4067 manus
415 4000 613 4066 venerabilis
627 4000 688 4068 viri
720 4001 869 4084 Magistri
884 4000 1041 4067 Johannis
1071 4001 1245 4085 Propositi.

113 4105 290 4190 Budensin,
304 4105 455 4173 Aliensis
469 4107 616 4174 Eeelosie
638 4108 753 4192 Eleoti,
786 4108 859 4173 aule
876 4114 983 4174 nostre
1009 4109 1087 4173 Vioe
1110 4108 1243 4175 Genesi-

114 4211 190 4296 lurij
208 4209 321 4278 dileeti
335 4218 368 4278 et
382 4212 488 4279 tidelis
503 4212 616 4280 nostri.
628 4212 721 4279 Auno
738 4213 869 4279 Domini
880 4211 1109 4279 M⁰OG⁰LXX⁰
1125 4221 1242 4280 ootouo

86 4356 88 4361 -
114 4318 221 4401 Regni
237 4323 346 4385 autem
360 4321 462 4386 nostri
478 4339 564 4386 anno
579 4321 728 4405 septimo.

115 4443 256 4506 (Eredetie
268 4439 443 4508 bdrhdrtydm
456 4459 473 4494 s
485 4441 577 4508 pecsdt
589 4445 738 4507 elresnett3
752 4458 769 4495 a
781 4441 856 4495 molt.
878 4439 944 4494 otro
955 4439 1073 4506 Perduyi
1095 4439 1188 4494 osaiid
1204 4443 1243 4494 ie-

588 4529 770 4587 vdltdrlabani

761 4589 765 4596 ι

569 4656 789 4671 w
