3138 5164
790 387 949 492 202..

411 589 586 658 Lauiniam
603 587 664 655 Dei
679 587 792 672 gracia
806 588 877 654 Rex
893 586 1041 674 Vngorie
1055 592 1118 659 stb.
1135 585 1350 673 (kevetkezik
1377 587 1433 655 w.

304 695 422 766 Ltszlo
451 696 633 782 kirtlynak
666 695 773 763 iktato
804 715 968 783 paranosa
983 695 1064 764 mint
1096 693 1229 764 ientebb
1246 697 1322 765 356.
1339 715 1386 762 sz.
1403 717 1432 762 n.

413 807 479 874 Nos
495 805 595 891 igitur
611 804 819 872 Exeellenoie
834 805 951 873 Uestre
967 804 1142 874 mandatis.
1159 811 1371 888 niteremur,
1399 802 1433 868 fi·

305 913 419 980 deliter
434 920 467 980 et
482 913 673 983 obedienter
704 909 1089 1000 satisfacere'eupientes
1106 913 1150 981 ad
1176 911 1433 981 reambulsndas

306 1027 340 1088 et
353 1019 546 1088 statuendas
562 1020 642 1086 illas
658 1020 883 1104 possessiones
899 1039 957 1086 sev
971 1027 1076 1088 terras
1102 1021 1266 1087 homiuem
1290 1025 1432 1086 nostrum

305 1129 469 1215 ydoneum
486 1133 517 1194 et
532 1125 596 1194 fide
612 1127 746 1212 dignum
771 1147 830 1213 pro
856 1127 1042 1196 testimonio
1068 1148 1141 1196 oum
1166 1129 1298 1196 homine
1323 1131 1432 1194 nestro

306 1237 490 1303 ourauimns
506 1235 679 1303 destinare.
697 1233 759 1311 Qui
770 1233 902 1301 tandem
919 1235 961 1301 ud
977 1257 1037 1303 nos
1053 1238 1175 1304 reuersi
1191 1236 1286 1304 nobis
1302 1253 1431 1300 eoncor-

307 1343 390 1411 diter
405 1343 603 1427 reeitnrnnt;
622 1342 708 1426 quod
725 1341 789 1426 ipsi
805 1343 992 1409 conuocatis
1008 1345 1242 1412 eommetuneis
1259 1351 1290 1410 et
1306 1341 1433 1425 vicinis,

306 1451 469 1539 prediatus
485 1457 589 1516 terras
614 1449 684 1528 siue
709 1448 933 1534 possessiones
962 1453 1095 1536 Mathey
1111 1461 1143 1520 et
1169 1451 1286 1519 Oosme
1310 1448 1435 1518 antedi·

308 1567 439 1642 uturum,
453 1557 487 1624 in
504 1557 677 1643 territorijs
693 1559 734 1624 de
750 1557 871 1641 annr
887 1565 919 1626 et
934 1559 975 1626 de
986 1559 1165 1627 Vdnornuk
1181 1560 1268 1627 inter
1276 1565 1383 1627 terras
1399 1565 1430 1626 et

306 1665 376 1734 alie
391 1665 463 1734 iura
485 1663 623 1732 aliorum
639 1663 803 1730 hominum
821 1666 947 1732 mixtim
964 1667 1054 1754 sitas,
1069 1687 1136 1734 vna
1152 1687 1225 1735 oum
1251 1666 1321 1734 suis
1346 1663 1430 1733 vtiii·

304 1771 436 1853 tutibus,
452 1769 603 1838 videlieet
616 1771 719 1839 tribus
735 1769 851 1855 vineis,
868 1773 1001 1858 tenetis,
1017 1775 1169 1859 virgulto,
1184 1773 1289 1861 siluis,
1300 1779 1333 1840 et
1349 1773 1428 1858 ulijs

308 1879 456 1948 omnibus
482 1876 687 1964 appendieijs
705 1884 738 1944 et
753 1878 962 1963 pertineneijs
979 1879 1046 1948 suis
1063 1880 1097 1946 in
1108 1881 1281 1965 presencia
1296 1897 1432 1947 eommo-

308 1995 478 2058 taneorum
493 1991 526 2054 et
542 1986 722 2053 rioinorum
738 1991 869 2053 suorum
885 1987 919 2052 in
935 1989 1025 2054 nullo
1040 1985 1351 2071 nontrodieeneinm‚
1366 1987 1429 2053 eis·

308 2094 383 2164 dem
398 2093 475 2181 filijs
493 2093 622 2160 Andree
638 2093 775 2178 pauitioe
790 2091 982 2160 statuissent
998 2093 1031 2160 in
1047 2101 1239 2180 perpetuum
1264 2091 1428 2178 possiden-

310 2203 381 2271 das.
399 2202 448 2268 Ex
465 2202 581 2286 quibus
599 2200 828 2269 oommetaneis
853 2206 886 2267 et
910 2201 1029 2268 vicinis
1054 2201 1163 2268 Luous
1179 2209 1212 2267 et
1235 2201 1367 2269 Blessius
1391 2197 1445 2292 de·

310 2309 442 2396 Symeg,
460 2307 555 2395 Tyba
570 2308 657 2374 filius
672 2306 823 2390 Magistri
832 2307 952 2393 Benoh,
970 2307 1057 2375 filins
1069 2305 1291 2374 Bartholomei
1301 2305 1430 2373 nomine

309 2417 464 2485 Nioolaus
479 2415 521 2482 de
538 2416 688 2502 (iernen,
705 2410 845 2483 Michael
862 2413 948 2482 tilius
966 2415 1050 2481 Sinti
1075 2414 1116 2508 de
1142 2415 1279 2501 eadem,
1305 2412 1433 2480 Blasins

310 2531 343 2592 et
357 2523 457 2592 Antei
473 2523 530 2609 filij
549 2525 655 2590 Barea
671 2522 712 2591 de
727 2525 857 2608 Zumur,
880 2523 1070 2591 Leonardns
1086 2523 1128 2590 de
1152 2523 1264 2609 Bisey,
1292 2523 1374 2589 Deru
1401 2525 1434 2588 et

310 2633 426 2701 iratres
443 2631 494 2700 sui
509 2631 568 2716 filij
587 2630 738 2718 Gregorij
756 2631 797 2699 de
811 2631 947 2716 Bersey‚
965 2639 998 2698 et
1013 2631 1126 2718 populi
1152 2629 1256 2697 nostri
1283 2629 1325 2697 de
1349 2629 1434 2716 Epel

310 2738 569 2810 reambulaeioni
594 2745 627 2807 et
652 2739 871 2824 assignaoioni
897 2739 1072 2808 earundem
1094 2745 1252 2806 terrarum
1273 2737 1344 2803 siue
1367 2756 1437 2823 pos·

297 2847 492 2917 sessionum
509 2847 732 2933 interfuerunt,
764 2868 956 2917 eonsensum
989 2853 1021 2915 et
1051 2865 1220 2915 assensum
1251 2845 1436 2929 prebentes

312 2957 413 3025 Prout
427 2957 489 3025 hee
505 2957 615 3024 omnia
631 2963 663 3024 et
679 2957 811 3043 singula
841 2957 1072 3044 premissorum
1089 2954 1131 3020 ab
1163 2952 1296 3020 homine
1326 2957 1432 3017 vestro

310 3070 344 3132 et
358 3071 467 3134 nostro
483 3064 709 3148 recollegimus
724 3070 758 3132 et
772 3063 951 3134 didioimus
966 3062 1123 3134 seriatim.
1140 3061 1262 3130 Datum
1279 3059 1313 3126 in
1339 3057 1433 3144 vigil·

311 3173 358 3243 lio
374 3174 468 3242 Beati
484 3171 608 3240 Thomu
623 3172 824 3258 Apostolioa.

312 3389 450 3454 (Eredetie
463 3384 666 3456 bttrhtrtytme
688 3384 780 3456 peestt
805 3387 952 3451 elveszett5
978 3401 996 3439 o
1021 3383 1102 3438 budai
1128 3385 1180 3437 kir.
1204 3383 1328 3435 kemarsi
1352 3357 1437 3433 lerti-

822 3472 938 3541 tauhun.)
